4034 6152
27 5539 29 5552 l

27 5605 30 5650 l

31 5893 40 5984 l

50 303 114 358 iuss
838 306 926 366 vita.
1653 313 1734 371 1034*

48 442 96 484 nec
113 427 215 495 absque
240 423 420 495 plurimorum
444 425 557 495 invidia,
574 440 644 499 ques
658 431 748 485 manen
763 434 860 500 agente
871 429 1049 497 padduotus,
1065 431 1135 486 etin
1151 429 1241 488 medio
1256 430 1418 499 collocatus,
1432 438 1461 490 et
1476 441 1541 490 tunc
1556 438 1724 506 procedente

48 519 100 572 Deo
127 521 154 572 et
179 520 275 571 saneto
303 515 437 573 mirabilis
460 517 599 588 redarguit
618 517 742 574 victoria.
772 517 864 573 linitis
904 521 1021 576 Domino
1040 521 1074 576 ad
1089 521 1179 576 missae
1194 519 1359 578 celebranda
1373 523 1511 594 mysteria,
1529 525 1668 596 inceptum
1684 539 1725 585 est

50 606 131 677 signis
153 603 337 660 illustraverat
359 606 455 662 oeulos
478 606 567 662 adbuc
581 606 729 662 viventium
746 607 866 678 [sanetus
907 608 1047 666 osticium:
1069 610 1237 667 Gaudeamus
1256 627 1343 667 antaeo
1361 612 1388 666 in
1406 614 1526 684 Domino,
1542 620 1570 671 et
1588 617 1678 672 sicud
1698 617 1727 672 d-

50 692 224 762 ddalbardus]
250 697 419 763 quaomnia
445 696 597 752 tradiderat
620 697 752 752 oblivioni
775 696 866 767 negli·
908 697 969 753 dem
985 699 1167 768 perductum;
1192 701 1287 770 sieque
1306 701 1375 757 visie
1394 700 1440 756 illa
1462 705 1581 771 evanuit,
1598 710 1626 761 et
1644 705 1729 762 irater

50 784 138 856 gentia
162 797 277 851 eorum;
303 797 365 853 quae
385 785 466 840 ctiam
488 786 597 855 juvenis
615 785 763 856 diligenter
777 787 811 842 ab
826 786 868 842 eis
908 786 1039 857 evigilans
1053 803 1114 858 qum
1129 786 1235 844 viderat
1249 803 1342 845 secum
1367 797 1534 859 pertractare
1554 794 1647 863 eoepit.
1673 795 1729 851 Co·

50 874 96 944 qui
119 873 244 928 viderant
267 879 295 929 et
316 874 344 928 in
369 874 470 944 quibus
496 873 567 930 iacta
596 874 704 932 inerant
722 876 868 948 exquisivit
909 877 1003 947 gnovit
1017 877 1084 932 satis
1099 877 1240 933 evidenter
1255 879 1319 948 quia
1333 880 1389 934 Deo
1404 880 1433 934 in
1447 881 1555 936 actibus
1568 882 1625 938 suis
1640 883 1730 954 place·

54 963 209 1036 [Geroldusl,
226 963 361 1034 exquisita
382 969 476 1033 postca
494 963 635 1022 litteravit.
910 971 971 1034 ret;
992 971 1020 1022 et
1034 965 1057 1022 si
1073 967 1149 1036 prius
1164 967 1192 1022 in
1207 969 1267 1036 ejus
1279 968 1391 1024 servitio
1405 982 1435 1024 sc
1450 969 1579 1026 devotum
1594 977 1730 1040 tenuerat,

88 1053 127 1108 15.
148 1055 214 1123 Ejus
230 1055 427 1125 progressuum
441 1055 486 1110 uic
501 1055 606 1110 Domiat
620 1057 867 1127 poetsanutiouem.
911 1060 1007 1126 postea
1033 1055 1156 1112 severius
1182 1057 1309 1126 corporis
1332 1062 1360 1113 et
1384 1059 1467 1115 animi
1491 1067 1583 1118 motus
1601 1062 1732 1120 cohibere

51 1173 85 1186 —
103 1143 147 1198 l'ir
160 1144 255 1213 itaque
269 1144 389 1209 Domini,
406 1149 435 1200 ut
454 1143 601 1200 recedente
624 1145 748 1202 claritate
768 1159 871 1217 cogno-
912 1145 1006 1214 coepit.

53 1233 89 1288 vit
110 1247 140 1288 se
158 1232 195 1288 ab
213 1232 370 1290 infirmitate
394 1233 550 1302 liberatum,
571 1240 599 1290 et
612 1235 700 1305 gratia
722 1235 824 1303 divina,
841 1240 872 1291 ut
950 1233 993 1286 l'l.
1012 1231 1075 1289 Alia
1089 1233 1165 1289 visio.
1191 1232 1373 1290 ierosolimam
1391 1235 1431 1290 ire
1449 1235 1574 1308 disponit.
1595 1239 1671 1308 Quod
1688 1255 1735 1296 ec·

52 1321 179 1386 diximus,
199 1326 254 1377 tam
276 1320 440 1378 mirabiliter
460 1324 608 1390 visitatum,
630 1337 736 1381 memor
753 1339 873 1395 evange-
912 1323 1037 1393 sequitur.
1052 1352 1089 1364 -
1111 1323 1171 1378 dlio
1187 1337 1297 1394 quoquc
1316 1328 1440 1394 tempore
1458 1331 1527 1394 erat,
1543 1327 1615 1383 sicut
1628 1329 1682 1384 sibi
1696 1328 1736 1384 vi-

54 1411 98 1466 lici
126 1410 230 1480 eloquii
253 1431 259 1466 :
286 1411 337 1478 Qui
361 1415 567 1482 perseveraverit
585 1427 669 1484 raeque
691 1415 719 1468 ia
736 1414 813 1483 {tuem
831 1414 873 1468 lu'e
914 1411 1041 1478 debatur,
1057 1412 1193 1468 insancti
1208 1414 1281 1469 Petri
1297 1415 1464 1471 monasterio
1480 1416 1615 1485 Corbeiae,
1630 1423 1658 1474 et
1672 1423 1736 1473 ante

53 1497 137 1554 solvus
155 1499 207 1556 erit
233 1498 342 1570 (Multi.
359 1501 446 1571 mv),
462 1515 492 1556 se
513 1500 681 1557 indefessum
696 1501 725 1557 in
744 1503 792 1557 Dei
811 1515 873 1558 ser·
915 1514 1035 1567 crucem,
1052 1515 1113 1570 quae
1133 1501 1161 1556 in
1181 1502 1271 1559 medio
1291 1502 1416 1559 eeclesiae
1431 1510 1484 1573 est,
1500 1505 1689 1571 consistebat;
1710 1511 1737 1562 et

53 1589 117 1644 vitio
132 1588 267 1654 exhibuit,
284 1595 312 1644 et
325 1593 388 1645 ante
401 1590 494 1646 Sancti
507 1589 656 1646 adalhardi
671 1598 699 1646 et
712 1591 765 1648 alia
780 1591 873 1647 eccle·
916 1589 1063 1646 multitudo
1090 1590 1211 1647 virorum
1239 1595 1267 1648 et
1295 1592 1439 1648 mulierum
1468 1598 1543 1650 tanta
1571 1603 1739 1654 convenerat

54 1679 100 1735 sire
114 1679 223 1746 altaria,
238 1678 356 1748 amplius
370 1693 451 1750 quam
471 1685 552 1736 antea
575 1679 689 1750 lecerat,
705 1697 734 1738 se
755 1688 874 1739 mactare.
916 1679 1002 1750 quod,
1018 1679 1071 1735 sibi
1086 1681 1158 1736 siout
1177 1680 1263 1736 visum
1282 1679 1383 1750 iuerat,
1399 1687 1485 1738 tetam
1500 1684 1644 1741 eeclesiam
1659 1701 1738 1742 com·

55 1768 146 1838 coepil.
173 1768 296 1824 Ovirum
316 1768 397 1826 laude
416 1769 538 1839 dignum,
554 1783 636 1840 quem
655 1785 707 1827 nec
729 1761 1056 1839 infirmitasBpleverat3
1078 1775 1105 1824 el
1120 1769 1157 1824 ita
1172 1783 1205 1825 eu
1221 1776 1283 1826 ante
1298 1785 1407 1827 erucem
1423 1771 1592 1829 eo'nsistente
1607 1777 1737 1846 omnique

56 1857 253 1927 aliquantisper
271 1871 287 1913 a
310 1859 358 1914 Dei
382 1858 494 1914 servitio
518 1858 677 1926 retardavit,
698 1872 749 1915 nee
772 1860 875 1915 sanitas
917 1857 1021 1928 populo
1035 1872 1130 1913 versus
1142 1872 1250 1914 erucem
1265 1860 1427 1929 aspiciente,
1440 1860 1529 1932 imago
1544 1863 1663 1932 Domini,
1675 1879 1737 1935 quae

56 1953 107 2002 tam
135 1944 300 2002 mirabiliter
328 1952 489 2016 recuperata
521 1954 599 2003 extra
626 1962 656 2004 se
687 1948 820 2004 elevavit!
853 1950 876 2003 0
917 1949 944 2004 in
960 1963 1042 2004 eruce
1067 1955 1136 2014 erat,
1152 1948 1296 2004 deseendit
1314 1949 1349 2006 de
1369 1965 1462 2020 eruce,
1478 1951 1555 2008 etad
1571 1955 1740 2024 eumquiin
1780 1974 1783 1982 ·

56 2035 160 2092 Domini
181 2041 210 2092 et
227 2034 376 2093 saluatoris
394 2037 489 2104 nostri,
505 2035 650 2094 clementia
678 2052 875 2109 usquequaque
918 2037 1008 2094 medio
1028 2037 1123 2108 populi
1147 2043 1206 2094 erat
1233 2038 1416 2108 appropiavit,
1437 2055 1555 2112 eumque
1584 2044 1684 2100 blande
1708 2059 1741 2101 ae

57 2125 241 2195 praedicanda,
271 2141 333 2197 qum
360 2127 388 2182 in
421 2127 579 2184 infirmitate
608 2129 740 2184 sustinuit
767 2143 875 2184 servum
918 2128 1018 2184 leniter
1040 2140 1196 2183 convocans
1220 2141 1270 2184 suo
1298 2129 1527 2200 neminemque
1556 2147 1635 2188 suum
1659 2147 1742 2190 manu
1792 2155 1795 2163 ¹

56 2230 144 2282 suum,
161 2230 196 2272 ne
215 2216 356 2284 deiiceret,
371 2221 399 2273 et
412 2216 523 2273 sanitati
543 2219 698 2274 restitutum
722 2219 878 2274 misericor·
919 2231 968 2272 sua
987 2215 1143 2272 demulcere
1163 2218 1257 2285 eoepit,
1282 2216 1401 2273 dicens:
1423 2236 1437 2269 ιι
1457 2218 1629 2287 confortare,
1647 2221 1697 2290 dli,
1713 2223 1742 2278 in

57 2304 128 2360 diter
152 2308 333 2372 conservavit,
354 2319 388 2362 ne
410 2308 586 2376 superbiret!
612 2307 763 2363 Praedietus
786 2314 877 2362 autem
919 2305 1034 2360 Domino
1044 2304 1109 2360 etin
1123 2305 1246 2374 potentia
1260 2304 1369 2360 virtutis
1384 2307 1454 2375 ejus.
1464 2325 1479 2358 n
1497 2309 1530 2362 tta
1544 2309 1585 2364 sic
1595 2309 1743 2366 discedens

57 2395 146 2451 virete
166 2396 302 2452 benetieio
317 2395 370 2450 sibi
385 2409 402 2450 a
419 2397 475 2451 Deo
491 2396 592 2451 collato
611 2409 640 2452 se
660 2410 716 2452 non
731 2396 877 2463 extollens,
920 2394 1013 2461 abeo,
1028 2392 1185 2448 videntibus
1203 2391 1342 2460 omnibus,
1357 2393 1429 2448 sicut
1445 2395 1564 2464 primum
1578 2395 1668 2454 iuerat
1682 2413 1744 2454 eru-

57 2483 103 2538 scd
124 2498 236 2553 semper
249 2483 423 2553 fragilitatem
442 2497 518 2538 suam
538 2485 764 2554 recognoscendo
784 2487 812 2540 in
829 2485 880 2541 bu·
920 2496 980 2538 cem
995 2481 1129 2538 aseendit.
1154 2483 1212 2549 Quo
1234 2480 1307 2538 iacto
1322 2481 1406 2539 irater
1421 2483 1568 2556 evigilavit,
1584 2496 1611 2544 et
1628 2487 1743 2545 multum

58 2574 174 2628 militate
194 2572 355 2642 persistens,
371 2587 386 2628 e
405 2577 481 2630 recto
497 2587 551 2630 neo
567 2573 685 2630 deviavit
699 2573 812 2642 itinere;
830 2575 878 2631 sed
920 2572 1017 2627 anxius
1032 2585 1082 2641 pro
1097 2571 1150 2627 h⁰⁰
1165 2571 1239 2642 ‘1¹¹0d
1255 2571 1371 2640 Viderat,
1388 2574 1482 2640 Deum.
1499 2581 1529 2631 ui
1543 2576 1596 2631 sibi
1610 2577 1744 2634 visionem

58 2662 90 2716 ad
119 2663 260 2717 anteriora
289 2661 480 2732 progrediens,
505 2663 596 2718 animo
619 2667 648 2718 et
670 2663 879 2720 conversatione
921 2675 1081 2732 prosperam
1108 2659 1222 2728 iaceret,
1243 2661 1343 2718 obnixe
1372 2661 1517 2733 deprecari
1544 2666 1638 2736 coepit.
1663 2667 1744 2723 Venit

60 2752 86 2807 in
102 2755 196 2807 monte
219 2751 326 2806 Domini
341 2752 516 2818 constitutus,
532 2750 567 2806 ad
586 2751 648 2807 coeli
668 2752 769 2821 palatia
787 2766 881 2822 capes·
921 2755 1012 2807 autern
1036 2750 1089 2805 sibi
1106 2749 1135 2804 in
1149 2751 1241 2806 animo
1261 2751 1325 2819 quia
1345 2751 1405 2806 ioca
1424 2759 1593 2821 sanctorum,
1609 2755 1657 2825 qui
1671 2756 1744 2812 ultra

61 2839 145 2896 seoda
159 2853 190 2894 se
213 2839 326 2896 omnino
350 2841 489 2896 animavit.
515 2842 629 2914 Legerat
644 2841 717 2896 eninr
737 2842 881 2898 Domiaurn
922 2853 997 2895 mare
1016 2837 1204 2908 requiescunt,
1223 2838 1306 2895 vellet
1328 2840 1450 2908 visitare,
1475 2848 1503 2897 et
1526 2841 1560 2898 ad
1588 2843 1746 2913 sepulerum

63 2928 90 2984 in
107 2929 255 3000 Evangelio
269 2929 430 2986 dicentem:
451 2931 534 2986 Petite
557 2933 582 2986 et
607 2931 749 3003 accipietis,
775 2931 882 3003 querite
922 2929 1030 2984 Domini
1063 2941 1124 2984 eum
1144 2928 1171 2983 in
1192 2927 1360 2984 Hierusalem
1389 2931 1515 2986 adorare.
1540 2931 1662 3002 Cumque
1693 2932 1747 2988 boc

63 3022 85 3073 et
103 3018 249 3081 irrueatetis,
264 3017 366 3089 pulsate
381 3023 405 3073 et
427 3020 558 3090 operietur
571 3019 643 3075 uobis
662 3023 736 3090 (Luc.
752 3019 804 3091 ιιι).
826 3022 882 3076 llac
924 3016 1044 3088 qualiter
1062 3015 1206 3086 adimpleri
1226 3021 1320 3086 posset
1337 3018 1366 3073 in
1381 3019 1472 3074 auimo
1486 3018 1651 3088 volveretur,
1672 3020 1748 3076 audi·

62 3121 126 3164 voce
158 3107 302 3164 Dominica
330 3109 451 3165 conlisus
478 3109 526 3165 Dei
552 3123 647 3165 servus
675 3123 731 3166 non
759 3092 1041 3176 cessabathteqnta
1065 3106 1093 3160 in
1117 3106 1212 3161 eadem
1236 3120 1291 3175 qua
1314 3107 1374 3177 ipse
1397 3109 1525 3164 manebat
1539 3109 1613 3177 villa,
1636 3109 1748 3180 quidam

64 3205 165 3266 petere,
192 3203 223 3253 ut
249 3198 400 3268 acciperet,
424 3199 564 3270 satagebat
592 3213 729 3269 quaerere,
751 3205 782 3254 ut
805 3200 883 3254 inve·
924 3196 973 3252 viri
990 3193 1086 3250 lideles
1100 3195 1154 3251 iter
1171 3209 1250 3250 suum
1266 3203 1441 3265 appararent,
1457 3205 1593 3267 quatenns
1608 3199 1641 3254 ael
1657 3199 1748 3269 sepul·

64 3284 142 3352 niret,
163 3285 359 3356 nitebatur-qne
375 3287 494 3357 pulsare,
514 3293 544 3343 ut
563 3288 588 3344 ei
608 3287 739 3343 Dominus
757 3287 884 3359 dignare·
925 3297 1001 3340 erum
1021 3283 1128 3339 Domini
1150 3283 1266 3340 adorare
1281 3285 1445 3354 potuissent.
1466 3289 1526 3354 Quo
1542 3288 1653 3358 cognite
1669 3287 1749 3343 laetus

63 3381 104 3430 tur
118 3375 239 3446 aperire.
259 3375 337 3443 Quod
352 3383 380 3432 ct
402 3375 504 3433 iactum
520 3384 571 3432 est.
595 3377 784 3434 lullrmabatur
799 3377 882 3444 enim,
924 3373 1101 3428 vehementer
1124 3371 1248 3438 effeetus,
1264 3374 1448 3442 omnipotenti
1468 3376 1524 3429 Deo
1539 3376 1641 3445 gratias
1656 3375 1749 3432 reddi·

64 3471 91 3519 ut
104 3465 235 3532 diximus,
256 3465 413 3522 iulirmitate
436 3466 604 3537 gravissima,
621 3473 649 3522 et
663 3467 697 3522 ad
722 3467 883 3537 petitionem
925 3461 975 3528 dit,
992 3461 1039 3531 (Dii
1059 3461 1205 3516 ⁰⁰D⁵i¹¹¹¹ffl
1220 3461 1254 3516 id
1274 3461 1543 3531 h0⁰1il¹⁰di⁰¹t³bil
1562 3465 1747 3520 necessarium
1774 3541 1780 3550 Ι

63 3567 134 3612 suam
154 3555 284 3612 liberavit
302 3569 364 3612 eurn
383 3555 547 3612 mirabiliter
564 3555 753 3613 misericordia
772 3555 882 3622 divina;
925 3550 1109 3617 ministravit,
1129 3549 1177 3604 sed
1192 3549 1256 3619 quia
1270 3549 1321 3604 sub
1336 3549 1434 3606 abbate
1449 3557 1477 3605 ct
1497 3553 1590 3622 regula
1610 3554 1638 3608 in
1653 3567 1748 3609 mona-

62 3645 183 3712 quaesivit
216 3649 246 3700 ut
274 3659 335 3700 euna
363 3644 473 3700 visitare
501 3644 663 3715 dignaretur
684 3643 771 3715 gratia
795 3645 884 3700 sancti
925 3640 1011 3694 sterio
1035 3638 1162 3709 degebat,
1189 3636 1268 3693 valde
1291 3637 1344 3693 sibi
1367 3639 1572 3696 incommodum
1591 3642 1746 3711 videbatur,

63 3732 188 3802 Spiritus,
203 3738 230 3790 et
240 3733 344 3790 invenit
358 3747 418 3790 earu
435 3733 464 3788 in
481 3740 632 3804 conspectu
648 3733 789 3790 oculorum
804 3733 887 3788 Altis-
925 3727 949 3784 si
964 3729 1024 3784 sine
1039 3729 1098 3798 ejus
1121 3727 1238 3784 consilio
1258 3731 1285 3782 et
1301 3726 1412 3784 licentia
1431 3726 1535 3784 laceret
1558 3729 1633 3800 quud
1656 3729 1748 3787 iacere

63 3820 143 3878 simi:
164 3836 249 3879 aures
268 3823 327 3892 ejus
346 3823 476 3893 precibus
495 3829 522 3878 et
541 3823 740 3894 lacrymisuon
760 3821 886 3878 cessabat
926 3816 1075 3872 nitebatur.
1103 3815 1180 3870 Adiit
1208 3827 1274 3886 ergo
1307 3815 1443 3884 abbatem,
1474 3817 1643 3876 voluntatem
1671 3833 1749 3876 suam

65 3911 180 3981 pulsare,
204 3917 232 3967 et
254 3912 314 3982 ipsc
338 3911 536 3969 misericordie
556 3926 613 3968 sue
634 3912 740 3968 viscera
758 3911 887 3982 dignatus
926 3906 1044 3976 aperuit,
1059 3905 1202 3975 postulans
1217 3911 1245 3960 et
1263 3903 1378 3961 multum
1393 3919 1503 3978 rogans,
1519 3915 1549 3964 ut
1564 3909 1589 3964 ei
1608 3909 1750 3966 licentiam

65 4007 103 4054 est
116 4002 237 4071 aperire.
926 3996 1014 4053 daret.
1043 3995 1134 4051 Abbas
1156 4001 1248 4050 autem
1271 3995 1368 4051 videns
1395 3997 1576 4056 intentionem
1605 3999 1698 4056 iratris
1721 4005 1750 4057 et

102 4088 141 4143 16.
168 4090 275 4146 vesicae
298 4089 389 4146 dietae
411 4094 560 4146 recreatur.
587 4119 621 4130 -
646 4089 769 4157 Quodam
793 4091 885 4146 autem
926 4091 1052 4141 metuens
1075 4097 1110 4140 ue
1133 4083 1235 4139 alicubi
1259 4084 1288 4138 in
1308 4085 1407 4142 itinere
1423 4085 1464 4142 vel
1484 4088 1664 4146 inclususvel
1684 4104 1748 4146 ere·

67 4181 185 4249 tenpore
202 4178 348 4236 videbatur
362 4179 387 4236 ei
413 4193 464 4249 per
485 4179 621 4235 somnium
644 4179 719 4249 qued
742 4179 802 4248 ipse
821 4184 885 4235 ante
926 4175 991 4232 mita
1021 4179 1186 4241 remaneret,
1211 4173 1366 4246 abnegavit,
1391 4179 1419 4232 et
1446 4191 1508 4233 eum
1535 4179 1568 4234 ab
1593 4180 1748 4236 intentione

67 4271 215 4326 oratorium
232 4269 324 4326 Sancti
339 4269 489 4336 bliebaelis,
506 4269 580 4340 quod
595 4268 623 4324 in
638 4269 700 4340 ipso
716 4269 885 4325 monasterio
926 4264 1094 4334 hujusmodi,
1124 4265 1147 4320 si
1177 4265 1274 4334 possit,
1305 4278 1435 4321 revocare
1461 4267 1584 4323 tentavit.
1605 4268 1658 4323 scd
1683 4269 1747 4338 quia

66 4361 115 4422 est,
136 4358 314 4426 consisteret,
330 4363 358 4415 et
377 4359 508 4415 Dominus
521 4360 601 4415 lesus
615 4358 752 4426 Christus,
768 4359 886 4414 interius
926 4355 1060 4426 plantatio
1084 4367 1165 4425 quarn
1188 4353 1294 4423 plantat
1322 4354 1394 4408 Deus
1422 4355 1519 4424 nequit
1541 4355 1686 4423 eradicari,
1706 4356 1749 4412 vir

67 4457 124 4502 eum
139 4447 300 4518 angelorum
312 4448 577 4519 etarcbangetorum
591 4447 766 4504 multitudine
781 4417 1001 4514 inlinitaDseepe
1016 4444 1173 4500 nominatus
1191 4443 1226 4499 ab
1241 4443 1395 4498 intentione
1414 4457 1463 4499 sua
1486 4457 1540 4500 non
1565 4445 1699 4512 recessit;
1721 4449 1749 4501 et

68 4538 93 4587 et
111 4537 233 4592 emnium
247 4542 416 4606 sanctorum,
438 4551 468 4592 se
483 4536 517 4592 ad
536 4537 625 4592 llissae
640 4535 805 4591 celebranda
824 4550 884 4605 my·
927 4532 1001 4604 quod
1018 4545 1106 4603 perse
1116 4543 1171 4586 non
1187 4535 1304 4600 peterat,
1317 4535 1413 4600 postea
1428 4533 1574 4590 multorum
1590 4539 1748 4590 sanctorum

68 4625 148 4680 steria
170 4632 352 4697 prepararet.
374 4626 545 4683 assistebant
568 4624 669 4696 angeli,
694 4625 886 4680 ministrabant
927 4623 1047 4679 virorum
1067 4620 1196 4690 precibus
1220 4620 1385 4690 inpetravit.
1406 4621 1525 4678 Tandem
1540 4623 1627 4678 abbas
1641 4623 1749 4690 annuit,

69 4713 234 4787 archangeli,
250 4722 277 4773 et
292 4730 401 4787 eaquae
416 4721 492 4772 tanto
512 4714 641 4786 mysterio
657 4721 735 4770 erant
757 4727 888 4770 neeessa-
927 4711 976 4768 sed
991 4725 1023 4766 ea
1047 4710 1207 4766 conditione
1226 4717 1267 4775 nt,
1283 4709 1306 4764 si
1330 4710 1402 4765 Deus
1421 4724 1502 4780 pesse
1522 4711 1698 4778 concederet,
1715 4708 1749 4766 ad

70 4803 107 4857 ria
125 4807 330 4876 praeparabant;
347 4819 463 4876 cumque
481 4805 572 4861 omnia
587 4805 798 4871 ministrassent,
811 4809 839 4860 et
854 4817 888 4860 ex
929 4815 990 4858 eum
1014 4800 1073 4856 sine
1097 4798 1182 4854 dubio
1206 4798 1362 4868 repedaret.
1389 4800 1435 4855 l'ir
1457 4805 1549 4857 autem
1571 4800 1748 4868 venerabilis,

71 4883 183 4964 ut'raque
207 4896 327 4965 partein
349 4895 461 4952 modum
484 4901 628 4950 cantorum
647 4893 778 4950 incbero
797 4893 888 4949 consi·
929 4894 1042 4960 accepta
1069 4887 1190 4954 licentia,
1220 4886 1406 4943 obedientiam
1435 4891 1567 4960 suscepit,
1592 4891 1646 4946 iter
1672 4903 1751 4946 suum

72 4984 198 5040 stentium
220 4985 318 5052 saneti,
339 4985 387 5055 qui
406 4998 468 5040 eum
490 4997 523 5040 co
544 4991 622 5040 erant
637 4983 765 5040 collocati
785 4989 887 5052 essent,
929 4979 1087 5052 apparavit,
1121 4977 1168 5033 Dci
1201 4977 1287 5047 gratie
1321 4976 1381 5032 loca
1412 4987 1569 5037 sanctorum
1603 4979 1750 5036 multorum

71 5069 127 5139 ipse
151 5074 282 5129 Dominus
304 5075 383 5130 iesus
406 5074 491 5144 eoepit
515 5074 655 5143 inquirere
679 5079 769 5129 utrum
794 5086 889 5128 omnes
929 5069 1058 5134 visitavit,
1087 5066 1121 5122 ad
1150 5066 1306 5136 sepulcrum
1341 5067 1523 5138 Dominieum,
1559 5069 1634 5140 quod
1667 5079 1752 5136 super

72 5163 271 5230 conticuissent,
284 5163 332 5233 qui
347 5163 485 5219 debebant
500 5163 657 5219 eevrvenire.
670 5161 727 5217 lllis
741 5169 831 5218 autem
848 5175 890 5217 re·
930 5160 1021 5217 omnia
1040 5155 1178 5225 cupiebat,
1203 5154 1346 5223 adoravit;
1372 5157 1405 5212 ad
1431 5160 1552 5228 propria,
1568 5161 1640 5214 sieut
1658 5155 1753 5212 abbati

72 5249 270 5316 spondentibus
285 5260 312 5308 et
324 5253 480 5308 dicentibus
495 5253 629 5308 Domino:
645 5251 790 5316 Adsumus,
802 5250 887 5305 dixit:
931 5262 982 5305 suo
1005 5246 1177 5317 premiserat,
1194 5244 1344 5314 repedavit.
1370 5248 1475 5313 Quanta
1494 5249 1521 5304 in
1540 5249 1639 5305 itincre
1655 5259 1752 5318 poena·

72 5335 139 5406 Non,
156 5340 220 5409 quia
242 5340 326 5398 irater
344 5342 391 5398 ille
407 5342 528 5398 nondum
552 5342 692 5412 ingressus
707 5346 758 5408 est,
774 5341 891 5410 quistet
932 5351 992 5393 runa
1013 5335 1198 5392 cruciamenta
1219 5333 1359 5400 sustinuit,
1377 5347 1430 5392 non
1451 5345 1493 5393 est
1517 5343 1640 5394 nostrum
1665 5346 1753 5406 expo·

70 5425 145 5493 juxta
169 5431 270 5487 ostium
298 5433 429 5488 exterius.
455 5431 554 5501 Sicque
582 5443 616 5486 ee
645 5430 824 5501 precipiente
848 5433 892 5485 est
932 5441 1019 5494 nere,
1044 5425 1108 5496 quia
1123 5423 1157 5479 ad
1172 5437 1204 5480 ea
1219 5437 1280 5494 quae
1303 5423 1376 5480 inter
1390 5439 1442 5483 nes
1456 5428 1527 5484 Deus
1542 5441 1593 5498 per
1606 5441 1669 5485 eum
1684 5438 1755 5496 ope·

27 5559 29 5578 ·
74 5535 187 5592 stillam
207 5552 268 5607 quae
283 5554 298 5596 a
316 5539 433 5597 Geraido
451 5539 555 5608 scripta
574 5543 626 5604 est,
642 5536 723 5593 simul
739 5551 800 5594 cum
821 5539 893 5609 ejus-
934 5540 1031 5592 auctor
1045 5539 1087 5590 est
1101 5531 1174 5587 idem
1193 5528 1334 5598 (teraldus,
1352 5531 1490 5590 edidimus
1503 5536 1574 5594 Saec.
1586 5535 1629 5604 lv,
1642 5537 1719 5608 parte
1732 5543 1756 5600 t,

75 5604 134 5664 dem
149 5611 238 5666 saneti
247 5611 356 5670 duobus
369 5611 563 5670 miraculorum
578 5608 667 5680 libris,
678 5621 794 5680 querum
811 5609 893 5681 primi
934 5606 969 5664 ad
987 5617 1088 5662 annum
1107 5601 1172 5658 itud.

161 5707 281 5769 Peraea.
297 5711 419 5770 cxtvtt.
1634 5703 1670 5763 33
