<?xml version="1.0" encoding="UTF-8"?>
<!DOCTYPE html PUBLIC "-//W3C//DTD XHTML 1.0 Transitional//EN"
    "http://www.w3.org/TR/xhtml1/DTD/xhtml1-transitional.dtd">
<html xmlns="http://www.w3.org/1999/xhtml" xml:lang="en" lang="en">
 <head>
  <title>
</title>
<meta http-equiv="Content-Type" content="text/html;charset=utf-8" />
  <meta name='ocr-system' content='tesseract 3.04.00' />
  <meta name='ocr-capabilities' content='ocr_page ocr_carea ocr_par ocr_line ocrx_word'/>
</head>
<body>
  <div class='ocr_page' id='page_1' title='image "./patrologiaecurs128unkngoog_0181.png"; bbox 0 0 4108 6164; ppageno 0'>
   <div class='ocr_carea' id='block_1_1' title="bbox 151 331 1824 403">
    <p class='ocr_par' dir='ltr' id='par_1_1' title="bbox 151 331 1824 403">
     <span class='ocr_line' id='line_1_1' title="bbox 151 331 1824 403; baseline 0.016 -26"><span class='ocrx_word' id='word_1_1' title='bbox 151 332 198 389; x_wconf 79' lang='grc'><strong>353</strong></span> <span class='ocrx_word' id='word_1_2' title='bbox 742 331 905 388; x_wconf 72' lang='lat' dir='ltr'><strong>mnibus,</strong></span> <span class='ocrx_word' id='word_1_3' title='bbox 925 361 961 372; x_wconf 89' lang='lat'><em>-</em></span> <span class='ocrx_word' id='word_1_4' title='bbox 979 335 1034 391; x_wconf 81' lang='lat' dir='ltr'><strong>hit.</strong></span> <span class='ocrx_word' id='word_1_5' title='bbox 1058 333 1219 393; x_wconf 75' lang='lat' dir='ltr'><strong>loct-totu.</strong></span> <span class='ocrx_word' id='word_1_6' title='bbox 1771 343 1824 403; x_wconf 77' lang='lat'><strong>³54</strong></span> 
     </span>
    </p>
   </div>
   <div class='ocr_carea' id='block_1_2' title="bbox 142 453 1831 2326">
    <p class='ocr_par' dir='ltr' id='par_1_2' title="bbox 142 453 1831 2326">
     <span class='ocr_line' id='line_1_2' title="bbox 150 453 1824 540; baseline 0.01 -28"><span class='ocrx_word' id='word_1_7' title='bbox 150 461 227 520; x_wconf 85' lang='lat' dir='ltr'><strong>satus,</strong></span> <span class='ocrx_word' id='word_1_8' title='bbox 241 461 269 511; x_wconf 91' lang='lat' dir='ltr'><strong>et</strong></span> <span class='ocrx_word' id='word_1_9' title='bbox 294 467 344 525; x_wconf 93' lang='lat' dir='ltr'><strong>pro</strong></span> <span class='ocrx_word' id='word_1_10' title='bbox 368 453 482 510; x_wconf 86' lang='lat' dir='ltr'><strong>haeresis</strong></span> <span class='ocrx_word' id='word_1_11' title='bbox 504 453 643 524; x_wconf 79' lang='lat' dir='ltr'><strong>predictae</strong></span> <span class='ocrx_word' id='word_1_12' title='bbox 668 459 746 512; x_wconf 89' lang='lat' dir='ltr'><strong>reatu</strong></span> <span class='ocrx_word' id='word_1_13' title='bbox 765 453 847 524; x_wconf 85' lang='lat' dir='ltr'><strong>hujus</strong></span> <span class='ocrx_word' id='word_1_14' title='bbox 864 454 1106 525; x_wconf 81' lang='lat' dir='ltr'><strong>ludiciihiutrare</strong></span> <span class='ocrx_word' id='word_1_15' title='bbox 1116 467 1246 532; x_wconf 81' lang='lat' dir='ltr'><strong>coegerat</strong></span> <span class='ocrx_word' id='word_1_16' title='bbox 1256 459 1296 515; x_wconf 90' lang='lat'>¹¹¹¹.</span> <span class='ocrx_word' id='word_1_17' title='bbox 1313 461 1351 516; x_wconf 87' lang='lat' dir='ltr'><strong>lta</strong></span> <span class='ocrx_word' id='word_1_18' title='bbox 1366 465 1473 532; x_wconf 89' lang='lat' dir='ltr'><strong>emptor</strong></span> <span class='ocrx_word' id='word_1_19' title='bbox 1483 459 1530 517; x_wconf 90' lang='lat' dir='ltr'><strong>ille</strong></span> <span class='ocrx_word' id='word_1_20' title='bbox 1544 461 1714 523; x_wconf 88' lang='lat' dir='ltr'><strong>miserrimus</strong></span> <span class='ocrx_word' id='word_1_21' title='bbox 1723 469 1824 540; x_wconf 86' lang='lat' dir='ltr'><strong>gehen·</strong></span> 
     </span>
     <span class='ocr_line' id='line_1_3' title="bbox 149 542 1823 618; baseline 0.007 -16"><span class='ocrx_word' id='word_1_22' title='bbox 149 549 300 618; x_wconf 85' lang='lat' dir='ltr'><strong>argumento</strong></span> <span class='ocrx_word' id='word_1_23' title='bbox 319 543 473 612; x_wconf 90' lang='lat' dir='ltr'><strong>convictus,</strong></span> <span class='ocrx_word' id='word_1_24' title='bbox 487 542 589 614; x_wconf 90' lang='lat' dir='ltr'><strong>virgam</strong></span> <span class='ocrx_word' id='word_1_25' title='bbox 605 549 633 599; x_wconf 87' lang='lat' dir='ltr'><strong>et</strong></span> <span class='ocrx_word' id='word_1_26' title='bbox 651 543 761 600; x_wconf 92' lang='lat' dir='ltr'><strong>anulum</strong></span> <span class='ocrx_word' id='word_1_27' title='bbox 777 543 963 614; x_wconf 88' lang='lat' dir='ltr'><strong>episcopalem</strong></span> <span class='ocrx_word' id='word_1_28' title='bbox 1003 547 1074 604; x_wconf 89' lang='lat' dir='ltr'><strong>ualls</strong></span> <span class='ocrx_word' id='word_1_29' title='bbox 1088 549 1217 616; x_wconf 86' lang='lat' dir='ltr'><strong>miscriae,</strong></span> <span class='ocrx_word' id='word_1_30' title='bbox 1233 553 1329 605; x_wconf 90' lang='lat' dir='ltr'><strong>contra</strong></span> <span class='ocrx_word' id='word_1_31' title='bbox 1343 547 1393 616; x_wconf 91' lang='lat' dir='ltr'><strong>las,</strong></span> <span class='ocrx_word' id='word_1_32' title='bbox 1409 556 1511 607; x_wconf 75' lang='lat' dir='ltr'><strong>nostre</strong></span> <span class='ocrx_word' id='word_1_33' title='bbox 1525 550 1665 608; x_wconf 77' lang='lat' dir='ltr'>cathedrae</span> <span class='ocrx_word' id='word_1_34' title='bbox 1684 554 1823 614; x_wconf 90' lang='lat' dir='ltr'><strong>inthroni-</strong></span> 
     </span>
     <span class='ocr_line' id='line_1_4' title="bbox 149 631 1826 712; baseline 0.008 -21"><span class='ocrx_word' id='word_1_35' title='bbox 149 633 293 706; x_wconf 90' lang='lat' dir='ltr'><strong>apostolico</strong></span> <span class='ocrx_word' id='word_1_36' title='bbox 318 631 448 690; x_wconf 91' lang='lat' dir='ltr'><strong>coniusus</strong></span> <span class='ocrx_word' id='word_1_37' title='bbox 472 632 603 698; x_wconf 80' lang='lat' dir='ltr'><strong>reddidit,</strong></span> <span class='ocrx_word' id='word_1_38' title='bbox 623 633 719 703; x_wconf 89' lang='lat' dir='ltr'><strong>sicque</strong></span> <span class='ocrx_word' id='word_1_39' title='bbox 745 632 889 704; x_wconf 75' lang='lat' dir='ltr'><strong>dignitate,</strong></span> <span class='ocrx_word' id='word_1_40' title='bbox 910 647 963 704; x_wconf 93' lang='lat' dir='ltr'><strong>qua</strong></span> <span class='ocrx_word' id='word_1_41' title='bbox 1002 637 1058 692; x_wconf 88' lang='lat' dir='ltr'><strong>zarl</strong></span> <span class='ocrx_word' id='word_1_42' title='bbox 1083 636 1339 708; x_wconf 80' lang='lat' dir='ltr'><strong>percupientissime</strong></span> <span class='ocrx_word' id='word_1_43' title='bbox 1364 637 1520 695; x_wconf 91' lang='lat' dir='ltr'><strong>industrius</strong></span> <span class='ocrx_word' id='word_1_44' title='bbox 1537 639 1605 696; x_wconf 88' lang='lat' dir='ltr'><strong>satis</strong></span> <span class='ocrx_word' id='word_1_45' title='bbox 1628 641 1777 712; x_wconf 80' lang='lat' dir='ltr'><strong>nitebatur,</strong></span> <span class='ocrx_word' id='word_1_46' title='bbox 1797 655 1826 704; x_wconf 94' lang='lat' dir='ltr'><strong>et</strong></span> 
     </span>
     <span class='ocr_line' id='line_1_5' title="bbox 149 721 1825 800; baseline 0.005 -21"><span class='ocrx_word' id='word_1_47' title='bbox 149 725 242 794; x_wconf 86' lang='lat' dir='ltr'><strong>injuste</strong></span> <span class='ocrx_word' id='word_1_48' title='bbox 266 727 308 779; x_wconf 90' lang='lat' dir='ltr'><strong>est</strong></span> <span class='ocrx_word' id='word_1_49' title='bbox 331 721 504 790; x_wconf 90' lang='lat' dir='ltr'><strong>sublimatus,</strong></span> <span class='ocrx_word' id='word_1_50' title='bbox 525 721 640 778; x_wconf 85' lang='lat' dir='ltr'><strong>recessit</strong></span> <span class='ocrx_word' id='word_1_51' title='bbox 659 724 734 792; x_wconf 84' lang='lat' dir='ltr'><strong>juste</strong></span> <span class='ocrx_word' id='word_1_52' title='bbox 758 722 888 792; x_wconf 89' lang='lat' dir='ltr'><strong>privatus.</strong></span> <span class='ocrx_word' id='word_1_53' title='bbox 904 722 964 778; x_wconf 84' lang='lat' dir='ltr'><strong>hli—</strong></span> <span class='ocrx_word' id='word_1_54' title='bbox 1004 723 1090 779; x_wconf 86' lang='lat' dir='ltr'><strong>totius</strong></span> <span class='ocrx_word' id='word_1_55' title='bbox 1104 724 1172 781; x_wconf 94' lang='lat' dir='ltr'><strong>cleri</strong></span> <span class='ocrx_word' id='word_1_56' title='bbox 1186 732 1215 781; x_wconf 90' lang='lat' dir='ltr'><strong>et</strong></span> <span class='ocrx_word' id='word_1_57' title='bbox 1230 725 1326 795; x_wconf 91' lang='lat' dir='ltr'><strong>populi</strong></span> <span class='ocrx_word' id='word_1_58' title='bbox 1345 726 1503 782; x_wconf 91' lang='lat' dir='ltr'><strong>canonicam</strong></span> <span class='ocrx_word' id='word_1_59' title='bbox 1522 726 1643 799; x_wconf 84' lang='lat' dir='ltr'><strong>Sigllridi</strong></span> <span class='ocrx_word' id='word_1_60' title='bbox 1660 729 1713 800; x_wconf 85' lang='lat'><strong>(59)</strong></span> <span class='ocrx_word' id='word_1_61' title='bbox 1732 730 1825 789; x_wconf 77' lang='lat' dir='ltr'><strong>lustris</strong></span> 
     </span>
     <span class='ocr_line' id='line_1_6' title="bbox 149 809 1825 892; baseline 0.006 -24"><span class='ocrx_word' id='word_1_62' title='bbox 149 811 271 884; x_wconf 91' lang='lat' dir='ltr'><strong>quamdiu</strong></span> <span class='ocrx_word' id='word_1_63' title='bbox 286 818 376 868; x_wconf 90' lang='lat' dir='ltr'><strong>tamen</strong></span> <span class='ocrx_word' id='word_1_64' title='bbox 392 825 437 868; x_wconf 91' lang='lat' dir='ltr'><strong>res</strong></span> <span class='ocrx_word' id='word_1_65' title='bbox 451 811 574 868; x_wconf 79' lang='lat' dir='ltr'><strong>ecclesie</strong></span> <span class='ocrx_word' id='word_1_66' title='bbox 590 810 665 868; x_wconf 89' lang='lat' dir='ltr'><strong>illius</strong></span> <span class='ocrx_word' id='word_1_67' title='bbox 680 825 732 881; x_wconf 91' lang='lat' dir='ltr'><strong>ope</strong></span> <span class='ocrx_word' id='word_1_68' title='bbox 748 811 827 868; x_wconf 91' lang='lat' dir='ltr'><strong>ducis</strong></span> <span class='ocrx_word' id='word_1_69' title='bbox 837 809 964 868; x_wconf 85' lang='lat' dir='ltr'><strong>Gotiirldi</strong></span> <span class='ocrx_word' id='word_1_70' title='bbox 1003 811 1125 880; x_wconf 90' lang='lat' dir='ltr'><strong>illorum,</strong></span> <span class='ocrx_word' id='word_1_71' title='bbox 1141 814 1210 885; x_wconf 88' lang='lat' dir='ltr'><strong>rogii</strong></span> <span class='ocrx_word' id='word_1_72' title='bbox 1226 829 1337 885; x_wconf 91' lang='lat' dir='ltr'><strong>quoque</strong></span> <span class='ocrx_word' id='word_1_73' title='bbox 1351 815 1497 886; x_wconf 86' lang='lat' dir='ltr'><strong>capellani,</strong></span> <span class='ocrx_word' id='word_1_74' title='bbox 1508 829 1589 887; x_wconf 91' lang='lat' dir='ltr'><strong>quem</strong></span> <span class='ocrx_word' id='word_1_75' title='bbox 1602 818 1655 874; x_wconf 91' lang='lat' dir='ltr'><strong>sibi</strong></span> <span class='ocrx_word' id='word_1_76' title='bbox 1669 819 1825 892; x_wconf 88' lang='lat' dir='ltr'><strong>episcopari</strong></span> 
     </span>
     <span class='ocr_line' id='line_1_7' title="bbox 148 899 1826 970; baseline 0.006 -14"><span class='ocrx_word' id='word_1_77' title='bbox 148 901 250 966; x_wconf 88' lang='lat' dir='ltr'><strong>invasit,</strong></span> <span class='ocrx_word' id='word_1_78' title='bbox 266 914 380 970; x_wconf 89' lang='lat' dir='ltr'><strong>sperans</strong></span> <span class='ocrx_word' id='word_1_79' title='bbox 394 914 424 956; x_wconf 92' lang='lat' dir='ltr'><strong>se</strong></span> <span class='ocrx_word' id='word_1_80' title='bbox 443 899 653 970; x_wconf 84' lang='lat' dir='ltr'><strong>quomodolibet</strong></span> <span class='ocrx_word' id='word_1_81' title='bbox 667 901 695 956; x_wconf 94' lang='lat' dir='ltr'><strong>in</strong></span> <span class='ocrx_word' id='word_1_82' title='bbox 711 899 869 957; x_wconf 79' lang='lat' dir='ltr'><strong>cathedram</strong></span> <span class='ocrx_word' id='word_1_83' title='bbox 887 914 964 956; x_wconf 88' lang='lat' dir='ltr'><strong>suam</strong></span> <span class='ocrx_word' id='word_1_84' title='bbox 1004 901 1202 970; x_wconf 80' lang='lat' dir='ltr'><strong>expetiverant,</strong></span> <span class='ocrx_word' id='word_1_85' title='bbox 1218 901 1382 959; x_wconf 91' lang='lat' dir='ltr'><strong>electionem</strong></span> <span class='ocrx_word' id='word_1_86' title='bbox 1395 901 1521 961; x_wconf 78' lang='lat' dir='ltr'><strong>frustrari</strong></span> <span class='ocrx_word' id='word_1_87' title='bbox 1536 905 1706 964; x_wconf 77' lang='lat' dir='ltr'><strong>omnifariam</strong></span> <span class='ocrx_word' id='word_1_88' title='bbox 1717 907 1747 940; x_wconf 87' lang='lat'><strong>¹¹¹</strong></span> <span class='ocrx_word' id='word_1_89' title='bbox 1766 923 1826 966; x_wconf 90' lang='lat' dir='ltr'><strong>mo·</strong></span> 
     </span>
     <span class='ocr_line' id='line_1_8' title="bbox 148 988 1133 1061; baseline -0.001 -15"><span class='ocrx_word' id='word_1_90' title='bbox 148 1003 223 1061; x_wconf 84' lang='lat' dir='ltr'><strong>posse</strong></span> <span class='ocrx_word' id='word_1_91' title='bbox 238 989 357 1045; x_wconf 90' lang='lat' dir='ltr'><strong>restitui.</strong></span> <span class='ocrx_word' id='word_1_92' title='bbox 369 991 480 1046; x_wconf 87' lang='lat' dir='ltr'><strong>bertum</strong></span> <span class='ocrx_word' id='word_1_93' title='bbox 491 1003 557 1045; x_wconf 88' lang='lat' dir='ltr'><strong>vero</strong></span> <span class='ocrx_word' id='word_1_94' title='bbox 572 1003 633 1045; x_wconf 93' lang='lat' dir='ltr'><strong>cum</strong></span> <span class='ocrx_word' id='word_1_95' title='bbox 644 989 695 1046; x_wconf 90' lang='lat' dir='ltr'><strong>hac</strong></span> <span class='ocrx_word' id='word_1_96' title='bbox 710 1004 759 1060; x_wconf 90' lang='lat' dir='ltr'><strong>spe</strong></span> <span class='ocrx_word' id='word_1_97' title='bbox 773 988 963 1057; x_wconf 76' lang='lat' dir='ltr'><strong>frustraretur,</strong></span> <span class='ocrx_word' id='word_1_98' title='bbox 1003 988 1133 1046; x_wconf 89' lang='lat' dir='ltr'><strong>liebatur.</strong></span> 
     </span>
     <span class='ocr_line' id='line_1_9' title="bbox 149 1075 1826 1156; baseline 0.005 -22"><span class='ocrx_word' id='word_1_99' title='bbox 149 1075 307 1134; x_wconf 89' lang='lat' dir='ltr'><strong>renuncians</strong></span> <span class='ocrx_word' id='word_1_100' title='bbox 330 1078 458 1133; x_wconf 89' lang='lat' dir='ltr'><strong>omnibus</strong></span> <span class='ocrx_word' id='word_1_101' title='bbox 482 1091 544 1148; x_wconf 76' lang='lat' dir='ltr'><strong>quae</strong></span> <span class='ocrx_word' id='word_1_102' title='bbox 574 1077 716 1148; x_wconf 84' lang='lat' dir='ltr'><strong>possidere</strong></span> <span class='ocrx_word' id='word_1_103' title='bbox 742 1078 905 1144; x_wconf 89' lang='lat' dir='ltr'><strong>videbatur,</strong></span> <span class='ocrx_word' id='word_1_104' title='bbox 929 1075 963 1132; x_wconf 91' lang='lat' dir='ltr'><strong>ad</strong></span> <span class='ocrx_word' id='word_1_105' title='bbox 1039 1077 1190 1136; x_wconf 85' lang='lat' dir='ltr'><strong>Gotiiridus</strong></span> <span class='ocrx_word' id='word_1_106' title='bbox 1204 1079 1261 1134; x_wconf 79' lang='lat' dir='ltr'><strong>duc</strong></span> <span class='ocrx_word' id='word_1_107' title='bbox 1276 1077 1338 1152; x_wconf 75' lang='lat'><strong>(60)</strong></span> <span class='ocrx_word' id='word_1_108' title='bbox 1353 1081 1421 1138; x_wconf 85' lang='lat' dir='ltr'><strong>inter</strong></span> <span class='ocrx_word' id='word_1_109' title='bbox 1443 1081 1575 1140; x_wconf 77' lang='lat' dir='ltr'><strong>secudum</strong></span> <span class='ocrx_word' id='word_1_110' title='bbox 1595 1087 1826 1156; x_wconf 63' lang='lat' dir='ltr'><strong>praetermissimus</strong></span> 
     </span>
     <span class='ocr_line' id='line_1_10' title="bbox 148 1165 1826 1246; baseline 0.006 -24"><span class='ocrx_word' id='word_1_111' title='bbox 148 1165 349 1222; x_wconf 89' lang='lat' dir='ltr'><strong>conversionem</strong></span> <span class='ocrx_word' id='word_1_112' title='bbox 364 1165 449 1232; x_wconf 92' lang='lat' dir='ltr'><strong>veuit,</strong></span> <span class='ocrx_word' id='word_1_113' title='bbox 465 1171 493 1221; x_wconf 91' lang='lat' dir='ltr'><strong>et</strong></span> <span class='ocrx_word' id='word_1_114' title='bbox 516 1165 545 1221; x_wconf 91' lang='lat' dir='ltr'><strong>in</strong></span> <span class='ocrx_word' id='word_1_115' title='bbox 569 1167 736 1223; x_wconf 90' lang='lat' dir='ltr'><strong>monasterio</strong></span> <span class='ocrx_word' id='word_1_116' title='bbox 758 1167 893 1237; x_wconf 82' lang='lat' dir='ltr'><strong>Pomposa</strong></span> <span class='ocrx_word' id='word_1_117' title='bbox 908 1165 964 1236; x_wconf 82' lang='lat' dir='ltr'><strong>jam</strong></span> <span class='ocrx_word' id='word_1_118' title='bbox 1004 1166 1257 1224; x_wconf 84' lang='lat' dir='ltr'><strong>etinrecordctiome</strong></span> <span class='ocrx_word' id='word_1_119' title='bbox 1268 1175 1435 1240; x_wconf 85' lang='lat' dir='ltr'><strong>peccatorum</strong></span> <span class='ocrx_word' id='word_1_120' title='bbox 1448 1172 1826 1246; x_wconf 80' lang='lat' dir='ltr'><strong>smrancdcmrpmcttmem</strong></span> 
     </span>
     <span class='ocr_line' id='line_1_11' title="bbox 147 1253 1827 1330; baseline 0.007 -19"><span class='ocrx_word' id='word_1_121' title='bbox 147 1270 174 1312; x_wconf 89' lang='lat' dir='ltr'><strong>se</strong></span> <span class='ocrx_word' id='word_1_122' title='bbox 186 1255 348 1311; x_wconf 90' lang='lat' dir='ltr'><strong>monachum</strong></span> <span class='ocrx_word' id='word_1_123' title='bbox 362 1253 429 1311; x_wconf 88' lang='lat' dir='ltr'><strong>iecit</strong></span> <span class='ocrx_word' id='word_1_124' title='bbox 444 1253 509 1328; x_wconf 82' lang='lat'><strong>(57).</strong></span> <span class='ocrx_word' id='word_1_125' title='bbox 530 1255 688 1312; x_wconf 87' lang='lat' dir='ltr'><strong>Norlmcnni</strong></span> <span class='ocrx_word' id='word_1_126' title='bbox 711 1257 819 1312; x_wconf 79' lang='lat' dir='ltr'><strong>domum</strong></span> <span class='ocrx_word' id='word_1_127' title='bbox 841 1255 967 1310; x_wconf 85' lang='lat' dir='ltr'><strong>incudere</strong></span> <span class='ocrx_word' id='word_1_128' title='bbox 1005 1254 1338 1328; x_wconf 70' lang='lat' dir='ltr'><strong>locrimctumsccillimus,</strong></span> <span class='ocrx_word' id='word_1_129' title='bbox 1354 1259 1546 1330; x_wconf 79' lang='lat' dir='ltr'><strong>increpatione</strong></span> <span class='ocrx_word' id='word_1_130' title='bbox 1560 1261 1758 1321; x_wconf 84' lang='lat' dir='ltr'><strong>elemosinarum</strong></span> <span class='ocrx_word' id='word_1_131' title='bbox 1771 1264 1827 1322; x_wconf 88' lang='lat' dir='ltr'><strong>lur-</strong></span> 
     </span>
     <span class='ocr_line' id='line_1_12' title="bbox 146 1342 1827 1425; baseline 0.008 -27"><span class='ocrx_word' id='word_1_132' title='bbox 146 1342 276 1400; x_wconf 86' lang='lat' dir='ltr'><strong>uoluerunt</strong></span> <span class='ocrx_word' id='word_1_133' title='bbox 298 1342 436 1412; x_wconf 77' lang='lat' dir='ltr'><strong>hostiliter,</strong></span> <span class='ocrx_word' id='word_1_134' title='bbox 452 1351 495 1400; x_wconf 90' lang='lat' dir='ltr'><strong>set</strong></span> <span class='ocrx_word' id='word_1_135' title='bbox 509 1357 524 1400; x_wconf 88' lang='lat' dir='ltr'><strong>a</strong></span> <span class='ocrx_word' id='word_1_136' title='bbox 540 1343 610 1402; x_wconf 92' lang='lat' dir='ltr'><strong>duce</strong></span> <span class='ocrx_word' id='word_1_137' title='bbox 627 1343 763 1402; x_wconf 85' lang='lat' dir='ltr'><strong>Gotiirido</strong></span> <span class='ocrx_word' id='word_1_138' title='bbox 784 1345 826 1400; x_wconf 90' lang='lat' dir='ltr'><strong>eis</strong></span> <span class='ocrx_word' id='word_1_139' title='bbox 845 1343 967 1400; x_wconf 93' lang='lat' dir='ltr'><strong>intermi-</strong></span> <span class='ocrx_word' id='word_1_140' title='bbox 1006 1345 1136 1415; x_wconf 85' lang='lat' dir='ltr'><strong>pissimus,</strong></span> <span class='ocrx_word' id='word_1_141' title='bbox 1152 1353 1206 1402; x_wconf 81' lang='lat' dir='ltr'><strong>tem</strong></span> <span class='ocrx_word' id='word_1_142' title='bbox 1222 1361 1255 1403; x_wconf 85' lang='lat' dir='ltr'><strong>ex</strong></span> <span class='ocrx_word' id='word_1_143' title='bbox 1270 1353 1330 1404; x_wconf 89' lang='lat' dir='ltr'><strong>toto</strong></span> <span class='ocrx_word' id='word_1_144' title='bbox 1344 1348 1427 1404; x_wconf 87' lang='lat' dir='ltr'><strong>rebus</strong></span> <span class='ocrx_word' id='word_1_145' title='bbox 1441 1355 1469 1406; x_wconf 91' lang='lat' dir='ltr'><strong>et</strong></span> <span class='ocrx_word' id='word_1_146' title='bbox 1484 1349 1621 1407; x_wconf 84' lang='lat' dir='ltr'><strong>thesauris</strong></span> <span class='ocrx_word' id='word_1_147' title='bbox 1635 1353 1693 1408; x_wconf 90' lang='lat' dir='ltr'><strong>suis</strong></span> <span class='ocrx_word' id='word_1_148' title='bbox 1707 1353 1735 1409; x_wconf 93' lang='lat' dir='ltr'><strong>in</strong></span> <span class='ocrx_word' id='word_1_149' title='bbox 1758 1369 1827 1425; x_wconf 92' lang='lat' dir='ltr'><strong>pau·</strong></span> 
     </span>
     <span class='ocr_line' id='line_1_13' title="bbox 146 1435 1827 1506; baseline 0.009 -19"><span class='ocrx_word' id='word_1_150' title='bbox 146 1438 223 1488; x_wconf 90' lang='lat' dir='ltr'><strong>nante</strong></span> <span class='ocrx_word' id='word_1_151' title='bbox 241 1439 431 1490; x_wconf 88' lang='lat' dir='ltr'><strong>cessaverunt.</strong></span> <span class='ocrx_word' id='word_1_152' title='bbox 1007 1447 1088 1505; x_wconf 90' lang='lat' dir='ltr'><strong>peres</strong></span> <span class='ocrx_word' id='word_1_153' title='bbox 1107 1440 1134 1490; x_wconf 94' lang='lat' dir='ltr'><strong>et</strong></span> <span class='ocrx_word' id='word_1_154' title='bbox 1154 1435 1294 1492; x_wconf 85' lang='lat' dir='ltr'><strong>aecclesias</strong></span> <span class='ocrx_word' id='word_1_155' title='bbox 1313 1436 1479 1506; x_wconf 88' lang='lat' dir='ltr'><strong>dispensatis</strong></span> <span class='ocrx_word' id='word_1_156' title='bbox 1493 1445 1523 1494; x_wconf 93' lang='lat' dir='ltr'><strong>ut</strong></span> <span class='ocrx_word' id='word_1_157' title='bbox 1541 1437 1627 1496; x_wconf 91' lang='lat' dir='ltr'><strong>lerme</strong></span> <span class='ocrx_word' id='word_1_158' title='bbox 1642 1441 1733 1500; x_wconf 92' lang='lat' dir='ltr'><strong>nudus</strong></span> <span class='ocrx_word' id='word_1_159' title='bbox 1746 1444 1827 1501; x_wconf 83' lang='lat' dir='ltr'><strong>nudae</strong></span> 
     </span>
     <span class='ocr_line' id='line_1_14' title="bbox 490 1522 1829 1613; baseline 0.012 -38"><span class='ocrx_word' id='word_1_160' title='bbox 490 1557 628 1613; x_wconf 25' lang='lat' dir='ltr'><strong>mvfflu</strong></span> <span class='ocrx_word' id='word_1_161' title='bbox 1008 1522 1100 1578; x_wconf 93' lang='lat' dir='ltr'><strong>crucis</strong></span> <span class='ocrx_word' id='word_1_162' title='bbox 1113 1523 1221 1594; x_wconf 77' lang='lat' dir='ltr'><strong>baiulus</strong></span> <span class='ocrx_word' id='word_1_163' title='bbox 1240 1524 1384 1593; x_wconf 88' lang='lat' dir='ltr'><strong>resideret,</strong></span> <span class='ocrx_word' id='word_1_164' title='bbox 1397 1531 1426 1581; x_wconf 90' lang='lat' dir='ltr'><strong>et</strong></span> <span class='ocrx_word' id='word_1_165' title='bbox 1440 1534 1494 1582; x_wconf 88' lang='lat' dir='ltr'><strong>tam</strong></span> <span class='ocrx_word' id='word_1_166' title='bbox 1514 1525 1634 1597; x_wconf 82' lang='lat' dir='ltr'><strong>perlecta</strong></span> <span class='ocrx_word' id='word_1_167' title='bbox 1656 1539 1684 1587; x_wconf 91' lang='lat' dir='ltr'><strong>et</strong></span> <span class='ocrx_word' id='word_1_168' title='bbox 1702 1531 1829 1591; x_wconf 89' lang='lat' dir='ltr'><strong>lacrimo-</strong></span> 
     </span>
     <span class='ocr_line' id='line_1_15' title="bbox 1006 1611 1829 1686; baseline 0.013 -18"><span class='ocrx_word' id='word_1_169' title='bbox 1006 1611 1115 1668; x_wconf 86' lang='lat' dir='ltr'><strong>sissima</strong></span> <span class='ocrx_word' id='word_1_170' title='bbox 1129 1613 1291 1682; x_wconf 87' lang='lat' dir='ltr'><strong>poeuitentia</strong></span> <span class='ocrx_word' id='word_1_171' title='bbox 1305 1613 1414 1671; x_wconf 87' lang='lat' dir='ltr'><strong>alter¹¹¹</strong></span> <span class='ocrx_word' id='word_1_172' title='bbox 1433 1628 1466 1670; x_wconf 88' lang='lat' dir='ltr'><strong>ex</strong></span> <span class='ocrx_word' id='word_1_173' title='bbox 1480 1614 1567 1672; x_wconf 90' lang='lat' dir='ltr'><strong>altero</strong></span> <span class='ocrx_word' id='word_1_174' title='bbox 1582 1617 1704 1686; x_wconf 81' lang='lat' dir='ltr'><strong>edoctus,</strong></span> <span class='ocrx_word' id='word_1_175' title='bbox 1720 1627 1751 1677; x_wconf 92' lang='lat' dir='ltr'><strong>ut</strong></span> <span class='ocrx_word' id='word_1_176' title='bbox 1764 1621 1829 1679; x_wconf 93' lang='lat' dir='ltr'><strong>binc</strong></span> 
     </span>
     <span class='ocr_line' id='line_1_16' title="bbox 178 1697 1828 1774; baseline 0.008 -21"><span class='ocrx_word' id='word_1_177' title='bbox 178 1697 323 1755; x_wconf 88' lang='lat' dir='ltr'><strong>lleiuricns</strong></span> <span class='ocrx_word' id='word_1_178' title='bbox 342 1713 390 1756; x_wconf 85' lang='lat' dir='ltr'><strong>rex</strong></span> <span class='ocrx_word' id='word_1_179' title='bbox 409 1697 525 1756; x_wconf 89' lang='lat' dir='ltr'><strong>natalem</strong></span> <span class='ocrx_word' id='word_1_180' title='bbox 541 1700 649 1756; x_wconf 88' lang='lat' dir='ltr'><strong>bomini</strong></span> <span class='ocrx_word' id='word_1_181' title='bbox 664 1697 786 1756; x_wconf 82' lang='lat' dir='ltr'><strong>Colonlae</strong></span> <span class='ocrx_word' id='word_1_182' title='bbox 805 1699 965 1768; x_wconf 90' lang='lat' dir='ltr'><strong>celebravit,</strong></span> <span class='ocrx_word' id='word_1_183' title='bbox 1008 1699 1043 1758; x_wconf 86' lang='lat' dir='ltr'><strong>ad</strong></span> <span class='ocrx_word' id='word_1_184' title='bbox 1067 1701 1273 1772; x_wconf 85' lang='lat' dir='ltr'><strong>supercoelestis</strong></span> <span class='ocrx_word' id='word_1_185' title='bbox 1294 1703 1490 1774; x_wconf 90' lang='lat' dir='ltr'><strong>municipatum</strong></span> <span class='ocrx_word' id='word_1_186' title='bbox 1512 1704 1596 1761; x_wconf 82' lang='lat' dir='ltr'><strong>curiae</strong></span> <span class='ocrx_word' id='word_1_187' title='bbox 1620 1705 1738 1765; x_wconf 89' lang='lat' dir='ltr'><strong>leliciter</strong></span> <span class='ocrx_word' id='word_1_188' title='bbox 1752 1709 1828 1768; x_wconf 91' lang='lat' dir='ltr'><strong>lllum</strong></span> 
     </span>
     <span class='ocr_line' id='line_1_17' title="bbox 146 1785 1830 1862; baseline 0.008 -20"><span class='ocrx_word' id='word_1_189' title='bbox 146 1787 242 1843; x_wconf 84' lang='lat' dir='ltr'><strong>luscha</strong></span> <span class='ocrx_word' id='word_1_190' title='bbox 257 1795 382 1844; x_wconf 90' lang='lat' dir='ltr'><strong>autem...</strong></span> <span class='ocrx_word' id='word_1_191' title='bbox 398 1787 450 1844; x_wconf 83' lang='lat' dir='ltr'><strong>ilic</strong></span> <span class='ocrx_word' id='word_1_192' title='bbox 464 1787 646 1844; x_wconf 80' lang='lat' dir='ltr'><strong>cdobscemiae</strong></span> <span class='ocrx_word' id='word_1_193' title='bbox 659 1803 714 1844; x_wconf 82' lang='lat' dir='ltr'><strong>scm</strong></span> <span class='ocrx_word' id='word_1_194' title='bbox 728 1803 818 1845; x_wconf 87' lang='lat' dir='ltr'><strong>errore</strong></span> <span class='ocrx_word' id='word_1_195' title='bbox 831 1787 961 1855; x_wconf 87' lang='lat' dir='ltr'><strong>seductus,</strong></span> <span class='ocrx_word' id='word_1_196' title='bbox 974 1785 998 1844; x_wconf 93' lang='lat' dir='ltr'>B</span> <span class='ocrx_word' id='word_1_197' title='bbox 1009 1789 1158 1862; x_wconf 70' lang='lat' dir='ltr'><strong>emigrasse</strong></span> <span class='ocrx_word' id='word_1_198' title='bbox 1181 1789 1222 1848; x_wconf 89' lang='lat' dir='ltr'><strong>ias</strong></span> <span class='ocrx_word' id='word_1_199' title='bbox 1241 1803 1298 1847; x_wconf 91' lang='lat' dir='ltr'><strong>noo</strong></span> <span class='ocrx_word' id='word_1_200' title='bbox 1321 1792 1358 1848; x_wconf 91' lang='lat' dir='ltr'><strong>sit</strong></span> <span class='ocrx_word' id='word_1_201' title='bbox 1373 1791 1402 1824; x_wconf 90' lang='lat'><strong>¹¹¹</strong></span> <span class='ocrx_word' id='word_1_202' title='bbox 1427 1790 1563 1860; x_wconf 91' lang='lat' dir='ltr'><strong>dubitare,</strong></span> <span class='ocrx_word' id='word_1_203' title='bbox 1585 1793 1613 1850; x_wconf 93' lang='lat' dir='ltr'><strong>lu</strong></span> <span class='ocrx_word' id='word_1_204' title='bbox 1636 1794 1711 1852; x_wconf 91' lang='lat' dir='ltr'><strong>illius</strong></span> <span class='ocrx_word' id='word_1_205' title='bbox 1734 1810 1830 1856; x_wconf 87' lang='lat' dir='ltr'><strong>manus</strong></span> 
     </span>
     <span class='ocr_line' id='line_1_18' title="bbox 145 1875 1830 1953; baseline 0.008 -22"><span class='ocrx_word' id='word_1_206' title='bbox 145 1875 262 1944; x_wconf 73' lang='lat' dir='ltr'><strong>bottimae</strong></span> <span class='ocrx_word' id='word_1_207' title='bbox 275 1877 393 1947; x_wconf 75' lang='lat' dir='ltr'><strong>coniugis</strong></span> <span class='ocrx_word' id='word_1_208' title='bbox 407 1877 473 1933; x_wconf 89' lang='lat' dir='ltr'><strong>odeo</strong></span> <span class='ocrx_word' id='word_1_209' title='bbox 488 1876 659 1944; x_wconf 76' lang='lat' dir='ltr'><strong>obliuiscitur,</strong></span> <span class='ocrx_word' id='word_1_210' title='bbox 675 1882 699 1933; x_wconf 87' lang='lat' dir='ltr'><strong>st</strong></span> <span class='ocrx_word' id='word_1_211' title='bbox 715 1883 769 1934; x_wconf 88' lang='lat' dir='ltr'><strong>tom</strong></span> <span class='ocrx_word' id='word_1_212' title='bbox 783 1878 905 1950; x_wconf 71' lang='lat' dir='ltr'><strong>celandis</strong></span> <span class='ocrx_word' id='word_1_213' title='bbox 919 1879 969 1934; x_wconf 89' lang='lat' dir='ltr'><strong>cri·</strong></span> <span class='ocrx_word' id='word_1_214' title='bbox 1008 1879 1107 1949; x_wconf 89' lang='lat' dir='ltr'><strong>spiritu</strong></span> <span class='ocrx_word' id='word_1_215' title='bbox 1126 1893 1177 1936; x_wconf 92' lang='lat' dir='ltr'><strong>suo</strong></span> <span class='ocrx_word' id='word_1_216' title='bbox 1195 1879 1397 1947; x_wconf 87' lang='lat' dir='ltr'><strong>commendato,</strong></span> <span class='ocrx_word' id='word_1_217' title='bbox 1417 1883 1497 1952; x_wconf 85' lang='lat' dir='ltr'><strong>cujus</strong></span> <span class='ocrx_word' id='word_1_218' title='bbox 1519 1882 1614 1953; x_wconf 78' lang='lat' dir='ltr'><strong>gratim</strong></span> <span class='ocrx_word' id='word_1_219' title='bbox 1638 1883 1830 1944; x_wconf 90' lang='lat' dir='ltr'><strong>devotissimus</strong></span> 
     </span>
     <span class='ocr_line' id='line_1_19' title="bbox 147 1964 1831 2043; baseline 0.008 -24"><span class='ocrx_word' id='word_1_220' title='bbox 147 1964 253 2020; x_wconf 86' lang='lat' dir='ltr'><strong>minibus</strong></span> <span class='ocrx_word' id='word_1_221' title='bbox 275 1964 406 2022; x_wconf 83' lang='lat' dir='ltr'><strong>involutus</strong></span> <span class='ocrx_word' id='word_1_222' title='bbox 424 1980 483 2022; x_wconf 87' lang='lat' dir='ltr'><strong>esse</strong></span> <span class='ocrx_word' id='word_1_223' title='bbox 505 1965 666 2036; x_wconf 65' lang='lat' dir='ltr'><strong>diffamatur,</strong></span> <span class='ocrx_word' id='word_1_224' title='bbox 687 1971 714 2022; x_wconf 89' lang='lat' dir='ltr'><strong>ut</strong></span> <span class='ocrx_word' id='word_1_225' title='bbox 738 1967 816 2022; x_wconf 87' lang='lat' dir='ltr'><strong>elium</strong></span> <span class='ocrx_word' id='word_1_226' title='bbox 838 1967 969 2040; x_wconf 77' lang='lat' dir='ltr'><strong>principes</strong></span> <span class='ocrx_word' id='word_1_227' title='bbox 1008 1967 1165 2038; x_wconf 89' lang='lat' dir='ltr'><strong>suspiravit,</strong></span> <span class='ocrx_word' id='word_1_228' title='bbox 1181 1967 1341 2024; x_wconf 85' lang='lat' dir='ltr'><strong>cmlcstibus</strong></span> <span class='ocrx_word' id='word_1_229' title='bbox 1355 1981 1389 2024; x_wconf 85' lang='lat' dir='ltr'><strong>ex</strong></span> <span class='ocrx_word' id='word_1_230' title='bbox 1408 1974 1466 2024; x_wconf 90' lang='lat' dir='ltr'><strong>toto</strong></span> <span class='ocrx_word' id='word_1_231' title='bbox 1488 1982 1639 2040; x_wconf 89' lang='lat' dir='ltr'><strong>suspensus</strong></span> <span class='ocrx_word' id='word_1_232' title='bbox 1660 1972 1831 2043; x_wconf 83' lang='lat' dir='ltr'><strong>gratulanter</strong></span> 
     </span>
     <span class='ocr_line' id='line_1_20' title="bbox 145 2053 1829 2134; baseline 0.006 -25"><span class='ocrx_word' id='word_1_233' title='bbox 145 2053 197 2122; x_wconf 68' lang='lat' dir='ltr'><strong>mus</strong></span> <span class='ocrx_word' id='word_1_234' title='bbox 219 2069 279 2111; x_wconf 88' lang='lat' dir='ltr'><strong>eum</strong></span> <span class='ocrx_word' id='word_1_235' title='bbox 301 2070 380 2126; x_wconf 81' lang='lat' dir='ltr'><strong>repro</strong></span> <span class='ocrx_word' id='word_1_236' title='bbox 402 2058 509 2128; x_wconf 87' lang='lat' dir='ltr'><strong>prinnre</strong></span> <span class='ocrx_word' id='word_1_237' title='bbox 533 2055 694 2114; x_wconf 83' lang='lat' dir='ltr'><strong>molirentur.</strong></span> <span class='ocrx_word' id='word_1_238' title='bbox 720 2057 798 2113; x_wconf 78' lang='lat' dir='ltr'><strong>Totus</strong></span> <span class='ocrx_word' id='word_1_239' title='bbox 816 2055 861 2113; x_wconf 87' lang='lat' dir='ltr'><strong>ille</strong></span> <span class='ocrx_word' id='word_1_240' title='bbox 884 2071 969 2112; x_wconf 88' lang='lat' dir='ltr'><strong>conus</strong></span> <span class='ocrx_word' id='word_1_241' title='bbox 1009 2057 1152 2127; x_wconf 83' lang='lat' dir='ltr'><strong>expiravit.</strong></span> <span class='ocrx_word' id='word_1_242' title='bbox 1179 2056 1229 2112; x_wconf 92' lang='lat' dir='ltr'><strong>llic</strong></span> <span class='ocrx_word' id='word_1_243' title='bbox 1245 2056 1362 2134; x_wconf 73' lang='lat' dir='ltr'><strong>¹demum</strong></span> <span class='ocrx_word' id='word_1_244' title='bbox 1384 2057 1457 2128; x_wconf 88' lang='lat' dir='ltr'><strong>apud</strong></span> <span class='ocrx_word' id='word_1_245' title='bbox 1477 2057 1649 2127; x_wconf 85' lang='lat' dir='ltr'><strong>Viridunum,</strong></span> <span class='ocrx_word' id='word_1_246' title='bbox 1675 2061 1722 2118; x_wconf 94' lang='lat' dir='ltr'><strong>ubl</strong></span> <span class='ocrx_word' id='word_1_247' title='bbox 1747 2062 1829 2118; x_wconf 90' lang='lat' dir='ltr'><strong>etiam</strong></span> 
     </span>
     <span class='ocr_line' id='line_1_21' title="bbox 142 2141 1830 2212; baseline 0.007 -15"><span class='ocrx_word' id='word_1_248' title='bbox 142 2141 316 2212; x_wconf 64' lang='lat' dir='ltr'><strong>plumatum.</strong></span> <span class='ocrx_word' id='word_1_249' title='bbox 1009 2143 1155 2201; x_wconf 82' lang='lat' dir='ltr'><strong>defunctus</strong></span> <span class='ocrx_word' id='word_1_250' title='bbox 1180 2151 1232 2212; x_wconf 89' lang='lat' dir='ltr'><strong>est,</strong></span> <span class='ocrx_word' id='word_1_251' title='bbox 1258 2143 1276 2197; x_wconf 84' lang='grc'>9</span> <span class='ocrx_word' id='word_1_252' title='bbox 1298 2143 1413 2202; x_wconf 88' lang='lat' dir='ltr'><strong>llalend.</strong></span> <span class='ocrx_word' id='word_1_253' title='bbox 1441 2145 1553 2202; x_wconf 84' lang='lat' dir='ltr'><strong>ianuar.</strong></span> <span class='ocrx_word' id='word_1_254' title='bbox 1582 2147 1691 2206; x_wconf 90' lang='lat' dir='ltr'><strong>ldouels</strong></span> <span class='ocrx_word' id='word_1_255' title='bbox 1718 2151 1830 2210; x_wconf 91' lang='lat' dir='ltr'><strong>omnino</strong></span> 
     </span>
     <span class='ocr_line' id='line_1_22' title="bbox 498 2232 1599 2326; baseline 0.004 -39"><span class='ocrx_word' id='word_1_256' title='bbox 498 2269 612 2326; x_wconf 42' lang='lat' dir='ltr'><strong>mlx·</strong></span> <span class='ocrx_word' id='word_1_257' title='bbox 1009 2233 1134 2304; x_wconf 83' lang='lat' dir='ltr'><strong>exequiis</strong></span> <span class='ocrx_word' id='word_1_258' title='bbox 1148 2232 1307 2298; x_wconf 90' lang='lat' dir='ltr'><strong>tumulatus,</strong></span> <span class='ocrx_word' id='word_1_259' title='bbox 1321 2235 1351 2290; x_wconf 87' lang='lat' dir='ltr'><strong>in</strong></span> <span class='ocrx_word' id='word_1_260' title='bbox 1362 2248 1429 2306; x_wconf 87' lang='lat' dir='ltr'><strong>pcce</strong></span> <span class='ocrx_word' id='word_1_261' title='bbox 1440 2234 1599 2305; x_wconf 86' lang='lat' dir='ltr'><strong>requiescat.</strong></span> 
     </span>
    </p>
   </div>
   <div class='ocr_carea' id='block_1_3' title="bbox 143 2377 1838 4785">
    <p class='ocr_par' dir='ltr' id='par_1_3' title="bbox 143 2377 1836 3102">
     <span class='ocr_line' id='line_1_23' title="bbox 175 2377 1472 2483; baseline 0.002 -18"><span class='ocrx_word' id='word_1_262' title='bbox 175 2411 238 2465; x_wconf 78' lang='lat' dir='ltr'><strong>Poe</strong></span> <span class='ocrx_word' id='word_1_263' title='bbox 253 2415 277 2466; x_wconf 89' lang='lat' dir='ltr'><strong>et</strong></span> <span class='ocrx_word' id='word_1_264' title='bbox 291 2407 470 2466; x_wconf 74' lang='lat' dir='ltr'><strong>reconciliatio</strong></span> <span class='ocrx_word' id='word_1_265' title='bbox 485 2411 513 2465; x_wconf 89' lang='lat' dir='ltr'><strong>in</strong></span> <span class='ocrx_word' id='word_1_266' title='bbox 527 2409 623 2482; x_wconf 88' lang='lat' dir='ltr'><strong>populo</strong></span> <span class='ocrx_word' id='word_1_267' title='bbox 636 2411 666 2466; x_wconf 85' lang='lat' dir='ltr'><strong>in</strong></span> <span class='ocrx_word' id='word_1_268' title='bbox 678 2409 762 2467; x_wconf 80' lang='lat' dir='ltr'><strong>scioli</strong></span> <span class='ocrx_word' id='word_1_269' title='bbox 781 2411 885 2469; x_wconf 83' lang='lat' dir='ltr'><strong>Domini</strong></span> <span class='ocrx_word' id='word_1_270' title='bbox 898 2410 969 2483; x_wconf 84' lang='lat' dir='ltr'><strong>apud</strong></span> <span class='ocrx_word' id='word_1_271' title='bbox 1370 2377 1472 2434; x_wconf 67' lang='lat' dir='ltr'><strong>mx·</strong></span> 
     </span>
     <span class='ocr_line' id='line_1_24' title="bbox 143 2495 1832 2575; baseline 0.006 -23"><span class='ocrx_word' id='word_1_272' title='bbox 143 2495 259 2552; x_wconf 85' lang='lat' dir='ltr'><strong>Goslnrc</strong></span> <span class='ocrx_word' id='word_1_273' title='bbox 276 2495 360 2566; x_wconf 84' lang='lat' dir='ltr'><strong>repuli</strong></span> <span class='ocrx_word' id='word_1_274' title='bbox 373 2496 457 2553; x_wconf 86' lang='lat' dir='ltr'><strong>edicto</strong></span> <span class='ocrx_word' id='word_1_275' title='bbox 471 2496 519 2552; x_wconf 83' lang='lat' dir='ltr'><strong>cub</strong></span> <span class='ocrx_word' id='word_1_276' title='bbox 537 2503 701 2554; x_wconf 75' lang='lat' dir='ltr'><strong>sumomonte</strong></span> <span class='ocrx_word' id='word_1_277' title='bbox 722 2504 781 2555; x_wconf 87' lang='lat' dir='ltr'><strong>cunt</strong></span> <span class='ocrx_word' id='word_1_278' title='bbox 798 2499 967 2570; x_wconf 72' lang='lat' dir='ltr'><strong>conprmctae.</strong></span> <span class='ocrx_word' id='word_1_279' title='bbox 1045 2501 1103 2557; x_wconf 86' lang='lat' dir='ltr'><strong>ilex</strong></span> <span class='ocrx_word' id='word_1_280' title='bbox 1122 2499 1240 2556; x_wconf 90' lang='lat' dir='ltr'><strong>natalem</strong></span> <span class='ocrx_word' id='word_1_281' title='bbox 1259 2499 1367 2556; x_wconf 84' lang='lat' dir='ltr'><strong>Domini</strong></span> <span class='ocrx_word' id='word_1_282' title='bbox 1391 2499 1534 2572; x_wconf 82' lang='lat' dir='ltr'><strong>l&#39;risiuglae</strong></span> <span class='ocrx_word' id='word_1_283' title='bbox 1549 2501 1616 2573; x_wconf 84' lang='lat' dir='ltr'><strong>egit,</strong></span> <span class='ocrx_word' id='word_1_284' title='bbox 1632 2501 1752 2574; x_wconf 89' lang='lat' dir='ltr'><strong>indeque</strong></span> <span class='ocrx_word' id='word_1_285' title='bbox 1767 2519 1832 2575; x_wconf 94' lang='lat' dir='ltr'><strong>par·</strong></span> 
     </span>
     <span class='ocr_line' id='line_1_25' title="bbox 177 2585 1833 2658; baseline 0.006 -18"><span class='ocrx_word' id='word_1_286' title='bbox 177 2585 322 2641; x_wconf 82' lang='lat' dir='ltr'><strong>Heinrimu</strong></span> <span class='ocrx_word' id='word_1_287' title='bbox 335 2599 386 2641; x_wconf 81' lang='lat' dir='ltr'><strong>rea</strong></span> <span class='ocrx_word' id='word_1_288' title='bbox 399 2590 499 2655; x_wconf 85' lang='lat' dir='ltr'><strong>pentem</strong></span> <span class='ocrx_word' id='word_1_289' title='bbox 516 2587 682 2642; x_wconf 69' lang='lat' dir='ltr'><strong>triticorum</strong></span> <span class='ocrx_word' id='word_1_290' title='bbox 696 2587 826 2644; x_wconf 86' lang='lat' dir='ltr'><strong>deuastat.</strong></span> <span class='ocrx_word' id='word_1_291' title='bbox 1011 2587 1085 2644; x_wconf 87' lang='lat' dir='ltr'><strong>tibus</strong></span> <span class='ocrx_word' id='word_1_292' title='bbox 1100 2588 1155 2644; x_wconf 88' lang='lat' dir='ltr'><strong>illls</strong></span> <span class='ocrx_word' id='word_1_293' title='bbox 1174 2587 1348 2658; x_wconf 89' lang='lat' dir='ltr'><strong>pertransitis</strong></span> <span class='ocrx_word' id='word_1_294' title='bbox 1361 2588 1389 2644; x_wconf 92' lang='lat' dir='ltr'><strong>io</strong></span> <span class='ocrx_word' id='word_1_295' title='bbox 1413 2587 1605 2658; x_wconf 91' lang='lat' dir='ltr'><strong>purlllcatioue</strong></span> <span class='ocrx_word' id='word_1_296' title='bbox 1618 2596 1722 2648; x_wconf 79' lang='lat' dir='ltr'><strong>sauctae</strong></span> <span class='ocrx_word' id='word_1_297' title='bbox 1742 2593 1833 2651; x_wconf 83' lang='lat' dir='ltr'><strong>llarlae</strong></span> 
     </span>
     <span class='ocr_line' id='line_1_26' title="bbox 176 2673 1834 2748; baseline 0.005 -19"><span class='ocrx_word' id='word_1_298' title='bbox 176 2673 256 2730; x_wconf 83' lang='lat' dir='ltr'><strong>Dedo</strong></span> <span class='ocrx_word' id='word_1_299' title='bbox 274 2674 390 2730; x_wconf 83' lang='lat' dir='ltr'><strong>nsorchio</strong></span> <span class='ocrx_word' id='word_1_300' title='bbox 409 2675 561 2730; x_wconf 75' lang='lat' dir='ltr'><strong>scamium</strong></span> <span class='ocrx_word' id='word_1_301' title='bbox 582 2675 640 2744; x_wconf 83' lang='lat' dir='ltr'><strong>cepi</strong></span> <span class='ocrx_word' id='word_1_302' title='bbox 662 2674 781 2744; x_wconf 76' lang='lat' dir='ltr'><strong>rebellam,</strong></span> <span class='ocrx_word' id='word_1_303' title='bbox 796 2680 835 2732; x_wconf 89' lang='lat' dir='ltr'><strong>set</strong></span> <span class='ocrx_word' id='word_1_304' title='bbox 851 2681 970 2748; x_wconf 90' lang='lat' dir='ltr'><strong>postmo-</strong></span> <span class='ocrx_word' id='word_1_305' title='bbox 1010 2677 1158 2746; x_wconf 86' lang='lat' dir='ltr'><strong>hugustam</strong></span> <span class='ocrx_word' id='word_1_306' title='bbox 1173 2675 1294 2745; x_wconf 87' lang='lat' dir='ltr'><strong>pervenit</strong></span> <span class='ocrx_word' id='word_1_307' title='bbox 1307 2675 1348 2728; x_wconf 86' lang='lat'><strong>¹¹¹.</strong></span> <span class='ocrx_word' id='word_1_308' title='bbox 1364 2675 1431 2732; x_wconf 92' lang='lat' dir='ltr'><strong>llluc</strong></span> <span class='ocrx_word' id='word_1_309' title='bbox 1446 2689 1513 2748; x_wconf 86' lang='lat' dir='ltr'><strong>ergo</strong></span> <span class='ocrx_word' id='word_1_310' title='bbox 1527 2674 1627 2734; x_wconf 86' lang='lat' dir='ltr'><strong>iratres</strong></span> <span class='ocrx_word' id='word_1_311' title='bbox 1641 2679 1834 2738; x_wconf 85' lang='lat' dir='ltr'><strong>constantien-</strong></span> 
     </span>
     <span class='ocr_line' id='line_1_27' title="bbox 144 2761 1834 2840; baseline 0.005 -21"><span class='ocrx_word' id='word_1_312' title='bbox 144 2763 204 2820; x_wconf 87' lang='lat' dir='ltr'><strong>dum</strong></span> <span class='ocrx_word' id='word_1_313' title='bbox 218 2767 328 2818; x_wconf 85' lang='lat' dir='ltr'><strong>coactus</strong></span> <span class='ocrx_word' id='word_1_314' title='bbox 341 2762 378 2818; x_wconf 89' lang='lat' dir='ltr'><strong>cd</strong></span> <span class='ocrx_word' id='word_1_315' title='bbox 392 2761 550 2820; x_wconf 84' lang='lat' dir='ltr'><strong>deditionem</strong></span> <span class='ocrx_word' id='word_1_316' title='bbox 563 2764 642 2820; x_wconf 75' lang='lat' dir='ltr'><strong>vemt.</strong></span> <span class='ocrx_word' id='word_1_317' title='bbox 1012 2777 1057 2819; x_wconf 90' lang='lat' dir='ltr'><strong>ses</strong></span> <span class='ocrx_word' id='word_1_318' title='bbox 1076 2777 1127 2834; x_wconf 94' lang='lat' dir='ltr'><strong>pro</strong></span> <span class='ocrx_word' id='word_1_319' title='bbox 1141 2777 1192 2820; x_wconf 94' lang='lat' dir='ltr'><strong>suo</strong></span> <span class='ocrx_word' id='word_1_320' title='bbox 1207 2764 1297 2820; x_wconf 89' lang='lat' dir='ltr'><strong>electo</strong></span> <span class='ocrx_word' id='word_1_321' title='bbox 1313 2777 1363 2833; x_wconf 90' lang='lat' dir='ltr'><strong>per</strong></span> <span class='ocrx_word' id='word_1_322' title='bbox 1385 2765 1460 2835; x_wconf 86' lang='lat' dir='ltr'><strong>regis</strong></span> <span class='ocrx_word' id='word_1_323' title='bbox 1482 2765 1640 2837; x_wconf 87' lang='lat' dir='ltr'><strong>sullragium</strong></span> <span class='ocrx_word' id='word_1_324' title='bbox 1663 2770 1834 2840; x_wconf 91' lang='lat' dir='ltr'><strong>acceptando</strong></span> 
     </span>
     <span class='ocr_line' id='line_1_28' title="bbox 178 2850 1836 2926; baseline 0.004 -17"><span class='ocrx_word' id='word_1_325' title='bbox 178 2850 341 2909; x_wconf 80' lang='lat' dir='ltr'><strong>oudulrmm</strong></span> <span class='ocrx_word' id='word_1_326' title='bbox 359 2851 442 2909; x_wconf 81' lang='lat' dir='ltr'><strong>cibos</strong></span> <span class='ocrx_word' id='word_1_327' title='bbox 464 2853 604 2922; x_wconf 75' lang='lat' dir='ltr'><strong>Auriensis</strong></span> <span class='ocrx_word' id='word_1_328' title='bbox 627 2852 701 2922; x_wconf 72' lang='lat' dir='ltr'><strong>obiit</strong></span> <span class='ocrx_word' id='word_1_329' title='bbox 719 2868 769 2926; x_wconf 89' lang='lat' dir='ltr'><strong>pro</strong></span> <span class='ocrx_word' id='word_1_330' title='bbox 788 2868 840 2924; x_wconf 85' lang='lat' dir='ltr'><strong>quo</strong></span> <span class='ocrx_word' id='word_1_331' title='bbox 859 2853 970 2923; x_wconf 82' lang='lat' dir='ltr'><strong>quidem</strong></span> <span class='ocrx_word' id='word_1_332' title='bbox 1012 2865 1074 2908; x_wconf 89' lang='lat' dir='ltr'><strong>cum</strong></span> <span class='ocrx_word' id='word_1_333' title='bbox 1093 2851 1229 2920; x_wconf 88' lang='lat' dir='ltr'><strong>venirent,</strong></span> <span class='ocrx_word' id='word_1_334' title='bbox 1255 2851 1388 2922; x_wconf 83' lang='lat' dir='ltr'><strong>predicto</strong></span> <span class='ocrx_word' id='word_1_335' title='bbox 1412 2854 1601 2924; x_wconf 87' lang='lat' dir='ltr'><strong>symmoniaco</strong></span> <span class='ocrx_word' id='word_1_336' title='bbox 1612 2855 1644 2888; x_wconf 89' lang='lat'><strong>¹¹¹</strong></span> <span class='ocrx_word' id='word_1_337' title='bbox 1667 2857 1715 2914; x_wconf 89' lang='lat' dir='ltr'><strong>illo</strong></span> <span class='ocrx_word' id='word_1_338' title='bbox 1733 2859 1836 2917; x_wconf 92' lang='lat' dir='ltr'><strong>vellent</strong></span> 
     </span>
     <span class='ocr_line' id='line_1_29' title="bbox 146 2940 1835 3018; baseline 0.004 -19"><span class='ocrx_word' id='word_1_339' title='bbox 146 2941 342 3010; x_wconf 83' lang='lat' dir='ltr'><strong>llepinmcrdus</strong></span> <span class='ocrx_word' id='word_1_340' title='bbox 356 2941 392 2998; x_wconf 89' lang='lat' dir='ltr'><strong>do</strong></span> <span class='ocrx_word' id='word_1_341' title='bbox 415 2941 601 2998; x_wconf 87' lang='lat' dir='ltr'><strong>liiltinlshsim</strong></span> <span class='ocrx_word' id='word_1_342' title='bbox 624 2941 709 3000; x_wconf 91' lang='lat' dir='ltr'><strong>abbas</strong></span> <span class='ocrx_word' id='word_1_343' title='bbox 731 2943 902 3012; x_wconf 72' lang='lat' dir='ltr'><strong>symoniace,</strong></span> <span class='ocrx_word' id='word_1_344' title='bbox 919 2942 972 2998; x_wconf 92' lang='lat' dir='ltr'><strong>lra-</strong></span> <span class='ocrx_word' id='word_1_345' title='bbox 1012 2940 1119 2998; x_wconf 90' lang='lat' dir='ltr'><strong>nollent</strong></span> <span class='ocrx_word' id='word_1_346' title='bbox 1141 2946 1267 3013; x_wconf 84' lang='lat' dir='ltr'><strong>urgente,</strong></span> <span class='ocrx_word' id='word_1_347' title='bbox 1295 2943 1367 3013; x_wconf 87' lang='lat' dir='ltr'><strong>regis</strong></span> <span class='ocrx_word' id='word_1_348' title='bbox 1389 2943 1598 3000; x_wconf 87' lang='lat' dir='ltr'><strong>comminatoria</strong></span> <span class='ocrx_word' id='word_1_349' title='bbox 1620 2947 1687 3002; x_wconf 89' lang='lat' dir='ltr'><strong>satis</strong></span> <span class='ocrx_word' id='word_1_350' title='bbox 1709 2949 1835 3018; x_wconf 87' lang='lat' dir='ltr'><strong>jussione</strong></span> 
     </span>
     <span class='ocr_line' id='line_1_30' title="bbox 146 3029 1833 3102; baseline 0.007 -18"><span class='ocrx_word' id='word_1_351' title='bbox 146 3030 234 3086; x_wconf 90' lang='lat' dir='ltr'><strong>tribus</strong></span> <span class='ocrx_word' id='word_1_352' title='bbox 248 3029 458 3097; x_wconf 89' lang='lat' dir='ltr'><strong>rebellantibus,</strong></span> <span class='ocrx_word' id='word_1_353' title='bbox 474 3044 489 3086; x_wconf 91' lang='lat' dir='ltr'><strong>a</strong></span> <span class='ocrx_word' id='word_1_354' title='bbox 505 3044 569 3102; x_wconf 85' lang='lat' dir='ltr'><strong>rege</strong></span> <span class='ocrx_word' id='word_1_355' title='bbox 582 3031 627 3086; x_wconf 85' lang='lat' dir='ltr'><strong>vix</strong></span> <span class='ocrx_word' id='word_1_356' title='bbox 641 3031 827 3088; x_wconf 88' lang='lat' dir='ltr'><strong>substituitur.</strong></span> <span class='ocrx_word' id='word_1_357' title='bbox 1012 3044 1063 3100; x_wconf 91' lang='lat' dir='ltr'><strong>pro</strong></span> <span class='ocrx_word' id='word_1_358' title='bbox 1078 3043 1112 3086; x_wconf 93' lang='lat' dir='ltr'><strong>eo</strong></span> <span class='ocrx_word' id='word_1_359' title='bbox 1127 3029 1183 3086; x_wconf 89' lang='lat' dir='ltr'><strong>illis</strong></span> <span class='ocrx_word' id='word_1_360' title='bbox 1206 3031 1410 3101; x_wconf 80' lang='lat' dir='ltr'><strong>superinposita</strong></span> <span class='ocrx_word' id='word_1_361' title='bbox 1427 3032 1520 3088; x_wconf 87' lang='lat' dir='ltr'><strong>tristes</strong></span> <span class='ocrx_word' id='word_1_362' title='bbox 1534 3031 1645 3090; x_wconf 91' lang='lat' dir='ltr'><strong>domum</strong></span> <span class='ocrx_word' id='word_1_363' title='bbox 1664 3038 1833 3094; x_wconf 88' lang='lat' dir='ltr'><strong>remeabant.</strong></span> 
     </span>
    </p>

    <p class='ocr_par' dir='ltr' id='par_1_4' title="bbox 147 3107 1838 4785">
     <span class='ocr_line' id='line_1_31' title="bbox 181 3107 1835 3198; baseline 0.005 -24"><span class='ocrx_word' id='word_1_364' title='bbox 181 3117 334 3174; x_wconf 87' lang='lat' dir='ltr'><strong>ilumaldus</strong></span> <span class='ocrx_word' id='word_1_365' title='bbox 347 3119 567 3176; x_wconf 82' lang='lat' dir='ltr'><strong>constantiensis</strong></span> <span class='ocrx_word' id='word_1_366' title='bbox 577 3117 608 3151; x_wconf 79' lang='lat'><strong>¹¹⁶</strong></span> <span class='ocrx_word' id='word_1_367' title='bbox 622 3121 779 3191; x_wconf 88' lang='lat' dir='ltr'><strong>episcopus,</strong></span> <span class='ocrx_word' id='word_1_368' title='bbox 796 3120 858 3190; x_wconf 89' lang='lat' dir='ltr'><strong>pius</strong></span> <span class='ocrx_word' id='word_1_369' title='bbox 871 3120 968 3179; x_wconf 87' lang='lat' dir='ltr'><strong>admo·</strong></span> <span class='ocrx_word' id='word_1_370' title='bbox 980 3107 1057 3174; x_wconf 80' lang='lat' dir='ltr'><strong>Gsm</strong></span> <span class='ocrx_word' id='word_1_371' title='bbox 1075 3117 1123 3175; x_wconf 87' lang='lat' dir='ltr'><strong>ille</strong></span> <span class='ocrx_word' id='word_1_372' title='bbox 1145 3118 1361 3175; x_wconf 88' lang='lat' dir='ltr'><strong>anathematicus</strong></span> <span class='ocrx_word' id='word_1_373' title='bbox 1382 3119 1567 3190; x_wconf 88' lang='lat' dir='ltr'><strong>episcopalem</strong></span> <span class='ocrx_word' id='word_1_374' title='bbox 1586 3123 1745 3181; x_wconf 87' lang='lat' dir='ltr'><strong>cathedram</strong></span> <span class='ocrx_word' id='word_1_375' title='bbox 1769 3141 1835 3198; x_wconf 92' lang='lat' dir='ltr'><strong>per·</strong></span> 
     </span>
     <span class='ocr_line' id='line_1_32' title="bbox 148 3204 1834 3282; baseline 0.007 -22"><span class='ocrx_word' id='word_1_376' title='bbox 148 3204 209 3262; x_wconf 90' lang='lat' dir='ltr'><strong>dum</strong></span> <span class='ocrx_word' id='word_1_377' title='bbox 224 3213 254 3263; x_wconf 90' lang='lat' dir='ltr'><strong>et</strong></span> <span class='ocrx_word' id='word_1_378' title='bbox 269 3205 416 3275; x_wconf 90' lang='lat' dir='ltr'><strong>humanus,</strong></span> <span class='ocrx_word' id='word_1_379' title='bbox 429 3207 477 3278; x_wconf 92' lang='lat' dir='ltr'><strong>qui</strong></span> <span class='ocrx_word' id='word_1_380' title='bbox 492 3215 520 3264; x_wconf 89' lang='lat' dir='ltr'><strong>et</strong></span> <span class='ocrx_word' id='word_1_381' title='bbox 534 3206 633 3264; x_wconf 91' lang='lat' dir='ltr'><strong>domus</strong></span> <span class='ocrx_word' id='word_1_382' title='bbox 646 3207 822 3277; x_wconf 87' lang='lat' dir='ltr'><strong>episcopalis,</strong></span> <span class='ocrx_word' id='word_1_383' title='bbox 843 3221 906 3278; x_wconf 82' lang='lat' dir='ltr'><strong>qum</strong></span> <span class='ocrx_word' id='word_1_384' title='bbox 919 3221 970 3265; x_wconf 92' lang='lat' dir='ltr'><strong>suo</strong></span> <span class='ocrx_word' id='word_1_385' title='bbox 1011 3207 1089 3262; x_wconf 83' lang='lat' dir='ltr'><strong>vicar</strong></span> <span class='ocrx_word' id='word_1_386' title='bbox 1112 3205 1222 3262; x_wconf 85' lang='lat' dir='ltr'><strong>invasor</strong></span> <span class='ocrx_word' id='word_1_387' title='bbox 1243 3206 1297 3263; x_wconf 91' lang='lat' dir='ltr'><strong>sibi</strong></span> <span class='ocrx_word' id='word_1_388' title='bbox 1323 3206 1470 3264; x_wconf 90' lang='lat' dir='ltr'><strong>inlellciter</strong></span> <span class='ocrx_word' id='word_1_389' title='bbox 1493 3210 1643 3280; x_wconf 90' lang='lat' dir='ltr'><strong>usurpavit.</strong></span> <span class='ocrx_word' id='word_1_390' title='bbox 1668 3213 1724 3269; x_wconf 89' lang='lat' dir='ltr'><strong>Nec</strong></span> <span class='ocrx_word' id='word_1_391' title='bbox 1748 3227 1834 3282; x_wconf 88' lang='lat' dir='ltr'><strong>mora,</strong></span> 
     </span>
     <span class='ocr_line' id='line_1_33' title="bbox 149 3294 1835 3369; baseline 0.005 -18"><span class='ocrx_word' id='word_1_392' title='bbox 149 3300 271 3365; x_wconf 89' lang='lat' dir='ltr'><strong>tempore</strong></span> <span class='ocrx_word' id='word_1_393' title='bbox 286 3296 402 3363; x_wconf 87' lang='lat' dir='ltr'><strong>corruit,</strong></span> <span class='ocrx_word' id='word_1_394' title='bbox 417 3303 595 3367; x_wconf 89' lang='lat' dir='ltr'><strong>recuperator</strong></span> <span class='ocrx_word' id='word_1_395' title='bbox 613 3297 819 3362; x_wconf 90' lang='lat' dir='ltr'><strong>solertissimus,</strong></span> <span class='ocrx_word' id='word_1_396' title='bbox 836 3305 864 3353; x_wconf 91' lang='lat' dir='ltr'><strong>et</strong></span> <span class='ocrx_word' id='word_1_397' title='bbox 874 3298 972 3357; x_wconf 83' lang='lat' dir='ltr'><strong>aeccle·</strong></span> <span class='ocrx_word' id='word_1_398' title='bbox 1011 3308 1075 3352; x_wconf 91' lang='lat' dir='ltr'><strong>mox</strong></span> <span class='ocrx_word' id='word_1_399' title='bbox 1089 3295 1123 3351; x_wconf 91' lang='lat' dir='ltr'><strong>ad</strong></span> <span class='ocrx_word' id='word_1_400' title='bbox 1139 3294 1214 3366; x_wconf 92' lang='lat' dir='ltr'><strong>quod</strong></span> <span class='ocrx_word' id='word_1_401' title='bbox 1228 3295 1302 3351; x_wconf 88' lang='lat' dir='ltr'><strong>veuit</strong></span> <span class='ocrx_word' id='word_1_402' title='bbox 1316 3308 1387 3364; x_wconf 89' lang='lat' dir='ltr'><strong>opus</strong></span> <span class='ocrx_word' id='word_1_403' title='bbox 1405 3296 1606 3353; x_wconf 89' lang='lat' dir='ltr'><strong>studiosissime</strong></span> <span class='ocrx_word' id='word_1_404' title='bbox 1625 3298 1835 3369; x_wconf 91' lang='lat' dir='ltr'><strong>administravit,</strong></span> 
     </span>
     <span class='ocr_line' id='line_1_34' title="bbox 147 3383 1834 3458; baseline 0.005 -20"><span class='ocrx_word' id='word_1_405' title='bbox 147 3383 248 3440; x_wconf 87' lang='lat' dir='ltr'><strong>siastici</strong></span> <span class='ocrx_word' id='word_1_406' title='bbox 266 3385 391 3442; x_wconf 86' lang='lat' dir='ltr'><strong>thesauri</strong></span> <span class='ocrx_word' id='word_1_407' title='bbox 406 3385 552 3455; x_wconf 90' lang='lat' dir='ltr'><strong>ampliator</strong></span> <span class='ocrx_word' id='word_1_408' title='bbox 575 3390 603 3441; x_wconf 89' lang='lat' dir='ltr'><strong>et</strong></span> <span class='ocrx_word' id='word_1_409' title='bbox 621 3385 747 3454; x_wconf 89' lang='lat' dir='ltr'><strong>provisor</strong></span> <span class='ocrx_word' id='word_1_410' title='bbox 760 3387 970 3456; x_wconf 78' lang='lat' dir='ltr'><strong>attentissimus,</strong></span> <span class='ocrx_word' id='word_1_411' title='bbox 1011 3383 1119 3440; x_wconf 90' lang='lat' dir='ltr'><strong>scillcet</strong></span> <span class='ocrx_word' id='word_1_412' title='bbox 1133 3388 1164 3439; x_wconf 90' lang='lat' dir='ltr'><strong>ut</strong></span> <span class='ocrx_word' id='word_1_413' title='bbox 1178 3383 1301 3439; x_wconf 89' lang='lat' dir='ltr'><strong>deterius</strong></span> <span class='ocrx_word' id='word_1_414' title='bbox 1314 3383 1448 3439; x_wconf 90' lang='lat' dir='ltr'><strong>venderet</strong></span> <span class='ocrx_word' id='word_1_415' title='bbox 1461 3384 1536 3452; x_wconf 92' lang='lat' dir='ltr'><strong>quod</strong></span> <span class='ocrx_word' id='word_1_416' title='bbox 1561 3385 1632 3440; x_wconf 90' lang='lat' dir='ltr'><strong>male</strong></span> <span class='ocrx_word' id='word_1_417' title='bbox 1655 3390 1834 3458; x_wconf 90' lang='lat' dir='ltr'><strong>comparavit,</strong></span> 
     </span>
     <span class='ocr_line' id='line_1_35' title="bbox 148 3469 1835 3543; baseline 0.004 -17"><span class='ocrx_word' id='word_1_418' title='bbox 148 3470 226 3542; x_wconf 88' lang='lat' dir='ltr'><strong>hujus</strong></span> <span class='ocrx_word' id='word_1_419' title='bbox 241 3473 340 3530; x_wconf 92' lang='lat' dir='ltr'><strong>muudi</strong></span> <span class='ocrx_word' id='word_1_420' title='bbox 355 3473 522 3529; x_wconf 89' lang='lat' dir='ltr'><strong>umbraticas</strong></span> <span class='ocrx_word' id='word_1_421' title='bbox 541 3473 673 3529; x_wconf 90' lang='lat' dir='ltr'><strong>deserens</strong></span> <span class='ocrx_word' id='word_1_422' title='bbox 686 3474 830 3539; x_wconf 89' lang='lat' dir='ltr'><strong>vanitates,</strong></span> <span class='ocrx_word' id='word_1_423' title='bbox 846 3474 971 3532; x_wconf 90' lang='lat' dir='ltr'><strong>ultimum</strong></span> <span class='ocrx_word' id='word_1_424' title='bbox 1012 3478 1041 3529; x_wconf 89' lang='lat' dir='ltr'><strong>et</strong></span> <span class='ocrx_word' id='word_1_425' title='bbox 1054 3477 1085 3529; x_wconf 91' lang='lat' dir='ltr'><strong>ut</strong></span> <span class='ocrx_word' id='word_1_426' title='bbox 1098 3471 1245 3537; x_wconf 86' lang='lat' dir='ltr'><strong>iuraretur,</strong></span> <span class='ocrx_word' id='word_1_427' title='bbox 1262 3475 1290 3526; x_wconf 93' lang='lat' dir='ltr'><strong>et</strong></span> <span class='ocrx_word' id='word_1_428' title='bbox 1304 3476 1436 3526; x_wconf 87' lang='lat' dir='ltr'><strong>mactaret</strong></span> <span class='ocrx_word' id='word_1_429' title='bbox 1450 3483 1515 3526; x_wconf 89' lang='lat' dir='ltr'><strong>oves</strong></span> <span class='ocrx_word' id='word_1_430' title='bbox 1530 3469 1634 3527; x_wconf 91' lang='lat' dir='ltr'><strong>alienas</strong></span> <span class='ocrx_word' id='word_1_431' title='bbox 1648 3478 1675 3529; x_wconf 90' lang='lat' dir='ltr'><strong>et</strong></span> <span class='ocrx_word' id='word_1_432' title='bbox 1695 3475 1835 3543; x_wconf 88' lang='lat' dir='ltr'><strong>perderet.</strong></span> 
     </span>
     <span class='ocr_line' id='line_1_36' title="bbox 148 3557 1836 3629; baseline 0.003 -14"><span class='ocrx_word' id='word_1_433' title='bbox 148 3559 216 3618; x_wconf 88' lang='lat' dir='ltr'><strong>diem</strong></span> <span class='ocrx_word' id='word_1_434' title='bbox 230 3559 259 3616; x_wconf 80' lang='lat'><strong>2.</strong></span> <span class='ocrx_word' id='word_1_435' title='bbox 275 3561 349 3618; x_wconf 89' lang='lat' dir='ltr'><strong>Non.</strong></span> <span class='ocrx_word' id='word_1_436' title='bbox 365 3561 527 3618; x_wconf 87' lang='lat' dir='ltr'><strong>Novembris</strong></span> <span class='ocrx_word' id='word_1_437' title='bbox 545 3559 663 3616; x_wconf 89' lang='lat' dir='ltr'><strong>leliciter</strong></span> <span class='ocrx_word' id='word_1_438' title='bbox 681 3560 827 3629; x_wconf 88' lang='lat' dir='ltr'><strong>clauserat,</strong></span> <span class='ocrx_word' id='word_1_439' title='bbox 842 3569 871 3618; x_wconf 90' lang='lat' dir='ltr'><strong>et</strong></span> <span class='ocrx_word' id='word_1_440' title='bbox 885 3563 912 3619; x_wconf 95' lang='lat' dir='ltr'><strong>in</strong></span> <span class='ocrx_word' id='word_1_441' title='bbox 926 3577 972 3619; x_wconf 91' lang='lat' dir='ltr'><strong>ea·</strong></span> <span class='ocrx_word' id='word_1_442' title='bbox 1012 3563 1081 3616; x_wconf 90' lang='lat' dir='ltr'><strong>llasa</strong></span> <span class='ocrx_word' id='word_1_443' title='bbox 1104 3573 1192 3626; x_wconf 88' lang='lat' dir='ltr'><strong>sacra,</strong></span> <span class='ocrx_word' id='word_1_444' title='bbox 1207 3559 1369 3614; x_wconf 85' lang='lat' dir='ltr'><strong>vestimenta</strong></span> <span class='ocrx_word' id='word_1_445' title='bbox 1393 3557 1523 3625; x_wconf 88' lang='lat' dir='ltr'><strong>missalia,</strong></span> <span class='ocrx_word' id='word_1_446' title='bbox 1541 3558 1648 3615; x_wconf 87' lang='lat' dir='ltr'><strong>tabulas</strong></span> <span class='ocrx_word' id='word_1_447' title='bbox 1671 3561 1766 3618; x_wconf 89' lang='lat' dir='ltr'><strong>altaris</strong></span> <span class='ocrx_word' id='word_1_448' title='bbox 1789 3577 1836 3620; x_wconf 87' lang='lat' dir='ltr'><strong>ar·</strong></span> 
     </span>
     <span class='ocr_line' id='line_1_37' title="bbox 149 3644 1835 3721; baseline 0.004 -20"><span class='ocrx_word' id='word_1_449' title='bbox 149 3645 207 3703; x_wconf 90' lang='lat' dir='ltr'><strong>dem</strong></span> <span class='ocrx_word' id='word_1_450' title='bbox 221 3648 309 3706; x_wconf 89' lang='lat' dir='ltr'><strong>domo</strong></span> <span class='ocrx_word' id='word_1_451' title='bbox 328 3662 409 3719; x_wconf 91' lang='lat' dir='ltr'><strong>quam</strong></span> <span class='ocrx_word' id='word_1_452' title='bbox 428 3654 590 3706; x_wconf 89' lang='lat' dir='ltr'><strong>construere</strong></span> <span class='ocrx_word' id='word_1_453' title='bbox 606 3649 663 3718; x_wconf 86' lang='lat' dir='ltr'><strong>jam</strong></span> <span class='ocrx_word' id='word_1_454' title='bbox 682 3649 833 3719; x_wconf 89' lang='lat' dir='ltr'><strong>inceperat,</strong></span> <span class='ocrx_word' id='word_1_455' title='bbox 850 3648 972 3707; x_wconf 83' lang='lat' dir='ltr'><strong>diliciose</strong></span> <span class='ocrx_word' id='word_1_456' title='bbox 1013 3653 1097 3720; x_wconf 85' lang='lat' dir='ltr'><strong>geute</strong></span> <span class='ocrx_word' id='word_1_457' title='bbox 1108 3653 1255 3716; x_wconf 79' lang='lat' dir='ltr'><strong>coopertas</strong></span> <span class='ocrx_word' id='word_1_458' title='bbox 1269 3644 1367 3701; x_wconf 89' lang='lat' dir='ltr'><strong>iurtive</strong></span> <span class='ocrx_word' id='word_1_459' title='bbox 1382 3644 1564 3709; x_wconf 73' lang='lat' dir='ltr'><strong>dilaminavit:</strong></span> <span class='ocrx_word' id='word_1_460' title='bbox 1582 3659 1689 3715; x_wconf 90' lang='lat' dir='ltr'><strong>aurum,</strong></span> <span class='ocrx_word' id='word_1_461' title='bbox 1705 3661 1835 3721; x_wconf 85' lang='lat' dir='ltr'><strong>gemmas,</strong></span> 
     </span>
     <span class='ocr_line' id='line_1_38' title="bbox 148 3732 1838 3811; baseline 0.002 -21"><span class='ocrx_word' id='word_1_462' title='bbox 148 3737 270 3806; x_wconf 87' lang='lat' dir='ltr'><strong>sepultus</strong></span> <span class='ocrx_word' id='word_1_463' title='bbox 289 3743 343 3793; x_wconf 89' lang='lat' dir='ltr'><strong>est.</strong></span> <span class='ocrx_word' id='word_1_464' title='bbox 356 3739 393 3794; x_wconf 81' lang='lat' dir='ltr'><strong>Ea</strong></span> <span class='ocrx_word' id='word_1_465' title='bbox 408 3742 573 3807; x_wconf 87' lang='lat' dir='ltr'><strong>tempestate</strong></span> <span class='ocrx_word' id='word_1_466' title='bbox 586 3737 747 3808; x_wconf 74' lang='lat' dir='ltr'><strong>symoniaca</strong></span> <span class='ocrx_word' id='word_1_467' title='bbox 762 3739 867 3794; x_wconf 87' lang='lat' dir='ltr'><strong>heresis</strong></span> <span class='ocrx_word' id='word_1_468' title='bbox 877 3751 932 3795; x_wconf 92' lang='lat' dir='ltr'><strong>uon</strong></span> <span class='ocrx_word' id='word_1_469' title='bbox 942 3747 974 3795; x_wconf 94' lang='lat' dir='ltr'><strong>ut</strong></span> <span class='ocrx_word' id='word_1_470' title='bbox 1014 3742 1042 3793; x_wconf 92' lang='lat' dir='ltr'><strong>et</strong></span> <span class='ocrx_word' id='word_1_471' title='bbox 1056 3747 1164 3792; x_wconf 92' lang='lat' dir='ltr'><strong>omnem</strong></span> <span class='ocrx_word' id='word_1_472' title='bbox 1183 3733 1394 3789; x_wconf 79' lang='lat' dir='ltr'><strong>ecclesiasticum</strong></span> <span class='ocrx_word' id='word_1_473' title='bbox 1408 3732 1557 3790; x_wconf 66' lang='lat' dir='ltr'><strong>dacorum</strong></span> <span class='ocrx_word' id='word_1_474' title='bbox 1570 3733 1598 3789; x_wconf 88' lang='lat' dir='ltr'><strong>in</strong></span> <span class='ocrx_word' id='word_1_475' title='bbox 1610 3749 1838 3811; x_wconf 79' lang='lat' dir='ltr'><strong>mmmccunque</strong></span> 
     </span>
     <span class='ocr_line' id='line_1_39' title="bbox 150 3821 1837 3898; baseline 0.003 -18"><span class='ocrx_word' id='word_1_476' title='bbox 150 3823 210 3882; x_wconf 92' lang='lat' dir='ltr'><strong>olim</strong></span> <span class='ocrx_word' id='word_1_477' title='bbox 224 3825 412 3892; x_wconf 88' lang='lat' dir='ltr'><strong>clandestina,</strong></span> <span class='ocrx_word' id='word_1_478' title='bbox 428 3825 495 3896; x_wconf 92' lang='lat' dir='ltr'><strong>quio</strong></span> <span class='ocrx_word' id='word_1_479' title='bbox 520 3825 613 3895; x_wconf 90' lang='lat' dir='ltr'><strong>potius</strong></span> <span class='ocrx_word' id='word_1_480' title='bbox 636 3825 746 3895; x_wconf 90' lang='lat' dir='ltr'><strong>publica</strong></span> <span class='ocrx_word' id='word_1_481' title='bbox 761 3831 788 3881; x_wconf 94' lang='lat' dir='ltr'><strong>et</strong></span> <span class='ocrx_word' id='word_1_482' title='bbox 807 3826 972 3883; x_wconf 90' lang='lat' dir='ltr'><strong>inreverenti</strong></span> <span class='ocrx_word' id='word_1_483' title='bbox 1012 3839 1076 3882; x_wconf 84' lang='lat' dir='ltr'><strong>osus</strong></span> <span class='ocrx_word' id='word_1_484' title='bbox 1092 3827 1181 3895; x_wconf 85' lang='lat' dir='ltr'><strong>utpote</strong></span> <span class='ocrx_word' id='word_1_485' title='bbox 1197 3823 1242 3893; x_wconf 75' lang='lat' dir='ltr'><strong>thr</strong></span> <span class='ocrx_word' id='word_1_486' title='bbox 1259 3821 1411 3893; x_wconf 84' lang='lat' dir='ltr'><strong>sacrilegus</strong></span> <span class='ocrx_word' id='word_1_487' title='bbox 1433 3829 1652 3893; x_wconf 82' lang='lat' dir='ltr'><strong>presumptuose</strong></span> <span class='ocrx_word' id='word_1_488' title='bbox 1677 3825 1837 3898; x_wconf 84' lang='lat' dir='ltr'><strong>disperserat</strong></span> 
     </span>
     <span class='ocr_line' id='line_1_40' title="bbox 150 3909 1837 3989; baseline 0.005 -21"><span class='ocrx_word' id='word_1_489' title='bbox 150 3915 290 3984; x_wconf 85' lang='lat' dir='ltr'><strong>majestate</strong></span> <span class='ocrx_word' id='word_1_490' title='bbox 307 3914 429 3985; x_wconf 88' lang='lat' dir='ltr'><strong>nudique</strong></span> <span class='ocrx_word' id='word_1_491' title='bbox 443 3913 614 3972; x_wconf 87' lang='lat' dir='ltr'><strong>nostratibus</strong></span> <span class='ocrx_word' id='word_1_492' title='bbox 628 3919 657 3970; x_wconf 90' lang='lat' dir='ltr'><strong>et</strong></span> <span class='ocrx_word' id='word_1_493' title='bbox 669 3915 774 3985; x_wconf 90' lang='lat' dir='ltr'><strong>absque</strong></span> <span class='ocrx_word' id='word_1_494' title='bbox 793 3929 971 3985; x_wconf 88' lang='lat' dir='ltr'><strong>personarum</strong></span> <span class='ocrx_word' id='word_1_495' title='bbox 1015 3912 1111 3986; x_wconf 81' lang='lat' dir='ltr'><strong>(Banu.</strong></span> <span class='ocrx_word' id='word_1_496' title='bbox 1122 3927 1149 3970; x_wconf 93' lang='lat' dir='ltr'><strong>a.</strong></span> <span class='ocrx_word' id='word_1_497' title='bbox 1164 3909 1257 3983; x_wconf 81' lang='lat'><strong>1071).</strong></span> <span class='ocrx_word' id='word_1_498' title='bbox 1279 3913 1337 3968; x_wconf 92' lang='lat' dir='ltr'><strong>lloc</strong></span> <span class='ocrx_word' id='word_1_499' title='bbox 1350 3925 1367 3967; x_wconf 88' lang='lat' dir='ltr'><strong>a</strong></span> <span class='ocrx_word' id='word_1_500' title='bbox 1381 3910 1510 3968; x_wconf 90' lang='lat' dir='ltr'><strong>iratribus</strong></span> <span class='ocrx_word' id='word_1_501' title='bbox 1524 3911 1679 3972; x_wconf 86' lang='lat' dir='ltr'><strong>hlexaudro</strong></span> <span class='ocrx_word' id='word_1_502' title='bbox 1694 3929 1772 3988; x_wconf 87' lang='lat' dir='ltr'><strong>papae</strong></span> <span class='ocrx_word' id='word_1_503' title='bbox 1787 3931 1837 3989; x_wconf 87' lang='lat' dir='ltr'><strong>per</strong></span> 
     </span>
     <span class='ocr_line' id='line_1_41' title="bbox 151 4000 1838 4074; baseline 0.007 -20"><span class='ocrx_word' id='word_1_504' title='bbox 151 4004 312 4074; x_wconf 84' lang='lat' dir='ltr'><strong>acceptioue</strong></span> <span class='ocrx_word' id='word_1_505' title='bbox 340 4001 450 4061; x_wconf 77' lang='lat' dir='ltr'><strong>efferata</strong></span> <span class='ocrx_word' id='word_1_506' title='bbox 475 4003 702 4074; x_wconf 89' lang='lat' dir='ltr'><strong>principabatur,</strong></span> <span class='ocrx_word' id='word_1_507' title='bbox 732 4010 760 4060; x_wconf 88' lang='lat' dir='ltr'><strong>et</strong></span> <span class='ocrx_word' id='word_1_508' title='bbox 787 4005 971 4062; x_wconf 90' lang='lat' dir='ltr'><strong>columbinam</strong></span> <span class='ocrx_word' id='word_1_509' title='bbox 1013 4003 1120 4062; x_wconf 84' lang='lat' dir='ltr'><strong>litteras</strong></span> <span class='ocrx_word' id='word_1_510' title='bbox 1133 4017 1167 4059; x_wconf 88' lang='lat' dir='ltr'><strong>ex</strong></span> <span class='ocrx_word' id='word_1_511' title='bbox 1181 4007 1241 4059; x_wconf 90' lang='lat' dir='ltr'><strong>toto</strong></span> <span class='ocrx_word' id='word_1_512' title='bbox 1256 4000 1401 4072; x_wconf 84' lang='lat' dir='ltr'><strong>querelose</strong></span> <span class='ocrx_word' id='word_1_513' title='bbox 1424 4001 1560 4070; x_wconf 89' lang='lat' dir='ltr'><strong>intimato,</strong></span> <span class='ocrx_word' id='word_1_514' title='bbox 1575 4005 1728 4074; x_wconf 87' lang='lat' dir='ltr'><strong>apostolica</strong></span> <span class='ocrx_word' id='word_1_515' title='bbox 1742 4014 1838 4066; x_wconf 90' lang='lat' dir='ltr'><strong>aucto-</strong></span> 
     </span>
     <span class='ocr_line' id='line_1_42' title="bbox 150 4089 1835 4164; baseline 0.004 -19"><span class='ocrx_word' id='word_1_516' title='bbox 150 4098 248 4150; x_wconf 82' lang='lat' dir='ltr'><strong>sauctae</strong></span> <span class='ocrx_word' id='word_1_517' title='bbox 273 4093 372 4149; x_wconf 85' lang='lat' dir='ltr'><strong>matris</strong></span> <span class='ocrx_word' id='word_1_518' title='bbox 394 4092 527 4150; x_wconf 75' lang='lat' dir='ltr'><strong>aecclesie</strong></span> <span class='ocrx_word' id='word_1_519' title='bbox 550 4091 784 4162; x_wconf 90' lang='lat' dir='ltr'><strong>pulchritudinem</strong></span> <span class='ocrx_word' id='word_1_520' title='bbox 808 4093 973 4163; x_wconf 80' lang='lat' dir='ltr'><strong>purulentiae</strong></span> <span class='ocrx_word' id='word_1_521' title='bbox 1013 4093 1095 4149; x_wconf 87' lang='lat' dir='ltr'><strong>ritate</strong></span> <span class='ocrx_word' id='word_1_522' title='bbox 1118 4089 1262 4148; x_wconf 88' lang='lat' dir='ltr'><strong>interdixit</strong></span> <span class='ocrx_word' id='word_1_523' title='bbox 1283 4091 1334 4153; x_wconf 91' lang='lat' dir='ltr'><strong>eis,</strong></span> <span class='ocrx_word' id='word_1_524' title='bbox 1352 4103 1386 4146; x_wconf 90' lang='lat' dir='ltr'><strong>ue</strong></span> <span class='ocrx_word' id='word_1_525' title='bbox 1400 4089 1512 4147; x_wconf 91' lang='lat' dir='ltr'><strong>omuino</strong></span> <span class='ocrx_word' id='word_1_526' title='bbox 1531 4095 1767 4151; x_wconf 84' lang='lat' dir='ltr'><strong>communicarent</strong></span> <span class='ocrx_word' id='word_1_527' title='bbox 1790 4097 1835 4164; x_wconf 87' lang='lat' dir='ltr'><strong>el;</strong></span> 
     </span>
     <span class='ocr_line' id='line_1_43' title="bbox 151 4177 1837 4254; baseline 0.004 -20"><span class='ocrx_word' id='word_1_528' title='bbox 151 4192 203 4236; x_wconf 88' lang='lat' dir='ltr'><strong>suae</strong></span> <span class='ocrx_word' id='word_1_529' title='bbox 219 4181 360 4252; x_wconf 83' lang='lat' dir='ltr'><strong>contagiis</strong></span> <span class='ocrx_word' id='word_1_530' title='bbox 377 4195 458 4251; x_wconf 91' lang='lat' dir='ltr'><strong>quam</strong></span> <span class='ocrx_word' id='word_1_531' title='bbox 474 4181 667 4238; x_wconf 89' lang='lat' dir='ltr'><strong>miserabiliter</strong></span> <span class='ocrx_word' id='word_1_532' title='bbox 680 4180 894 4250; x_wconf 83' lang='lat' dir='ltr'><strong>couloedaverat,</strong></span> <span class='ocrx_word' id='word_1_533' title='bbox 910 4197 973 4254; x_wconf 84' lang='lat' dir='ltr'><strong>quae</strong></span> <span class='ocrx_word' id='word_1_534' title='bbox 1013 4179 1149 4251; x_wconf 88' lang='lat' dir='ltr'><strong>simulque</strong></span> <span class='ocrx_word' id='word_1_535' title='bbox 1181 4177 1393 4250; x_wconf 89' lang='lat' dir='ltr'><strong>archiepiscopo</strong></span> <span class='ocrx_word' id='word_1_536' title='bbox 1425 4179 1585 4250; x_wconf 90' lang='lat' dir='ltr'><strong>llogontino</strong></span> <span class='ocrx_word' id='word_1_537' title='bbox 1618 4182 1719 4239; x_wconf 89' lang='lat' dir='ltr'><strong>litteris</strong></span> <span class='ocrx_word' id='word_1_538' title='bbox 1746 4183 1837 4240; x_wconf 88' lang='lat' dir='ltr'><strong>missis</strong></span> 
     </span>
     <span class='ocr_line' id='line_1_44' title="bbox 151 4266 1838 4343; baseline 0.004 -21"><span class='ocrx_word' id='word_1_539' title='bbox 151 4267 266 4341; x_wconf 85' lang='lat' dir='ltr'><strong>denique</strong></span> <span class='ocrx_word' id='word_1_540' title='bbox 294 4269 431 4340; x_wconf 91' lang='lat' dir='ltr'><strong>quendam</strong></span> <span class='ocrx_word' id='word_1_541' title='bbox 460 4270 670 4327; x_wconf 87' lang='lat' dir='ltr'><strong>llarlomaunum</strong></span> <span class='ocrx_word' id='word_1_542' title='bbox 695 4270 760 4338; x_wconf 83' lang='grc'>(58),</span> <span class='ocrx_word' id='word_1_543' title='bbox 785 4271 973 4343; x_wconf 85' lang='lat' dir='ltr'><strong>Parthenopo-</strong></span> <span class='ocrx_word' id='word_1_544' title='bbox 1013 4268 1156 4341; x_wconf 84' lang='lat' dir='ltr'><strong>praecepit,</strong></span> <span class='ocrx_word' id='word_1_545' title='bbox 1172 4268 1226 4324; x_wconf 89' lang='lat' dir='ltr'><strong>nisi</strong></span> <span class='ocrx_word' id='word_1_546' title='bbox 1248 4282 1279 4324; x_wconf 92' lang='lat' dir='ltr'><strong>sc</strong></span> <span class='ocrx_word' id='word_1_547' title='bbox 1304 4267 1394 4323; x_wconf 87' lang='lat' dir='ltr'><strong>heresi</strong></span> <span class='ocrx_word' id='word_1_548' title='bbox 1418 4266 1550 4335; x_wconf 86' lang='lat' dir='ltr'><strong>praedicta</strong></span> <span class='ocrx_word' id='word_1_549' title='bbox 1570 4277 1736 4340; x_wconf 75' lang='lat' dir='ltr'><strong>expurgaret</strong></span> <span class='ocrx_word' id='word_1_550' title='bbox 1754 4285 1838 4328; x_wconf 90' lang='lat' dir='ltr'><strong>cauo·</strong></span> 
     </span>
     <span class='ocr_line' id='line_1_45' title="bbox 151 4353 1834 4432; baseline 0.004 -24"><span class='ocrx_word' id='word_1_551' title='bbox 151 4353 260 4417; x_wconf 92' lang='lat' dir='ltr'><strong>lltanum</strong></span> <span class='ocrx_word' id='word_1_552' title='bbox 280 4359 445 4416; x_wconf 88' lang='lat' dir='ltr'><strong>canonicum</strong></span> <span class='ocrx_word' id='word_1_553' title='bbox 467 4359 728 4430; x_wconf 82' lang='lat' dir='ltr'><strong>harcispurgensem</strong></span> <span class='ocrx_word' id='word_1_554' title='bbox 751 4367 842 4417; x_wconf 90' lang='lat' dir='ltr'><strong>autem</strong></span> <span class='ocrx_word' id='word_1_555' title='bbox 865 4373 974 4432; x_wconf 80' lang='lat' dir='ltr'><strong>praepo-</strong></span> <span class='ocrx_word' id='word_1_556' title='bbox 1013 4358 1086 4425; x_wconf 91' lang='lat' dir='ltr'><strong>nice,</strong></span> <span class='ocrx_word' id='word_1_557' title='bbox 1102 4356 1176 4428; x_wconf 93' lang='lat' dir='ltr'><strong>quod</strong></span> <span class='ocrx_word' id='word_1_558' title='bbox 1193 4368 1366 4427; x_wconf 89' lang='lat' dir='ltr'><strong>nequaquam</strong></span> <span class='ocrx_word' id='word_1_559' title='bbox 1382 4353 1543 4423; x_wconf 89' lang='lat' dir='ltr'><strong>episcopum</strong></span> <span class='ocrx_word' id='word_1_560' title='bbox 1562 4369 1624 4410; x_wconf 93' lang='lat' dir='ltr'><strong>eum</strong></span> <span class='ocrx_word' id='word_1_561' title='bbox 1649 4364 1834 4414; x_wconf 87' lang='lat' dir='ltr'><strong>consecraret.</strong></span> 
     </span>
     <span class='ocr_line' id='line_1_46' title="bbox 150 4427 1838 4518; baseline 0.004 -20"><span class='ocrx_word' id='word_1_562' title='bbox 150 4444 239 4514; x_wconf 86' lang='lat' dir='ltr'><strong>situm,</strong></span> <span class='ocrx_word' id='word_1_563' title='bbox 263 4461 323 4506; x_wconf 90' lang='lat' dir='ltr'><strong>uon</strong></span> <span class='ocrx_word' id='word_1_564' title='bbox 348 4462 397 4517; x_wconf 93' lang='lat' dir='ltr'><strong>per</strong></span> <span class='ocrx_word' id='word_1_565' title='bbox 419 4448 519 4505; x_wconf 90' lang='lat' dir='ltr'><strong>ostium</strong></span> <span class='ocrx_word' id='word_1_566' title='bbox 543 4453 587 4504; x_wconf 89' lang='lat' dir='ltr'><strong>set</strong></span> <span class='ocrx_word' id='word_1_567' title='bbox 608 4448 731 4515; x_wconf 90' lang='lat' dir='ltr'><strong>aliunde,</strong></span> <span class='ocrx_word' id='word_1_568' title='bbox 754 4461 805 4518; x_wconf 92' lang='lat' dir='ltr'><strong>per</strong></span> <span class='ocrx_word' id='word_1_569' title='bbox 828 4427 1062 4506; x_wconf 81' lang='lat' dir='ltr'><strong>macerianDset</strong></span> <span class='ocrx_word' id='word_1_570' title='bbox 1082 4448 1142 4517; x_wconf 88' lang='lat' dir='ltr'><strong>ipse</strong></span> <span class='ocrx_word' id='word_1_571' title='bbox 1166 4446 1239 4516; x_wconf 88' lang='lat' dir='ltr'><strong>regis</strong></span> <span class='ocrx_word' id='word_1_572' title='bbox 1253 4450 1282 4501; x_wconf 91' lang='lat' dir='ltr'><strong>et</strong></span> <span class='ocrx_word' id='word_1_573' title='bbox 1296 4441 1528 4502; x_wconf 87' lang='lat' dir='ltr'><strong>commercialium</strong></span> <span class='ocrx_word' id='word_1_574' title='bbox 1553 4457 1666 4500; x_wconf 90' lang='lat' dir='ltr'><strong>suorum</strong></span> <span class='ocrx_word' id='word_1_575' title='bbox 1689 4457 1750 4501; x_wconf 89' lang='lat' dir='ltr'><strong>sese</strong></span> <span class='ocrx_word' id='word_1_576' title='bbox 1773 4461 1838 4517; x_wconf 90' lang='lat' dir='ltr'><strong>pro·</strong></span> 
     </span>
     <span class='ocr_line' id='line_1_47' title="bbox 151 4530 1836 4609; baseline 0 -19"><span class='ocrx_word' id='word_1_577' title='bbox 151 4535 274 4606; x_wconf 88' lang='lat' dir='ltr'><strong>scilieet,</strong></span> <span class='ocrx_word' id='word_1_578' title='bbox 301 4537 394 4594; x_wconf 86' lang='lat' dir='ltr'><strong>caulas</strong></span> <span class='ocrx_word' id='word_1_579' title='bbox 417 4538 636 4602; x_wconf 82' lang='lat' dir='ltr'><strong>constantiensis</strong></span> <span class='ocrx_word' id='word_1_580' title='bbox 658 4535 807 4604; x_wconf 64' lang='lat' dir='ltr'><strong>cathedrae,</strong></span> <span class='ocrx_word' id='word_1_581' title='bbox 838 4537 891 4608; x_wconf 90' lang='lat' dir='ltr'><strong>ipsl</strong></span> <span class='ocrx_word' id='word_1_582' title='bbox 915 4537 972 4609; x_wconf 87' lang='lat' dir='ltr'><strong>regi</strong></span> <span class='ocrx_word' id='word_1_583' title='bbox 1015 4535 1106 4592; x_wconf 89' lang='lat' dir='ltr'><strong>missis</strong></span> <span class='ocrx_word' id='word_1_584' title='bbox 1133 4541 1161 4590; x_wconf 90' lang='lat' dir='ltr'><strong>et</strong></span> <span class='ocrx_word' id='word_1_585' title='bbox 1188 4533 1353 4590; x_wconf 87' lang='lat' dir='ltr'><strong>auctoritate</strong></span> <span class='ocrx_word' id='word_1_586' title='bbox 1381 4530 1617 4602; x_wconf 88' lang='lat' dir='ltr'><strong>qualitercumque</strong></span> <span class='ocrx_word' id='word_1_587' title='bbox 1649 4530 1836 4602; x_wconf 85' lang='lat' dir='ltr'><strong>deleudeodo,</strong></span> 
     </span>
     <span class='ocr_line' id='line_1_48' title="bbox 152 4619 1836 4696; baseline 0.001 -19"><span class='ocrx_word' id='word_1_588' title='bbox 152 4623 263 4696; x_wconf 83' lang='lat' dir='ltr'><strong>ejusque</strong></span> <span class='ocrx_word' id='word_1_589' title='bbox 280 4625 312 4658; x_wconf 85' lang='lat'><strong>¹¹¹</strong></span> <span class='ocrx_word' id='word_1_590' title='bbox 333 4625 500 4682; x_wconf 90' lang='lat' dir='ltr'><strong>consiliariis</strong></span> <span class='ocrx_word' id='word_1_591' title='bbox 514 4625 577 4682; x_wconf 91' lang='lat' dir='ltr'><strong>data</strong></span> <span class='ocrx_word' id='word_1_592' title='bbox 598 4632 627 4681; x_wconf 91' lang='lat' dir='ltr'><strong>et</strong></span> <span class='ocrx_word' id='word_1_593' title='bbox 641 4624 777 4694; x_wconf 85' lang='lat' dir='ltr'><strong>promissa</strong></span> <span class='ocrx_word' id='word_1_594' title='bbox 790 4637 846 4682; x_wconf 90' lang='lat' dir='ltr'><strong>uon</strong></span> <span class='ocrx_word' id='word_1_595' title='bbox 866 4625 974 4682; x_wconf 91' lang='lat' dir='ltr'><strong>modica</strong></span> <span class='ocrx_word' id='word_1_596' title='bbox 1015 4635 1124 4682; x_wconf 91' lang='lat' dir='ltr'><strong>causam</strong></span> <span class='ocrx_word' id='word_1_597' title='bbox 1139 4635 1215 4678; x_wconf 89' lang='lat' dir='ltr'><strong>suam</strong></span> <span class='ocrx_word' id='word_1_598' title='bbox 1230 4620 1264 4677; x_wconf 91' lang='lat' dir='ltr'><strong>ad</strong></span> <span class='ocrx_word' id='word_1_599' title='bbox 1280 4635 1367 4691; x_wconf 88' lang='lat' dir='ltr'><strong>usque</strong></span> <span class='ocrx_word' id='word_1_600' title='bbox 1390 4619 1541 4676; x_wconf 91' lang='lat' dir='ltr'><strong>secuudum</strong></span> <span class='ocrx_word' id='word_1_601' title='bbox 1555 4631 1656 4676; x_wconf 89' lang='lat' dir='ltr'><strong>annum</strong></span> <span class='ocrx_word' id='word_1_602' title='bbox 1681 4623 1836 4690; x_wconf 78' lang='lat' dir='ltr'><strong>protelavit.</strong></span> 
     </span>
     <span class='ocr_line' id='line_1_49' title="bbox 153 4707 1838 4785; baseline 0.002 -21"><span class='ocrx_word' id='word_1_603' title='bbox 153 4713 283 4785; x_wconf 88' lang='lat' dir='ltr'><strong>sacrilega</strong></span> <span class='ocrx_word' id='word_1_604' title='bbox 309 4712 425 4784; x_wconf 85' lang='lat' dir='ltr'><strong>pecunia</strong></span> <span class='ocrx_word' id='word_1_605' title='bbox 448 4726 500 4769; x_wconf 91' lang='lat' dir='ltr'><strong>uec</strong></span> <span class='ocrx_word' id='word_1_606' title='bbox 523 4726 578 4769; x_wconf 93' lang='lat' dir='ltr'><strong>non</strong></span> <span class='ocrx_word' id='word_1_607' title='bbox 600 4711 743 4770; x_wconf 91' lang='lat' dir='ltr'><strong>beuellciis</strong></span> <span class='ocrx_word' id='word_1_608' title='bbox 757 4711 971 4782; x_wconf 74' lang='lat' dir='ltr'><strong>ecclesiasticis,</strong></span> <span class='ocrx_word' id='word_1_609' title='bbox 1050 4711 1167 4770; x_wconf 81' lang='lat' dir='ltr'><strong>Francia</strong></span> <span class='ocrx_word' id='word_1_610' title='bbox 1189 4709 1261 4766; x_wconf 74' lang='lat' dir='ltr'><strong>cirdi</strong></span> <span class='ocrx_word' id='word_1_611' title='bbox 1282 4708 1386 4768; x_wconf 82' lang='lat' dir='ltr'><strong>laboret</strong></span> <span class='ocrx_word' id='word_1_612' title='bbox 1409 4707 1553 4765; x_wconf 80' lang='lat' dir='ltr'><strong>discordia.</strong></span> <span class='ocrx_word' id='word_1_613' title='bbox 1568 4737 1605 4749; x_wconf 91' lang='lat'>-</span> <span class='ocrx_word' id='word_1_614' title='bbox 1626 4710 1689 4766; x_wconf 88' lang='lat' dir='ltr'><strong>Otto</strong></span> <span class='ocrx_word' id='word_1_615' title='bbox 1704 4708 1760 4767; x_wconf 86' lang='lat' dir='ltr'><strong>duc</strong></span> <span class='ocrx_word' id='word_1_616' title='bbox 1779 4713 1838 4768; x_wconf 86' lang='lat' dir='ltr'><strong>Bu-</strong></span> 
     </span>
    </p>
   </div>
   <div class='ocr_carea' id='block_1_4' title="bbox 830 4811 1188 4887">
    <p class='ocr_par' dir='ltr' id='par_1_5' title="bbox 830 4811 1188 4887">
     <span class='ocr_line' id='line_1_50' title="bbox 830 4811 1188 4887; baseline 0 -3"><span class='ocrx_word' id='word_1_617' title='bbox 830 4829 942 4886; x_wconf 80' lang='lat' dir='ltr'><strong>vrnrm</strong></span> <span class='ocrx_word' id='word_1_618' title='bbox 970 4811 1188 4887; x_wconf 78' lang='lat' dir='ltr'><strong>merlonus.&#39;</strong></span> 
     </span>
    </p>
   </div>
   <div class='ocr_carea' id='block_1_5' title="bbox 155 4919 1838 5142">
    <p class='ocr_par' dir='ltr' id='par_1_6' title="bbox 155 4919 1838 5142">
     <span class='ocr_line' id='line_1_51' title="bbox 189 4919 1838 4992; baseline -0.001 -8"><span class='ocrx_word' id='word_1_619' title='bbox 189 4927 219 4959; x_wconf 87' lang='lat'><strong>¹¹¹</strong></span> <span class='ocrx_word' id='word_1_620' title='bbox 238 4925 411 4986; x_wconf 85' lang='lat' dir='ltr'><strong>wernherus</strong></span> <span class='ocrx_word' id='word_1_621' title='bbox 424 4927 563 4984; x_wconf 88' lang='lat' dir='ltr'><strong>secundus</strong></span> <span class='ocrx_word' id='word_1_622' title='bbox 576 4927 662 4984; x_wconf 90' lang='lat' dir='ltr'><strong>abbas</strong></span> <span class='ocrx_word' id='word_1_623' title='bbox 674 4927 703 4984; x_wconf 87' lang='lat' dir='ltr'><strong>S.</strong></span> <span class='ocrx_word' id='word_1_624' title='bbox 720 4925 801 4983; x_wconf 84' lang='lat' dir='ltr'><strong>Blasii</strong></span> <span class='ocrx_word' id='word_1_625' title='bbox 817 4925 887 4984; x_wconf 91' lang='lat' dir='ltr'><strong>obiit</strong></span> <span class='ocrx_word' id='word_1_626' title='bbox 901 4926 1001 4984; x_wconf 83' lang='lat' dir='ltr'><strong>addunt</strong></span> <span class='ocrx_word' id='word_1_627' title='bbox 1017 4925 1042 4983; x_wconf 91' lang='lat' dir='ltr'><strong>l.</strong></span> <span class='ocrx_word' id='word_1_628' title='bbox 1061 4925 1100 4979; x_wconf 87' lang='lat' dir='ltr'><strong>l*.</strong></span> <span class='ocrx_word' id='word_1_629' title='bbox 1139 4924 1170 4958; x_wconf 88' lang='lat'><strong>¹¹¹</strong></span> <span class='ocrx_word' id='word_1_630' title='bbox 1188 4924 1302 4980; x_wconf 76' lang='lat' dir='ltr'><strong>xxxvl.</strong></span> <span class='ocrx_word' id='word_1_631' title='bbox 1318 4921 1392 4978; x_wconf 86' lang='lat' dir='ltr'><strong>uddit</strong></span> <span class='ocrx_word' id='word_1_632' title='bbox 1410 4919 1448 4977; x_wconf 87' lang='lat' dir='ltr'><strong>l*.</strong></span> <span class='ocrx_word' id='word_1_633' title='bbox 1486 4919 1518 4953; x_wconf 86' lang='lat'><strong>¹¹¹</strong></span> <span class='ocrx_word' id='word_1_634' title='bbox 1537 4919 1701 4992; x_wconf 64' lang='lat' dir='ltr'><strong>eiusdemi.</strong></span> <span class='ocrx_word' id='word_1_635' title='bbox 1740 4923 1773 4958; x_wconf 83' lang='lat'><strong>¹¹¹</strong></span> <span class='ocrx_word' id='word_1_636' title='bbox 1790 4939 1838 4982; x_wconf 86' lang='lat' dir='ltr'><strong>co·</strong></span> 
     </span>
     <span class='ocr_line' id='line_1_52' title="bbox 155 4990 1838 5066; baseline 0.001 -14"><span class='ocrx_word' id='word_1_637' title='bbox 155 5006 229 5066; x_wconf 85' lang='lat' dir='ltr'><strong>gerat</strong></span> <span class='ocrx_word' id='word_1_638' title='bbox 242 4999 271 5055; x_wconf 78' lang='lat'><strong>2.</strong></span> <span class='ocrx_word' id='word_1_639' title='bbox 312 4997 344 5030; x_wconf 91' lang='lat'><strong>¹¹¹</strong></span> <span class='ocrx_word' id='word_1_640' title='bbox 363 4996 507 5056; x_wconf 83' lang='lat' dir='ltr'><strong>omnifaria</strong></span> <span class='ocrx_word' id='word_1_641' title='bbox 521 4997 549 5054; x_wconf 83' lang='lat'><strong>2.</strong></span> <span class='ocrx_word' id='word_1_642' title='bbox 587 4999 618 5031; x_wconf 90' lang='lat'><strong>¹¹¹</strong></span> <span class='ocrx_word' id='word_1_643' title='bbox 636 4999 722 5056; x_wconf 88' lang='lat' dir='ltr'><strong>altera</strong></span> <span class='ocrx_word' id='word_1_644' title='bbox 737 4996 765 5054; x_wconf 78' lang='lat'><strong>2.</strong></span> <span class='ocrx_word' id='word_1_645' title='bbox 805 4995 833 5028; x_wconf 86' lang='lat'><strong>¹¹¹</strong></span> <span class='ocrx_word' id='word_1_646' title='bbox 853 4996 885 5054; x_wconf 91' lang='lat' dir='ltr'><strong>llt</strong></span> <span class='ocrx_word' id='word_1_647' title='bbox 897 4997 924 5054; x_wconf 83' lang='lat'><strong>2.</strong></span> <span class='ocrx_word' id='word_1_648' title='bbox 964 4998 995 5032; x_wconf 85' lang='lat'><strong>¹¹¹</strong></span> <span class='ocrx_word' id='word_1_649' title='bbox 1013 4996 1261 5055; x_wconf 84' lang='lat' dir='ltr'><strong>bietmaruscurie</strong></span> <span class='ocrx_word' id='word_1_650' title='bbox 1276 4990 1518 5064; x_wconf 89' lang='lat' dir='ltr'><strong>episcopusoblit,</strong></span> <span class='ocrx_word' id='word_1_651' title='bbox 1534 4993 1579 5050; x_wconf 93' lang='lat' dir='ltr'><strong>cul</strong></span> <span class='ocrx_word' id='word_1_652' title='bbox 1595 4993 1730 5052; x_wconf 81' lang='lat' dir='ltr'><strong>henricus</strong></span> <span class='ocrx_word' id='word_1_653' title='bbox 1743 5008 1838 5055; x_wconf 92' lang='lat' dir='ltr'><strong>mona·</strong></span> 
     </span>
     <span class='ocr_line' id='line_1_53' title="bbox 155 5066 1107 5142; baseline 0.005 -21"><span class='ocrx_word' id='word_1_654' title='bbox 155 5066 220 5125; x_wconf 90' lang='lat' dir='ltr'><strong>chus</strong></span> <span class='ocrx_word' id='word_1_655' title='bbox 233 5069 380 5142; x_wconf 73' lang='lat' dir='ltr'><strong>buglensis</strong></span> <span class='ocrx_word' id='word_1_656' title='bbox 393 5069 526 5126; x_wconf 89' lang='lat' dir='ltr'><strong>successit</strong></span> <span class='ocrx_word' id='word_1_657' title='bbox 540 5070 614 5126; x_wconf 84' lang='lat' dir='ltr'><strong>addit</strong></span> <span class='ocrx_word' id='word_1_658' title='bbox 631 5067 668 5126; x_wconf 91' lang='lat' dir='ltr'><strong>l·.</strong></span> <span class='ocrx_word' id='word_1_659' title='bbox 707 5068 739 5102; x_wconf 89' lang='lat'><strong>¹¹¹</strong></span> <span class='ocrx_word' id='word_1_660' title='bbox 758 5068 891 5140; x_wconf 83' lang='lat' dir='ltr'><strong>predicta</strong></span> <span class='ocrx_word' id='word_1_661' title='bbox 905 5071 1066 5141; x_wconf 79' lang='lat' dir='ltr'><strong>symoniaua</strong></span> <span class='ocrx_word' id='word_1_662' title='bbox 1079 5068 1107 5126; x_wconf 84' lang='grc'><strong>2.</strong></span> 
     </span>
    </p>
   </div>
   <div class='ocr_carea' id='block_1_6' title="bbox 943 5161 1051 5217">
    <p class='ocr_par' dir='ltr' id='par_1_7' title="bbox 943 5161 1051 5217">
     <span class='ocr_line' id='line_1_54' title="bbox 943 5161 1051 5217; baseline -0.019 0"><span class='ocrx_word' id='word_1_663' title='bbox 943 5161 1051 5217; x_wconf 83' lang='lat' dir='ltr'><strong>NOTAE.</strong></span> 
     </span>
    </p>
   </div>
   <div class='ocr_carea' id='block_1_7' title="bbox 190 5249 1839 5470">
    <p class='ocr_par' dir='ltr' id='par_1_8' title="bbox 190 5249 1839 5470">
     <span class='ocr_line' id='line_1_55' title="bbox 219 5249 1839 5328; baseline 0.004 -19"><span class='ocrx_word' id='word_1_664' title='bbox 219 5256 237 5309; x_wconf 81' lang='lat' dir='ltr'><strong>t</strong></span> <span class='ocrx_word' id='word_1_665' title='bbox 274 5256 381 5328; x_wconf 83' lang='lat' dir='ltr'><strong>ligbclli</strong></span> <span class='ocrx_word' id='word_1_666' title='bbox 396 5256 456 5314; x_wconf 91' lang='lat' dir='ltr'><strong>ital.</strong></span> <span class='ocrx_word' id='word_1_667' title='bbox 472 5269 544 5312; x_wconf 91' lang='lat' dir='ltr'><strong>sacr.</strong></span> <span class='ocrx_word' id='word_1_668' title='bbox 563 5259 630 5311; x_wconf 85' lang='lat' dir='ltr'><strong>tom.</strong></span> <span class='ocrx_word' id='word_1_669' title='bbox 646 5255 693 5322; x_wconf 94' lang='lat' dir='ltr'><strong>lll,</strong></span> <span class='ocrx_word' id='word_1_670' title='bbox 708 5269 769 5328; x_wconf 85' lang='lat' dir='ltr'><strong>pag.</strong></span> <span class='ocrx_word' id='word_1_671' title='bbox 784 5253 830 5313; x_wconf 82' lang='lat'><strong>7³.</strong></span> <span class='ocrx_word' id='word_1_672' title='bbox 848 5257 908 5314; x_wconf 90' lang='lat' dir='ltr'><strong>Uss.</strong></span> <span class='ocrx_word' id='word_1_673' title='bbox 1017 5256 1096 5313; x_wconf 89' lang='lat' dir='ltr'><strong>tricis</strong></span> <span class='ocrx_word' id='word_1_674' title='bbox 1109 5253 1215 5311; x_wconf 77' lang='lat' dir='ltr'><strong>Tusciae</strong></span> <span class='ocrx_word' id='word_1_675' title='bbox 1237 5249 1443 5308; x_wconf 81' lang='lat' dir='ltr'><strong>marchionissae</strong></span> <span class='ocrx_word' id='word_1_676' title='bbox 1461 5249 1585 5318; x_wconf 91' lang='lat' dir='ltr'><strong>maritus,</strong></span> <span class='ocrx_word' id='word_1_677' title='bbox 1600 5252 1634 5309; x_wconf 93' lang='lat' dir='ltr'><strong>ad</strong></span> <span class='ocrx_word' id='word_1_678' title='bbox 1650 5265 1731 5324; x_wconf 91' lang='lat' dir='ltr'><strong>quem</strong></span> <span class='ocrx_word' id='word_1_679' title='bbox 1750 5259 1839 5314; x_wconf 88' lang='lat' dir='ltr'><strong>exstat</strong></span> 
     </span>
     <span class='ocr_line' id='line_1_56' title="bbox 190 5254 1838 5470; baseline 0 -86"><span class='ocrx_word' id='word_1_680' title='bbox 190 5254 253 5470; x_wconf 55' lang='lat'><strong>{8}</strong></span> <span class='ocrx_word' id='word_1_681' title='bbox 273 5327 361 5412; x_wconf 79' lang='lat' dir='ltr'><strong>Vulgo</strong></span> <span class='ocrx_word' id='word_1_682' title='bbox 375 5324 670 5410; x_wconf 31' lang='lat' dir='ltr'><strong>Caroluslappellatur.</strong></span> <span class='ocrx_word' id='word_1_683' title='bbox 687 5327 748 5384; x_wconf 90' lang='lat' dir='ltr'><strong>Uss.</strong></span> <span class='ocrx_word' id='word_1_684' title='bbox 1016 5329 1091 5386; x_wconf 90' lang='lat' dir='ltr'><strong>beati</strong></span> <span class='ocrx_word' id='word_1_685' title='bbox 1114 5326 1186 5412; x_wconf 79' lang='lat' dir='ltr'><strong>l¹etri</strong></span> <span class='ocrx_word' id='word_1_686' title='bbox 1209 5322 1332 5406; x_wconf 67' lang='lat' dir='ltr'><strong>muriani</strong></span> <span class='ocrx_word' id='word_1_687' title='bbox 1356 5321 1517 5405; x_wconf 79' lang='lat' dir='ltr'><strong>opusculum</strong></span> <span class='ocrx_word' id='word_1_688' title='bbox 1531 5336 1586 5406; x_wconf 75' lang='lat' dir='ltr'><strong>xvir</strong></span> <span class='ocrx_word' id='word_1_689' title='bbox 1605 5325 1724 5410; x_wconf 34' lang='lat' dir='ltr'><strong>(opp-h</strong></span> <span class='ocrx_word' id='word_1_690' title='bbox 1737 5325 1793 5396; x_wconf 87' lang='lat' dir='ltr'><strong>lll),</strong></span> <span class='ocrx_word' id='word_1_691' title='bbox 1809 5327 1838 5384; x_wconf 92' lang='lat' dir='ltr'><strong>iu</strong></span> 
     </span>
     <span class='ocr_line' id='line_1_57' title="bbox 221 5391 1839 5470; baseline 0.003 -18"><span class='ocrx_word' id='word_1_692' title='bbox 221 5397 240 5452; x_wconf 83' lang='grc'>9</span> <span class='ocrx_word' id='word_1_693' title='bbox 274 5397 427 5470; x_wconf 82' lang='lat' dir='ltr'><strong>Srgcirldus</strong></span> <span class='ocrx_word' id='word_1_694' title='bbox 445 5412 519 5470; x_wconf 80' lang='lat' dir='ltr'><strong>regis</strong></span> <span class='ocrx_word' id='word_1_695' title='bbox 541 5411 573 5454; x_wconf 92' lang='lat' dir='ltr'><strong>ca</strong></span> <span class='ocrx_word' id='word_1_696' title='bbox 594 5395 699 5452; x_wconf 88' lang='lat' dir='ltr'><strong>elianus</strong></span> <span class='ocrx_word' id='word_1_697' title='bbox 717 5402 830 5454; x_wconf 89' lang='lat' dir='ltr'><strong>notatur</strong></span> <span class='ocrx_word' id='word_1_698' title='bbox 849 5397 977 5457; x_wconf 88' lang='lat' dir='ltr'><strong>interle-</strong></span> <span class='ocrx_word' id='word_1_699' title='bbox 1017 5412 1073 5470; x_wconf 95' lang='lat' dir='ltr'><strong>quo</strong></span> <span class='ocrx_word' id='word_1_700' title='bbox 1097 5393 1219 5468; x_wconf 73' lang='lat' dir='ltr'><strong>ejusdem</strong></span> <span class='ocrx_word' id='word_1_701' title='bbox 1244 5395 1383 5450; x_wconf 79' lang='lat' dir='ltr'><strong>lenitatem</strong></span> <span class='ocrx_word' id='word_1_702' title='bbox 1399 5406 1426 5448; x_wconf 87' lang='lat' dir='ltr'><strong>tu</strong></span> <span class='ocrx_word' id='word_1_703' title='bbox 1451 5391 1598 5464; x_wconf 79' lang='lat' dir='ltr'><strong>puniendus</strong></span> <span class='ocrx_word' id='word_1_704' title='bbox 1616 5398 1778 5456; x_wconf 87' lang='lat' dir='ltr'><strong>crrmrmbus</strong></span> <span class='ocrx_word' id='word_1_705' title='bbox 1797 5413 1839 5456; x_wconf 87' lang='lat' dir='ltr'><strong>re·</strong></span> 
     </span>
    </p>
   </div>
   <div class='ocr_carea' id='block_1_8' title="bbox 158 5411 1838 5600">
    <p class='ocr_par' dir='ltr' id='par_1_9' title="bbox 158 5411 1838 5600">
     <span class='ocr_line' id='line_1_58' title="bbox 158 5411 1838 5600; baseline 0.002 -77"><span class='ocrx_word' id='word_1_706' title='bbox 158 5473 234 5535; x_wconf 79' lang='lat' dir='ltr'><strong>gatos</strong></span> <span class='ocrx_word' id='word_1_707' title='bbox 257 5469 380 5526; x_wconf 90' lang='lat' dir='ltr'><strong>llelnrlci</strong></span> <span class='ocrx_word' id='word_1_708' title='bbox 403 5471 476 5600; x_wconf 54' lang='lat' dir='ltr'><strong>relgis</strong></span> <span class='ocrx_word' id='word_1_709' title='bbox 491 5469 525 5526; x_wconf 95' lang='lat' dir='ltr'><strong>ad</strong></span> <span class='ocrx_word' id='word_1_710' title='bbox 545 5411 663 5525; x_wconf 51' lang='lat' dir='ltr'><strong>rebelles</strong></span> <span class='ocrx_word' id='word_1_711' title='bbox 685 5468 976 5539; x_wconf 80' lang='lat' dir='ltr'><strong>Saxones,au.1073,</strong></span> <span class='ocrx_word' id='word_1_712' title='bbox 1017 5467 1176 5599; x_wconf 60' lang='lat' dir='ltr'><strong>prehendit,</strong></span> <span class='ocrx_word' id='word_1_713' title='bbox 1196 5480 1228 5523; x_wconf 87' lang='lat' dir='ltr'><strong>ac</strong></span> <span class='ocrx_word' id='word_1_714' title='bbox 1247 5467 1274 5522; x_wconf 91' lang='lat' dir='ltr'><strong>iu</strong></span> <span class='ocrx_word' id='word_1_715' title='bbox 1299 5464 1478 5534; x_wconf 90' lang='lat' dir='ltr'><strong>subsequenti</strong></span> <span class='ocrx_word' id='word_1_716' title='bbox 1505 5477 1616 5536; x_wconf 84' lang='lat' dir='ltr'><strong>quoquc</strong></span> <span class='ocrx_word' id='word_1_717' title='bbox 1644 5465 1838 5526; x_wconf 84' lang='lat' dir='ltr'><strong>dissertatione</strong></span> 
     </span>
    </p>
   </div>
   <div class='ocr_carea' id='block_1_9' title="bbox 157 5536 1838 5666">
    <p class='ocr_par' dir='ltr' id='par_1_10' title="bbox 157 5536 1838 5666">
     <span class='ocr_line' id='line_1_59' title="bbox 157 5536 1838 5666; baseline 0.004 -73"><span class='ocrx_word' id='word_1_718' title='bbox 157 5539 228 5608; x_wconf 88' lang='lat' dir='ltr'><strong>apud</strong></span> <span class='ocrx_word' id='word_1_719' title='bbox 244 5541 410 5598; x_wconf 68' lang='lat' dir='ltr'><strong>moenem.</strong></span> <span class='ocrx_word' id='word_1_720' title='bbox 480 5583 487 5598; x_wconf 94' lang='lat'><strong>.</strong></span> <span class='ocrx_word' id='word_1_721' title='bbox 1029 5541 1047 5598; x_wconf 92' lang='lat' dir='ltr'><strong>d</strong></span> <span class='ocrx_word' id='word_1_722' title='bbox 1066 5539 1156 5612; x_wconf 89' lang='lat' dir='ltr'><strong>ipsum</strong></span> <span class='ocrx_word' id='word_1_723' title='bbox 1172 5545 1261 5666; x_wconf 47' lang='lat' dir='ltr'><strong>defficit,</strong></span> <span class='ocrx_word' id='word_1_724' title='bbox 1278 5548 1436 5620; x_wconf 86' lang='lat' dir='ltr'><strong>proponens</strong></span> <span class='ocrx_word' id='word_1_725' title='bbox 1451 5537 1477 5594; x_wconf 88' lang='lat' dir='ltr'><strong>ei</strong></span> <span class='ocrx_word' id='word_1_726' title='bbox 1496 5536 1619 5608; x_wconf 79' lang='lat' dir='ltr'><strong>lingonis</strong></span> <span class='ocrx_word' id='word_1_727' title='bbox 1638 5539 1728 5611; x_wconf 83' lang='lat' dir='ltr'><strong>magni</strong></span> <span class='ocrx_word' id='word_1_728' title='bbox 1743 5539 1838 5598; x_wconf 91' lang='lat' dir='ltr'><strong>itidem</strong></span> 
     </span>
    </p>
   </div>
   <div class='ocr_carea' id='block_1_10' title="bbox 196 5607 1558 5685">
    <p class='ocr_par' dir='ltr' id='par_1_11' title="bbox 196 5607 1558 5685">
     <span class='ocr_line' id='line_1_60' title="bbox 196 5607 1558 5685; baseline 0 -21"><span class='ocrx_word' id='word_1_729' title='bbox 196 5607 257 5682; x_wconf 85' lang='lat' dir='ltr'><strong>(dd)</strong></span> <span class='ocrx_word' id='word_1_730' title='bbox 280 5611 462 5685; x_wconf 75' lang='lat' dir='ltr'><strong>lotharingiae</strong></span> <span class='ocrx_word' id='word_1_731' title='bbox 485 5609 626 5669; x_wconf 90' lang='lat' dir='ltr'><strong>lnierloris</strong></span> <span class='ocrx_word' id='word_1_732' title='bbox 647 5607 779 5666; x_wconf 85' lang='lat' dir='ltr'><strong>Barbatus</strong></span> <span class='ocrx_word' id='word_1_733' title='bbox 792 5609 893 5680; x_wconf 85' lang='lat' dir='ltr'><strong>dictus,</strong></span> <span class='ocrx_word' id='word_1_734' title='bbox 907 5611 979 5670; x_wconf 87' lang='lat' dir='ltr'><strong>Bea-</strong></span> <span class='ocrx_word' id='word_1_735' title='bbox 1018 5611 1124 5672; x_wconf 78' lang='lat' dir='ltr'><strong>Tusciae</strong></span> <span class='ocrx_word' id='word_1_736' title='bbox 1138 5623 1212 5668; x_wconf 88' lang='lat' dir='ltr'><strong>marc</strong></span> <span class='ocrx_word' id='word_1_737' title='bbox 1243 5621 1305 5666; x_wconf 81' lang='lat' dir='ltr'><strong>oum</strong></span> <span class='ocrx_word' id='word_1_738' title='bbox 1318 5607 1482 5677; x_wconf 87' lang='lat' dir='ltr'><strong>exemplum.</strong></span> <span class='ocrx_word' id='word_1_739' title='bbox 1497 5607 1558 5664; x_wconf 89' lang='lat' dir='ltr'><strong>Uss.</strong></span> 
     </span>
    </p>
   </div>
   <div class='ocr_carea' id='block_1_11' title="bbox 0 0 2073 6164">
    <p class='ocr_par' dir='ltr' id='par_1_12' title="bbox 0 0 2073 6164">
     <span class='ocr_line' id='line_1_61' title="bbox 0 0 2073 6164; baseline 0 0"><span class='ocrx_word' id='word_1_740' title='bbox 0 0 2073 6164; x_wconf 95' lang='lat' dir='ltr'><strong> </strong></span> 
     </span>
    </p>
   </div>
  </div>
 </body>
</html>
