4024 6174
65 311 109 364 529
703 315 746 369 lib
765 315 871 371 obolo
889 313 1062 370 saxonico.
1667 307 1721 364 5³0

67 433 188 502 eorrupit,
218 437 244 485 et
273 437 303 485 ut
326 430 541 489 lllldebraodunr
560 434 595 489 ab
614 436 1048 506 apostolicasedisAtrlciatus,
1089 435 1145 492 lieo
1178 433 1316 490 tribuente
1343 437 1371 488 et
1405 433 1498 502 iurato
1537 433 1721 489 Romanorum

66 525 155 578 bonore
174 517 333 587 delicerent,
351 519 560 576 talibuslittrrls
575 525 671 578 oravit.
687 525 863 596 ipsiquoque
903 539 1036 592 assensn,
1059 524 1186 589 debetur,
1210 527 1239 578 ut
1258 521 1423 587 descendas,
1449 519 1541 576 edico.
1564 539 1577 568 a

66 607 199 681 apostolico
222 605 319 677 plenas
350 609 526 665 contumeliis
554 611 659 667 litteras
686 612 805 680 direxit,
834 614 862 668 in
941 633 955 666 ιι
975 617 1040 670 llaec
1065 613 1152 669 series
1171 620 1273 668 uostrae
1297 610 1421 681 epistolas
1449 610 1483 666 ad
1508 607 1723 664 llildebrandum

65 699 166 770 quibus.
185 701 214 751 ut
235 695 417 766 apostolicum
433 711 532 755 nomen
551 707 579 755 et
601 701 693 757 sedem
709 702 765 758 cito
781 701 864 758 relin-
904 703 1077 758 monacnum.
1102 702 1186 769 Quam
1213 700 1317 756 idcireo
1341 705 1369 754 et
1387 699 1466 754 robis
1489 697 1668 769 scripsimus,
1693 701 1724 752 ut

65 791 153 857 queret,
178 784 321 840 minaciter
345 787 486 856 praecepit.
515 789 570 844 llou
590 797 680 846 autem
709 791 861 861 exemplum
904 789 1024 846 etxobls
1051 794 1144 844 nostra
1172 788 1309 854 uoluntas,
1336 792 1364 842 et
1386 785 1477 851 nobis,
1502 785 1584 840 immo
1612 785 1668 838 lieo
1697 788 1725 838 et

63 883 96 928 ost
109 873 251 929 litterarum
270 893 276 928 :
904 877 1003 944 nobis,
1028 883 1117 933 restra
1136 874 1285 931 satisfaciat
1310 875 1419 932 caritas.
1440 871 1621 944 Exsurgite*
1640 871 1724 942 igitur

90 962 128 1016 dli.
156 981 168 1010 ιι
199 961 343 1018 lleinricus
369 963 419 1032 (36)
446 965 492 1019 liei
520 965 606 1035 gratia
635 981 702 1034 rex,
727 967 862 1022 uniuersae
903 966 930 1021 iu
947 979 1018 1032 cunr,
1035 965 1196 1030 fidelissimi,
1217 969 1246 1020 et
1270 965 1305 1018 sil
1329 961 1477 1033 primusin
1502 961 1555 1018 lide
1570 962 1675 1032 primus
1694 961 1722 1016 ln

60 1057 146 1106 sauma
161 1051 289 1106 Romana
304 1049 430 1107 ecclesia
454 1051 530 1109 clero
555 1059 582 1109 et
612 1055 726 1124 populo,
747 1057 861 1126 gratiam
904 1057 963 1125 ejus
990 1055 1194 1124 dampnatione.
1220 1055 1279 1108 lion
1304 1058 1394 1108 autem
1419 1056 1449 1106 ut
1475 1050 1634 1122 sanguinem
1663 1050 1723 1119 ejus

59 1139 157 1194 alutem
172 1142 198 1192 ct
213 1152 294 1194 omne
309 1139 421 1195 bonum.
442 1141 506 1196 llaec
521 1141 589 1197 ddes
612 1143 689 1198 lirma
713 1150 741 1198 et
764 1143 863 1200 ineon-
904 1141 1024 1199 lundatls
1038 1143 1172 1208 dicimus,
1194 1142 1296 1210 quippe
1321 1153 1382 1195 cum
1407 1141 1494 1209 maior
1519 1138 1571 1194 slbi
1595 1138 1631 1193 sit
1660 1145 1723 1208 post

59 1225 164 1308 cramail
177 1226 311 1294 creditur,
327 1242 389 1298 quae
403 1243 513 1299 semper
527 1236 555 1286 et
574 1230 669 1288 eadent
689 1237 717 1288 et
732 1233 861 1302 praesenti
903 1232 1104 1302 depositionem
1120 1243 1201 1301 poena
1215 1230 1270 1284 vita
1284 1243 1365 1298 quarn
1381 1243 1474 1294 mors,
1494 1228 1541 1284 sed
1567 1233 1597 1284 ut
1611 1241 1683 1293 eum,
1700 1228 1723 1282 si

58 1320 165 1368 senatur
182 1321 210 1369 et
223 1314 352 1382 absenti,
378 1329 429 1371 nec
455 1317 583 1374 diuturna
604 1321 663 1389 ejus
686 1321 730 1376 eui
746 1320 863 1376 debetur
903 1320 973 1376 nolit
987 1319 1166 1386 descendere,
1183 1318 1297 1388 cogatis,
1310 1321 1338 1373 et
1351 1316 1433 1371 alium
1449 1317 1587 1371 communi
1602 1315 1724 1371 omnium

58 1402 174 1468 absentia,
191 1415 243 1458 nee
258 1401 333 1473 longi
349 1405 481 1473 temporis
496 1406 579 1462 taedio
594 1407 761 1463 immutatur.
777 1410 861 1477 Quam
903 1410 1096 1481 episcoporum
1120 1415 1148 1464 et
1171 1411 1262 1462 restro
1285 1405 1402 1462 consilio
1425 1421 1440 1460 a
1468 1405 1548 1460 nobis
1562 1406 1680 1462 electum
1694 1407 1723 1460 in

58 1490 125 1544 talun
140 1502 187 1545 ros
210 1490 294 1546 nobis
313 1505 422 1548 serrare
445 1493 547 1548 scimus
574 1499 603 1550 et
625 1495 727 1565 gratias
746 1496 861 1566 agimus,
902 1496 1081 1568 apostolicam
1096 1496 1188 1552 sedem
1204 1494 1363 1564 recipiatis,
1390 1493 1437 1564 qui
1463 1493 1537 1564 quod
1566 1494 1617 1549 isle
1632 1495 1659 1548 in
1675 1507 1724 1549 ec·

57 1585 78 1632 et
99 1584 125 1632 ut
147 1576 241 1634 eadem
266 1587 423 1649 perseueret
448 1581 575 1651 petimus,
591 1583 721 1639 videlieet
735 1591 776 1650 ut,
791 1583 862 1640 sieut
903 1585 986 1642 clesia
1001 1584 1171 1650 vtrlnerarlt,
1197 1595 1294 1638 curare
1309 1585 1336 1637 el
1351 1581 1416 1636 velit
1431 1587 1459 1637 et
1474 1582 1571 1651 possit.
1593 1601 1607 1631 n

56 1665 149 1732 laellis,
174 1667 272 1723 amicis
294 1668 398 1724 nostris
425 1669 517 1736 aurici,
546 1671 667 1727 inimicis
689 1672 792 1728 nostris
806 1673 862 1728 lni-
939 1675 1019 1729 «67.
1040 1673 1185 1729 lleinricos
1203 1671 1273 1742 (37),
1289 1683 1344 1726 non
1370 1670 1527 1740 usurpative
1553 1669 1601 1724 sed
1617 1669 1661 1738 pia
1674 1670 1723 1724 Ilei

57 1754 107 1808 niel
118 1754 219 1824 lug'ter
233 1755 368 1810 existatis.
393 1757 468 1812 luter
490 1771 561 1826 quos
574 1758 681 1816 scilicet
696 1734 1078 1820 illidebran-Bordtnatlone
1094 1775 1152 1823 rex.
1178 1758 1384 1825 llildebrando,
1407 1759 1463 1828 lam
1489 1770 1545 1812 non
1568 1755 1722 1826 apostolico

55 1841 107 1895 duni
121 1842 284 1898 monachum
303 1849 451 1910 notantes,
477 1859 526 1901 ros
549 1846 577 1901 in
607 1848 666 1917 ejus
691 1847 860 1905 inimicitiam
902 1851 950 1907 sed
972 1849 1040 1906 laiso
1056 1847 1200 1905 rnonacbo.
1214 1846 1380 1902 llanetalem
1396 1859 1446 1916 pro
1461 1843 1722 1902 contusione⁸⁸⁷tua

54 1929 197 1996 eiciamus,
223 1931 289 2001 quia
313 1931 429 1988 buncel
457 1933 582 1990 ecclesiae
597 1935 749 1991 invasorem
766 1944 793 1993 et
807 1951 860 2007 op·
902 1939 1095 1996 salutationem
1123 1937 1310 2008 promeruisti,
1335 1935 1382 2005 qui
1412 1934 1517 1990 nullum
1550 1934 1577 1989 lu
1606 1933 1723 1989 ecclesia

54 2029 194 2084 pressorern
211 2061 218 2085 ‚
244 2025 273 2075 et
288 2021 417 2076 llomanae
432 2023 473 2077 rei
490 2022 608 2092 publicae
624 2023 665 2079 rel
681 2024 757 2095 regni
772 2027 860 2081 nostri
902 2027 1027 2085 ordinem
1044 2026 1207 2097 praeteristi,
1230 2039 1310 2094 quem
1335 2022 1506 2080 confusionis
1525 2037 1581 2078 non
1597 2023 1723 2086 honoris,

55 2103 229 2162 insidiatorem
253 2109 541 2179 deprehendimusffl,
572 2117 602 2166 ut
626 2112 654 2166 lo
679 2113 859 2182 subsequenti
902 2114 1105 2171 maledictionis
1130 2125 1185 2168 noo
1214 2109 1438 2176 benedictionis,
1478 2109 1640 2180 participem
1669 2121 1724 2166 nou

54 2193 156 2261 epistola
180 2197 236 2252 sibi
251 2211 266 2252 a
281 2197 362 2254 nobis
380 2199 485 2254 directa
506 2213 672 2269 pernoscere
687 2201 715 2256 in
731 2207 860 2271 promptu
901 2201 1011 2258 leceris.
1032 2203 1067 2257 Ut
1081 2201 1153 2256 enim
1168 2200 1203 2256 de
1232 2198 1325 2256 multis
1349 2211 1435 2268 pauca
1452 2203 1480 2253 et
1501 2197 1611 2269 egregia
1626 2197 1725 2268 loqua-

54 2282 145 2338 l⁵l²⁸¹=
902 2305 973 2357 mur,
999 2295 1123 2346 rectores
1145 2293 1247 2344 sanctae
1267 2286 1413 2348 ecciesiae,
1443 2284 1572 2340 videlicet
1587 2285 1725 2355 archiepi-

81 2372 260 2429 ‹lleinricus
286 2376 333 2430 Ilei
371 2377 459 2446 gratia
491 2391 539 2432 rex
572 2375 770 2433 llildebrando.
794 2379 860 2433 Cum
902 2391 1027 2448 scopos,
1057 2377 1222 2446 episcopos.
1253 2373 1448 2446 presbyteros,
1476 2385 1531 2427 non
1559 2371 1642 2427 ruodo
1670 2385 1725 2428 nou

53 2457 172 2515 melenus
184 2477 220 2516 ex
236 2467 303 2518 leea
319 2477 381 2532 quaa
391 2465 548 2533 patrissant
562 2472 745 2534 expectarem,
756 2466 862 2536 tibique
903 2472 1016 2537 ungere
1030 2465 1103 2522 sicut
1117 2463 1236 2520 cbristus
1255 2461 1364 2518 Domini
1392 2458 1528 2526 timuisti,
1559 2459 1626 2528 quin
1653 2460 1726 2515 sicut

52 2544 72 2598 iu
83 2549 216 2603 omnibns
233 2562 330 2619 magna
353 2549 474 2605 lidelium
498 2558 655 2606 nostrorum
675 2551 862 2622 indignatione
903 2567 1018 2622 servos,
1044 2553 1200 2608 nescientes
1223 2551 1289 2622 quid
1303 2548 1386 2606 iaciat
1400 2549 1528 2606 domiuus
1542 2562 1657 2614 eorum,
1673 2550 1725 2604 sub

50 2633 200 2702 obedirem,
229 2637 339 2707 percepi
364 2651 380 2692 a
404 2638 472 2693 te¹⁸⁸
494 2638 729 2706 uicissitudinem,
753 2639 861 2709 qualem
906 2641 1023 2712 pedibus
1044 2641 1099 2696 tuis
1113 2639 1242 2706 calcasti;
1259 2640 1287 2695 in
1309 2651 1425 2708 quorum
1445 2636 1653 2693 conculcatione
1674 2636 1724 2692 tibl

52 2724 186 2789 oportebat
207 2723 245 2778 ab
259 2738 313 2791 eo,
329 2725 376 2794 qui
401 2725 464 2782 vita
478 2727 611 2797 regnique
626 2727 715 2782 nostrl
731 2727 865 2796 pernitio-
905 2728 1024 2784 fauorem
1039 2727 1073 2783 ab
1088 2740 1136 2783 ore
1153 2727 1225 2798 vulgi
1241 2725 1426 2796 comparasti;
1443 2738 1513 2794 quos
1526 2738 1623 2780 omnes
1638 2723 1723 2780 nicbll

51 2811 162 2866 sissinius
189 2812 378 2869 bostisesset.
404 2815 471 2868 Nam
495 2828 555 2870 cum
581 2815 608 2870 in
633 2815 729 2885 primis
757 2829 864 2871 omnem
905 2818 987 2883 scire,
1013 2823 1039 2870 te
1062 2819 1153 2870 autem
1176 2814 1264 2870 solum
1288 2813 1379 2869 omnia
1403 2825 1484 2867 nosse
1505 2811 1644 2880 judicasti.
1668 2813 1724 2876 Quia

52 2895 236 2954 hereditariam
261 2900 445 2970 dignitatem,
471 2915 532 2971 quae
557 2901 640 2957 micbi
666 2904 701 2958 ab
728 2902 774 2958 illa
798 2902 863 2959 sede
907 2904 1202 2975 utiqueseientianon
1224 2902 1258 2958 ad
1283 2901 1514 2967 aedificationem,
1539 2899 1643 2955 sedati
1672 2899 1724 2954 de-

51 2983 191 3042 drbobatur
225 2987 349 3056 superbo
384 3003 452 3044 auso
487 2989 635 3059 rapuisses,
661 2990 770 3060 lougius
798 2989 862 3046 inde
905 2993 1085 3049 structionem
1102 2991 1141 3046 uti
1160 2990 1310 3057 studuisti,
1336 2987 1605 3062 utlureffllbeatnm
1620 2989 1726 3057 Grego-

53 3076 231 3143 progredicns,
249 3089 362 3146 reguum
378 3076 463 3132 italiae
480 3077 607 3147 pessimis
621 3078 727 3134 artibus
742 3053 893 3134 alienareC
906 3081 987 3148 rium,
1002 3080 1082 3149 culus
1093 3091 1193 3135 nomen
1208 3079 1259 3134 tibi
1275 3077 1437 3143 vendicasti,
1453 3076 1487 3132 de
1504 3082 1529 3130 te
1546 3074 1725 3146 prophetasse.

53 3165 185 3231 temptasti.
208 3165 267 3220 Nec
291 3164 344 3221 boc
368 3168 534 3232 contentus,
565 3166 594 3220 in
626 3166 864 3223 reverentissimos
903 3169 1048 3224 credamus
1066 3165 1106 3222 sic
1121 3166 1257 3222 dicentem
1275 3186 1282 3222 :
1299 3183 1313 3215 u
1334 3165 1372 3219 Ex
1386 3163 1525 3219 allluentia
1539 3164 1724 3233 subjectorum

53 3249 193 3320 episcopos,
209 3253 259 3321 qul
276 3251 357 3308 nobis
380 3252 454 3308 velut
477 3252 634 3308 dulcissima
657 3253 779 3309 membra
793 3253 863 3309 uniti
904 3256 1065 3327 plerumque
1081 3255 1188 3310 anlnaus
1202 3253 1308 3324 prolati
1324 3250 1475 3316 extollitur,
1503 3256 1531 3306 et
1556 3251 1673 3305 aestimat
1697 3264 1726 3304 sc

52 3343 121 3407 suot,
137 3353 248 3396 manum
278 3341 386 3397 mittere
409 3353 464 3400 non
489 3340 623 3406 timulsti,
647 3355 751 3412 eosque
766 3355 862 3411 super·
905 3343 967 3415 plus
990 3344 1118 3401 omnibns
1141 3355 1241 3408 nosse,
1267 3355 1328 3397 cum
1357 3355 1387 3395 se
1409 3339 1485 3394 ridet
1510 3338 1571 3406 pilus
1599 3339 1727 3393 omuibus

54 3422 158 3482 bissinis
180 3427 295 3498 injuriis
317 3427 557 3497 acerbissimisque
572 3429 749 3484 contumeliis
767 3435 863 3483 contra
904 3445 995 3501 posse.
1017 3433 1085 3487 »Et
1107 3442 1159 3486 nos
1187 3430 1298 3499 quidem
1328 3428 1387 3482 baec
1416 3425 1506 3481 omnia
1535 3425 1726 3489 sustinuimus,

54 3509 128 3568 lisina
147 3523 174 3572 et
191 3518 407 3586 humanarum,
432 3523 463 3572 ut
486 3517 539 3586 ipsi
559 3518 645 3583 aiunl,
666 3516 809 3586 exagitasti
820 3515 861 3572 ³⁰⁸.
904 3519 967 3574 dum
983 3517 1234 3588 apostolicaesedis
1259 3515 1392 3569 bonorem
1417 3523 1527 3565 servare
1560 3508 1715 3564 studuimus

54 3607 104 3663 oran
118 3606 207 3660 oxonia
222 3619 289 3660 cuna
305 3619 356 3676 ego
371 3605 487 3675 quadam
504 3603 637 3673 patientia
651 3602 862 3668 dissimularem,
904 3607 957 3663 sed
985 3613 1014 3661 tu
1043 3605 1223 3660 bumilitatem
1251 3608 1371 3657 nostram
1400 3598 1525 3652 timorem
1555 3596 1614 3652 lore
1641 3595 1727 3652 iutel-

55 3687 133 3744 tnboc
149 3705 202 3748 non
219 3691 598 3763 patierrtlamsedignaviam
622 3693 761 3747 estimans
771 3691 814 3758 ¹⁸⁸,
835 3691 863 3746 in
904 3694 1016 3760 luxisti,
1041 3693 1161 3762 ideoque
1194 3697 1221 3744 et
1249 3690 1276 3744 in
1314 3688 1400 3757 lpsam
1427 3683 1529 3754 regiam
1561 3687 1725 3753 potestatem

54 3776 126 3842 ipsun
141 3788 222 3851 caput
237 3783 384 3850 insurgere
399 3793 537 3847 amusos,
554 3779 686 3836 mandans
701 3794 763 3849 quac
778 3779 863 3846 nosti,
904 3782 985 3838 nobis
1008 3794 1024 3836 a
1051 3780 1108 3835 Deo
1141 3791 1300 3835 concessam
1331 3786 1478 3845 exsurgere
1505 3785 1559 3828 uon
1590 3771 1725 3837 timuisti,

54 3865 157 3936 scilicet,
183 3877 212 3924 ut
238 3869 298 3924 tuis
318 3869 410 3924 uerbis
433 3875 504 3936 utar,
520 3868 595 3938 quod
610 3875 657 3923 aut
671 3872 700 3924 tu
716 3868 865 3924 morereris
904 3884 985 3940 quam
1000 3877 1027 3925 te
1043 3867 1124 3924 nobis
1138 3864 1245 3922 auferre
1256 3862 1288 3896 ¹⁰·
1302 3876 1384 3918 ausus
1399 3876 1429 3918 es
1453 3861 1561 3926 minari,
1581 3860 1659 3930 quasi
1676 3871 1727 3915 nos

54 3955 179 4012 autniebi
197 3959 321 4013 animam
343 3969 512 4027 regnumque
536 3955 659 4012 tolleres.
686 3957 762 4011 llanc
786 3955 863 4010 inau·
903 3965 961 4014 ate
976 3971 1090 4028 regnum
1105 3955 1312 4024 acceperimus,
1336 3951 1415 4021 quasi
1440 3951 1467 4006 in
1493 3957 1539 4006 loa
1567 3957 1595 4005 et
1619 3961 1674 4004 uon
1697 3947 1725 4003 io

55 4036 122 4096 litam
144 4046 348 4102 corilumacinlll
373 4059 424 4116 ego
448 4059 502 4101 non
527 4044 618 4101 verbis
640 4044 688 4100 setl
714 4059 743 4100 re
767 4042 864 4100 conlu-
903 4047 950 4104 liei
976 4060 1057 4108 manu
1080 4045 1116 4101 sit
1138 4056 1252 4114 regnum
1276 4039 1317 4097 rel
1333 4041 1497 4110 imperium
1523 4039 1570 4109 qui
1595 4039 1726 4094 boninus

54 4131 145 4186 tantan
166 4132 347 4204 dijudicans,
372 4133 528 4204 generalem
553 4140 717 4190 conventum
741 4132 863 4188 omnium
903 4141 999 4192 noster
1020 4135 1100 4190 lesus
1132 4132 1257 4188 Christus
1285 4142 1336 4185 nos
1358 4128 1392 4184 ad
1422 4141 1552 4198 reginam,
1582 4132 1608 4181 le
1634 4131 1724 4181 nartem

55 4219 116 4284 regnp
131 4223 279 4290 primatum
294 4221 364 4291 ipsis
377 4221 598 4291 supplicantibus
622 4221 715 4277 luabui.
733 4221 784 4276 Ubi
800 4234 862 4276 cum
903 4237 958 4279 non
981 4222 1088 4278 vocarit
1102 4220 1135 4276 ad
1161 4217 1355 4275 sacerdotium.
1382 4217 1420 4271 lu
1441 4215 1512 4271 enirn
1537 4214 1580 4269 bis
1594 4213 1725 4283 gradibus

54 4319 144 4376 eaquae
166 4311 306 4368 hacteuus
324 4317 397 4366 metu
422 4316 451 4366 ct
473 4311 626 4366 reverentia
647 4311 808 4367 tacebantur
832 4311 861 4366 in
903 4310 1052 4368 ascendisti
1069 4329 1076 4364 ε
1091 4308 1198 4365 scilicet
1221 4306 1340 4371 astutia,
1366 4303 1441 4372 quod
1471 4300 1631 4356 monacbica
1656 4313 1724 4369 pro-

56 4395 155 4454 nedium
178 4400 303 4456 deducta
323 4398 457 4466 luissent,
482 4399 554 4455 ueris
581 4399 781 4456 assertionibus
798 4363 987 4455 tile-Dlessio
1023 4396 1234 4460 abhominatur,
1262 4390 1431 4463 pecuniam,
1459 4387 1578 4478 pecunia
1605 4382 1724 4440 favorem

54 4493 119 4550 itui,
135 4503 201 4558 quas
215 4505 251 4546 ex
268 4489 392 4558 ipsorum
415 4488 516 4544 litteris
534 4488 641 4554 audies,
657 4487 745 4558 palam
760 4486 862 4542 lactum
903 4487 994 4544 lavore
1007 4483 1131 4552 ferrum,
1154 4482 1228 4538 lerro
1243 4480 1336 4538 sedem
1352 4479 1427 4549 pacis
1440 4477 1543 4542 adisti,
1568 4481 1596 4530 et
1611 4473 1645 4529 de
1660 4472 1725 4530 sede

54 4579 95 4637 0⁵¹.
106 4581 129 4630 le
143 4578 305 4635 nullatenus
318 4577 346 4632 in
362 4576 516 4647 apostolica
529 4576 596 4632 sedo
612 4589 692 4646 posse
702 4575 860 4645 persistere.
904 4575 980 4646 pacis
994 4587 1088 4644 pacem
1103 4572 1239 4636 turbasti,
1265 4569 1329 4624 duna
1349 4566 1476 4623 subditos
1491 4565 1518 4620 ln
1534 4563 1665 4633 praelatos
1678 4573 1725 4616 ar·

53 4662 156 4724 litorum
169 4666 341 4734 sentcntiae,
366 4665 430 4736 quia
450 4665 524 4735 justa
552 4671 580 4722 et
604 4663 757 4734 probabilis
770 4675 862 4718 coram
904 4663 1004 4726 masti,
1029 4661 1093 4716 dnm
1120 4660 1267 4730 episcopos
1281 4663 1394 4712 nostros
1416 4669 1431 4710 a
1455 4655 1510 4708 lieo
1534 4655 1667 4713 vocatos,
1683 4653 1726 4714 tu,

54 4746 98 4804 lieo
115 4752 331 4825 nominibusque
357 4753 512 4821 ridebatur,
539 4767 590 4824 ego
620 4765 732 4823 quoquo
765 4765 862 4809 assen-
905 4763 960 4806 non
975 4755 1107 4816 uocatus,
1123 4745 1295 4818 spernendos
1318 4742 1456 4807 docuisti,
1487 4739 1551 4795 dum
1571 4737 1650 4792 lalcis
1675 4736 1725 4790 mi-

54 4835 122 4904 liens,
136 4855 215 4900 omne
232 4843 287 4900 tibi
303 4849 418 4913 papatus
439 4843 495 4913 los,
518 4841 593 4913 quod
608 4841 709 4898 babere
728 4841 803 4896 visus
822 4854 862 4906 es,
905 4837 1047 4894 misterium
1063 4850 1157 4893 eorum
1181 4847 1265 4904 super
1287 4831 1447 4888 sacerdotes
1462 4825 1610 4897 usurpasti,
1627 4829 1657 4880 ut
1672 4823 1725 4894 lpsl

55 4925 213 5000 abrenuntio,
230 4939 316 5001 atque
332 4931 469 4987 utascde
484 4931 582 4999 Urbis,
606 4931 686 5000 cujus
709 4929 792 4985 micirl
817 4943 864 4998 pa·
905 4927 1046 4997 deponant
1055 4925 1087 4957 ¹⁸⁰
1101 4924 1143 4982 vel
1159 4926 1355 4992 contempnent
1364 4919 1406 4987 ¹¹¹,
1430 4917 1477 4988 qui
1502 4917 1578 4985 ipsos
1605 4928 1621 4970 a
1645 4925 1726 4969 manu

718 5075 829 5130 VARIAE
857 5073 1048 5130 deculcans,

83 5195 291 5260 *inconcussa
307 5203 331 5260 l.
370 5203 400 5234 ¹⁸¹
416 5203 455 5258 ilo
477 5201 495 5256 2
515 5199 656 5272 eompreb.
680 5198 704 5256 l.
742 5198 858 5254 ¹³¹lricl
887 5212 979 5253 nouum
1003 5199 1081 5267 copul
1105 5194 1216 5250 orditur.
1253 5189 1285 5222 ¹⁸¹
1304 5188 1417 5245 decoll.
1455 5185 1487 5218 ¹⁸⁸
1505 5182 1676 5240 exacerbasti
1694 5177 1721 5237 2.

56 5263 249 5330 “existimans
268 5274 296 5329 2.
333 5273 510 5343 ‘lilixurgite
532 5270 557 5325 l.
583 5275 743 5328 emuloater.
781 5267 1053 5326 ¹⁸'conlesslone2l
1089 5265 1121 5297 ¹⁸⁸
1144 5265 1164 5319 i.
1194 5263 1246 5319 boc
1265 5261 1294 5318 b.
1323 5259 1350 5314 2.
1388 5256 1421 5290 ¹¹¹
1439 5254 1542 5312 aulea-ri
1564 5252 1588 5310 l.
1626 5251 1658 5284 ”⁰
1679 5251 1725 5313 de·

56 5347 146 5401 mucul
162 5343 186 5398 l.
226 5343 260 5376 ¹⁸¹
275 5349 472 5415 contempnent
486 5355 558 5413 quos
572 5341 624 5410 ipsi
643 5341 670 5394 2.

831 5437 940 5494 NOTAE.

83 5531 129 5598 06}
151 5539 180 5594 V.
202 5539 306 5609 Legum
320 5540 350 5596 T.
370 5541 414 5606 ll,
431 5554 458 5609 p.
479 5537 524 5590 le.
972 5531 1034 5604 (37)
1057 5533 1087 5588 ll.
1108 5533 1171 5600 Leg.
1192 5529 1222 5585 T.
1243 5529 1277 5591 ll,
1292 5541 1321 5597 p.
1341 5523 1387 5580 47.
1496 5589 1500 5600 Ι
