4036 6162
205 217 259 287 aas
757 225 921 282 munuum
940 224 1204 283 umrouansnsrs
1222 223 1353 281 cremor
1731 289 1734 292 ,
1845 221 1900 277 aaa

204 363 330 416 mortuus
353 363 395 414 est
421 356 466 430 (ei.
486 372 515 425 v,
538 355 592 429 ld).
617 373 632 407 a
657 353 751 423 ltaque
769 351 857 408 Graeci
871 351 1195 423 sacerdoteshscopatu,
1211 349 1286 422 quod
1305 349 1396 407 minus
1419 362 1481 406 esse
1495 347 1650 418 videbatur,
1670 349 1726 407 lieo
1750 349 1899 420 adiuvante

204 448 411 505 ambrosianam
449 449 575 503 tenentes
606 443 792 510 sententiam,
826 455 913 512 usque
946 440 1029 498 bodie
1073 440 1214 512 implevit,
1240 444 1267 497 ει
1289 439 1364 510 quod
1388 436 1546 496 ordinatum
1570 437 1675 496 invenit
1702 437 1902 496 inviolabiliter

188 537 341 594 ‘sancitum
363 541 392 592 ει
416 549 467 606 pro
493 535 553 605 lege
577 545 654 588 sacra
679 531 792 598 habent,
817 537 848 586 ut
871 529 1031 601 quandoid
1072 530 1161 587 tenuit
1184 535 1212 587 ει
1230 527 1364 595 firmavit,
1391 529 1429 584 ita
1452 533 1483 585 ot
1501 527 1594 584 nullus
1616 528 1765 600 episeopus
1783 527 1901 599 amplius

205 625 361 683 sacerdotio
390 629 540 695 unguntur,
564 625 611 678 aut
633 619 817 691 virginitatem
846 618 946 674 exinde
971 631 1031 689 pro·
1072 625 1185 692 augeret
1197 618 1301 690 aliquid
1317 623 1364 674 aut
1378 617 1554 675 diminueret.

206 717 327 780 mittunt,
343 720 390 770 aut
413 725 513 768 uxores
532 711 560 766 iu
582 708 740 766 testimonio
755 709 876 765 virorum
895 709 1031 765 bonorum
1111 709 1152 765 12.
1169 709 1363 765 interminatis
1375 707 1405 739 ¹¹¹
1421 721 1452 763 ar.
1468 705 1702 784 dednitissauotae
1711 707 1901 765 ambrosiana

206 805 259 861 sibi
274 803 432 868 sociantur;
455 805 482 857 et
496 800 520 855 si
535 798 671 870 comingit
687 797 761 868 quod
781 811 852 854 uror
863 812 912 854 sua
927 797 1032 855 moria·
1072 793 1198 857 'ecclesiae
1225 797 1390 863 ordinibus,
1416 796 1543 868 datisque
1564 797 1658 868 liguris
1677 796 1862 854 rationalibus
1874 797 1901 852 in

171 875 173 880 ⁸
208 901 260 960 tur,
290 897 337 948 aut
364 893 437 946 caste
466 890 559 945 vivunt
589 892 717 945 tenentes
745 885 951 953 sacerdotium,
982 894 1028 944 aut
1073 890 1173 960 quibus
1188 890 1259 944 lleus
1284 902 1333 959 por
1356 887 1529 944 clementiam
1553 900 1629 942 suam
1654 887 1743 943 sancti
1762 887 1900 945 Ambrosii

206 981 390 1038 sacerdotium
410 979 547 1046 amittunt,
569 977 592 1034 si
616 992 646 1033 se
670 976 787 1048 amplius
812 976 894 1032 alicui
923 976 1031 1033 laminae
1073 978 1209 1050 sullragiis
1223 991 1279 1034 uon
1294 977 1429 1033 immerite
1443 976 1552 1047 aperire
1567 975 1686 1046 posteris
1699 976 1821 1048 benigne
1835 991 1901 1033 eou-

207 1071 356 1126 sociantur.
381 1067 502 1136 Quorum
525 1067 675 1122 Ecclesiam
697 1066 725 1121 in
750 1066 959 1136 quamplurimis
973 1064 1033 1122 olli·
1074 1069 1166 1134 cessit,
1196 1079 1270 1123 nnnc
1297 1065 1416 1137 qtvaliter
1444 1067 1505 1135 ipso
1534 1064 1679 1135 adjuvante
1704 1065 1736 1096 ¹¹⁸
1764 1066 1898 1123 catechu-

208 1159 259 1215 eils
291 1159 388 1213 beatus
414 1155 575 1213 Ambrosius
599 1155 793 1214 venerabiliter
825 1155 947 1210 imitatus
978 1161 1030 1211 est.
1073 1155 1304 1212 meniecclesiam
1319 1153 1450 1226 yemalem
1474 1155 1673 1226 ingrediantur,
1698 1156 1853 1213 secundum
1869 1155 1899 1188 ¹¹¹

207 1248 276 1316 Quin
300 1249 381 1303 etiam
405 1246 569 1302 sacrificium
585 1259 690 1311 eorum,
706 1245 813 1300 scilicet
829 1243 1031 1313 ierruentatnm,
1074 1240 1199 1298 ordinem
1223 1256 1305 1311 quem
1327 1241 1396 1297 vidit
1419 1241 1559 1312 cordeque
1582 1242 1718 1314 cognovi,
1741 1249 1770 1299 ει
1792 1256 1809 1298 a
1830 1243 1899 1299 dde-

208 1351 269 1393 cum
285 1343 390 1404 nostro,
411 1336 519 1392 scilicet
533 1348 709 1406 azymorum,
733 1333 762 1389 in
786 1333 974 1389 celeberrimis
989 1332 1031 1389 ie·
1073 1333 1146 1389 libus
1161 1331 1293 1402 comperi,
1310 1330 1429 1387 dualiter
1453 1329 1569 1398 edicam,
1594 1345 1681 1402 quave
1704 1347 1787 1388 causa
1809 1333 1898 1404 regias

207 1425 386 1492 olivitatibus,
420 1425 536 1480 maxime
565 1425 593 1479 in
621 1423 823 1479 resurrectione
857 1421 963 1479 bomini
996 1421 1030 1478 ad
1073 1420 1199 1479 ecclesiae
1227 1421 1350 1491 eiusdem
1379 1418 1566 1476 occidentales
1592 1434 1646 1477 non
1677 1421 1839 1488 introeant,
1867 1436 1899 1478 ac

207 1513 419 1572 collaudandum
442 1519 471 1569 et
494 1511 712 1569 confirmandum
734 1517 817 1582 atque
833 1509 1030 1578 roborandum,
1073 1525 1157 1582 super
1186 1515 1312 1566 sanctum
1331 1510 1451 1566 crismon
1476 1523 1491 1565 a
1513 1509 1684 1567 subdiacono
1708 1517 1736 1567 et
1759 1511 1901 1569 bestiariis

207 1603 312 1674 angelis
330 1601 586 1658 administrantibus
609 1607 636 1657 et
659 1600 903 1666 sanctificantibus,
920 1600 1032 1656 benedi·
1073 1607 1103 1657 ut
1131 1599 1301 1667 doceantur,
1331 1598 1561 1667 introducantur,
1590 1600 1730 1658 caritative
1753 1603 1898 1659 intimabo.

209 1697 295 1759 caret,
309 1691 485 1748 confirmaret
499 1696 528 1746 et
542 1694 727 1746 consecraret.
743 1688 821 1746 Unde
836 1688 909 1746 idem
925 1683 1161 1762 aitsan-Blgitur
1188 1687 1378 1744 catechumeni
1395 1731 1402 1755 ,
1433 1688 1535 1759 quibus
1559 1690 1615 1760 jam
1645 1691 1716 1747 naus
1743 1705 1796 1762 per
1823 1706 1899 1747 suam

211 1787 272 1838 otus
286 1781 473 1838 Ambrosius:
499 1799 513 1832 u
537 1782 615 1837 Stant
631 1780 720 1851 augeli
735 1780 769 1835 ad
794 1780 865 1836 latus
879 1779 985 1846 altaris,
1005 1784 1033 1836 et
1074 1793 1206 1837 summam
1230 1777 1260 1809 ¹¹⁸
1288 1777 1515 1844 misericordiam,
1541 1778 1598 1834 sale
1622 1779 1767 1852 degustato
1792 1782 1898 1852 sapien

210 1871 366 1927 sacrificant
385 1869 545 1926 sacerdotes
570 1882 671 1939 eorpus
699 1875 726 1926 et
748 1869 908 1940 sanguinem
932 1868 1032 1926 Christi
1075 1871 1131 1936 tiae,
1156 1875 1184 1926 et
1211 1869 1326 1924 naribus
1350 1867 1481 1924 auriculis
1508 1873 1590 1939 sputo
1617 1869 1771 1928 sacerdotis
1800 1870 1898 1927 delini-

209 1956 359 2030 psallentes
373 1964 401 2014 ει
415 1958 557 2015 diceutes:
574 1957 666 2015 Gloria
681 1957 709 2013 in
730 1958 846 2014 excelsis
860 1961 926 2015 Deo.
946 1977 960 2010 n
980 1957 1033 2014 Sed
1075 1960 1120 2028 tis,
1142 1973 1193 2015 uec
1217 1970 1271 2014 non
1293 1956 1397 2015 saeculo
1421 1963 1449 2013 et
1472 1957 1580 2028 pompis
1603 1959 1664 2029 ejus
1680 1959 1896 2024 abrenunciatis.

208 2048 322 2106 beuset
337 2048 596 2114 bominusuoster,
622 2048 717 2104 volens
742 2055 848 2104 tantum
864 2054 892 2104 et
911 2053 965 2103 nm
981 2062 1035 2104 ma·
1075 2060 1211 2118 manuque
1248 2045 1402 2102 sacerdotis
1438 2044 1583 2103 ecclesiam
1624 2046 1745 2104 intrandi
1786 2049 1897 2106 lieentia

207 2137 336 2209 gnillcum
351 2137 511 2207 episcopum
526 2135 600 2192 velut
624 2137 768 2192 emeritum
788 2137 903 2192 militem
918 2137 1032 2193 multum
1075 2136 1278 2208 quodammodo
1294 2149 1425 2192 concessa
1449 2142 1500 2202 est,
1516 2135 1687 2194 subdiacono
1710 2144 1739 2195 et
1759 2138 1898 2194 hostiariis

209 2226 237 2282 ln
257 2225 353 2282 militia
371 2225 478 2282 domini
501 2226 544 2281 sui
568 2225 780 2296 triumphantem
801 2231 828 2282 et
842 2225 1032 2292 desudantem,
1074 2241 1123 2284 eos
1142 2224 1390 2293 introducentibus,
1411 2225 1514 2282 intrant
1528 2225 1672 2284 ecclesiam
1686 2240 1703 2283 a
1717 2233 1797 2299 parte
1809 2231 1898 2286 orien-

209 2313 302 2371 multis
322 2315 442 2386 praemiis
461 2315 609 2385 multisque
624 2314 778 2371 honoribus
792 2314 978 2386 ineffabilique
993 2330 1035 2372 re·
1075 2316 1119 2372 tis.
1144 2315 1222 2371 Unde
1245 2313 1280 2370 ab
1304 2314 1434 2370 oriente?
1456 2313 1589 2381 Quoniam
1613 2329 1718 2373 summa
1738 2313 1771 2347 ¹¹¹
1794 2317 1844 2372 liei
1858 2331 1898 2372 sa-

210 2403 401 2460 muueratione
415 2402 600 2459 bonoridcare
616 2410 643 2459 et
666 2403 831 2474 glorificare,
846 2402 881 2459 de
896 2405 1034 2475 ergastulo
1075 2405 1179 2476 pientia
1198 2403 1291 2460 oriens
1315 2416 1349 2460 ex
1372 2402 1428 2458 alto
1450 2402 1614 2460 illuminavit
1637 2416 1687 2460 eos
1708 2404 1757 2474 qui
1777 2404 1808 2459 in
1828 2414 1898 2461 tene
1996 2443 1997 2468 ,

210 2493 302 2551 caruis
325 2491 360 2548 ad
385 2498 515 2550 aeternam
539 2492 653 2564 gloriam
679 2493 811 2564 angelicis
835 2493 928 2551 choris
950 2495 1035 2565 stipa·
1077 2493 1133 2549 bris
1143 2495 1170 2548 et
1181 2494 1208 2548 iu
1219 2492 1315 2548 vrmbra
1328 2491 1424 2548 mortis
1437 2489 1581 2558 sedebant,
1593 2492 1728 2563 propbeta
1740 2499 1897 2562 attestante,

209 2589 254 2639 tus
273 2582 304 2613 ¹¹¹
318 2583 394 2638 exire
408 2581 551 2652 praecepit.
567 2582 645 2638 Unde
659 2582 727 2638 dicit
739 2582 906 2652 apostotus:
925 2601 940 2637 u
955 2584 1034 2652 Quod
1076 2581 1123 2652 qui
1138 2582 1176 2636 ait
1192 2581 1223 2612 ¹¹⁷
1245 2601 1251 2636 :
1275 2601 1288 2630 α
1309 2580 1475 2637 sedentibus
1489 2582 1516 2637 iu
1532 2582 1656 2637 tenebris
1670 2589 1698 2638 et
1712 2583 1812 2638 umbra
1831 2598 1899 2640 mor·
1996 2597 1997 2640 ι

209 2671 306 2729 oculus
321 2683 376 2726 non
391 2669 460 2726 vidit
479 2683 530 2727 nec
554 2671 629 2727 auris
642 2670 746 2726 audivit
761 2685 811 2728 nec
834 2673 862 2728 io
886 2687 935 2729 cor
948 2673 1035 2730 homi·
1076 2671 1121 2738 tis,
1133 2669 1180 2726 lux
1190 2675 1250 2727 orta
1265 2673 1308 2724 est
1322 2668 1363 2724 eis
1376 2671 1428 2736 (la.
1445 2683 1482 2735 rx,
1499 2667 1536 2740 2).
1554 2687 1568 2720 n
1585 2671 1618 2724 lit
1628 2671 1693 2726 item
1704 2670 1899 2742 prophetamm

209 2762 253 2817 nis
276 2759 414 2827 ascendit,
440 2774 503 2830 quae
527 2761 779 2830 preparavitlleus
803 2760 982 2833 diligentibus
1004 2777 1035 2818 se
1076 2759 1193 2816 eximius
1211 2757 1294 2814 David
1315 2756 1371 2813 ¹¹⁸:
1398 2759 1557 2814 «Exortum
1573 2765 1615 2814 est
1628 2759 1657 2815 in
1672 2759 1798 2816 tenebris
1812 2760 1899 2818 lumen

209 2853 236 2916 (i
248 2853 309 2908 Cor.
326 2865 357 2917 rr,
373 2848 412 2922 9).
429 2868 443 2902 n
468 2849 519 2917 Qui
544 2849 647 2907 clerum
666 2849 719 2906 sibi
735 2852 909 2907 commissum
929 2859 957 2908 ει
971 2866 1036 2909 oves
1077 2848 1160 2903 rectis
1179 2846 1263 2903 corde
1282 2845 1340 2917 (Ρε.
1356 2860 1411 2914 err,
1426 2847 1462 2917 ‘¹l·
1489 2866 1503 2898 n
1523 2849 1571 2903 llis
1594 2849 1722 2904 omuibus
1746 2850 1901 2921 ingredien-

209 2941 296 2995 aiteo
310 2939 363 2994 sibi
378 2938 498 2994 creditas
511 2939 642 3009 precibus
657 2944 685 2994 et
703 2940 817 2995 vocibus
832 2946 914 3009 atque
934 2940 1037 2996 lamen·
1077 2938 1169 3004 tibus,
1194 2936 1324 2993 sacerdos
1347 2943 1375 2993 ct
1394 2936 1529 2994 diaconus
1547 2938 1640 2996 clauso
1660 2953 1722 2995 eum
1748 2940 1900 3012 evangelio,

209 3029 246 3083 tis
267 3027 389 3083 moriens
408 3028 474 3094 Deo,
490 3025 519 3080 iu
539 3040 595 3097 quo
615 3033 680 3083 sunt
698 3041 794 3083 omncs
813 3027 934 3084 thesauri
949 3019 1109 3086 scien-Cot
1134 3033 1303 3098 cognoscant
1323 3024 1354 3057 ¹¹¹
1385 3026 1474 3082 sancti
1498 3027 1630 3098 evangelii
1660 3034 1769 3085 secreta
1797 3027 1901 3100 indigni

210 3115 259 3171 tiae
277 3113 444 3181 absconditi,
460 3115 596 3171 instanter
610 3116 829 3172 commendabat.
853 3119 968 3188 insuper
987 3132 1037 3188 per
1079 3131 1140 3172 esse
1159 3115 1263 3182 videre,
1279 3120 1308 3172 et
1322 3129 1356 3172 ue
1371 3113 1412 3173 illi
1426 3115 1537 3172 videant
1550 3117 1598 3187 qui
1612 3115 1706 3173 videre
1721 3130 1778 3174 uon
1789 3118 1900 3182 debent,

211 3202 344 3272 spiritum
358 3209 482 3258 sanctum
507 3202 675 3275 intelligens,
692 3205 793 3262 multos
811 3205 1038 3278 pseudochristos
1079 3211 1107 3262 ct
1124 3204 1238 3261 audiant
1252 3207 1300 3276 qui
1316 3219 1426 3262 servare
1448 3219 1503 3262 nou
1519 3213 1644 3277 possunt,
1665 3214 1693 3264 et
1716 3206 1903 3264 subdiaconus

211 3296 239 3348 et
263 3290 521 3362 pseudoprophetas
544 3293 572 3348 in
594 3292 765 3350 vestimentis
784 3294 876 3351 ovium
895 3301 1036 3364 venturos,
1079 3309 1140 3352 cum
1157 3293 1298 3351 thuribulo
1313 3295 1429 3362 incensi,
1447 3300 1478 3352 ut
1495 3296 1523 3353 in
1543 3302 1694 3366 conspectu
1708 3297 1758 3353 Dei
1774 3312 1827 3368 per
1841 3297 1902 3354 boni

210 3380 360 3437 Ecclesiam
375 3381 423 3435 liei
443 3386 471 3437 et
490 3382 608 3452 populos
627 3384 687 3453 ejus
701 3397 752 3456 per
770 3381 865 3440 falsam
880 3385 1035 3442 doctrinam
1080 3383 1176 3441 odoris
1198 3397 1309 3454 operam
1334 3383 1501 3454 quaudoque
1527 3392 1688 3456 appareant,
1708 3401 1759 3443 seu
1778 3386 1904 3443 diabolus

210 3470 400 3536 subversuros,
417 3469 452 3526 de
474 3470 576 3540 quibus
599 3472 730 3528 Dominus
745 3487 795 3545 per
807 3474 981 3544 Evangelium
997 3475 1039 3531 di·
1081 3487 1131 3544 per
1144 3478 1248 3528 sanctae
1271 3471 1334 3528 iidei
1360 3471 1544 3542 devotionem,
1561 3475 1609 3546 qui
1630 3487 1679 3530 eos
1693 3488 1743 3546 per
1764 3475 1851 3530 multa
1864 3475 1902 3529 iu-

211 3559 274 3617 cn:
301 3579 315 3612 u
338 3559 480 3616 Attendite
503 3574 519 3616 a
539 3558 615 3617 falsis
640 3561 793 3632 prophetis,
810 3565 857 3634 qui
876 3565 988 3621 veniunt
1003 3564 1037 3621 ad
1079 3565 1186 3618 'vaserat
1209 3568 1350 3633 tempora,
1375 3563 1591 3620 inremeabiliter
1612 3565 1688 3633 ipsos
1705 3564 1842 3621 deserens
1867 3564 1904 3620 lu·

210 3663 258 3706 vos
282 3649 310 3705 iu
334 3649 505 3704 vestimentis
530 3649 641 3717 ovium,
669 3651 835 3708 intrinsecus
859 3659 950 3710 autem
974 3658 1038 3710 suut
1078 3652 1144 3722 giat,
1159 3659 1187 3708 et
1203 3650 1233 3682 ¹³⁰
1250 3665 1332 3708 cereo
1346 3651 1472 3720 ardente,
1493 3653 1612 3722 Spiritus
1626 3655 1715 3711 saneti
1730 3657 1902 3726 presentiam

210 3737 272 3808 lupi
288 3751 403 3809 rapaces
419 3733 591 3810 (Matinum,
618 3739 670 3812 15).
693 3759 706 3792 n
728 3743 786 3798 iloc
806 3743 962 3813 previdens
975 3759 1038 3800 sau-
1078 3741 1236 3812 significans
1252 3741 1294 3810 ¹⁸¹,
1320 3741 1475 3799 obviantur.
1501 3743 1560 3811 Quo
1585 3742 1669 3812 iacto,
1694 3751 1757 3801 cum
1784 3745 1822 3801 ad
1846 3760 1904 3802 san-

211 3833 272 3882 ctus
291 3833 319 3883 et
342 3827 581 3884 reverentissimus
598 3828 778 3899 Ambrosius,
807 3831 911 3889 clerum
935 3848 966 3890 ac
990 3847 1037 3905 po
1079 3833 1155 3886 ctum
1181 3832 1300 3888 crismon
1321 3830 1372 3904 (47)
1396 3832 1472 3889 ducti
1495 3838 1569 3900 sunt,
1584 3833 1760 3890 studiose-ac
1774 3834 1904 3906 religiose

212 3915 306 3987 pulum
321 3917 406 3970 ileum
421 3929 503 3971 orans
518 3916 620 3972 cotidie
637 3920 759 3977 armabat
773 3921 888 3978 dicens:
907 3941 921 3975 a
939 3923 1036 3980 Libera
1077 3934 1163 3990 super
1181 3921 1281 3978 eodem
1297 3922 1363 3992 quid
1378 3921 1515 3994 significat
1533 3922 1668 3980 docentur
1689 3943 1696 3979 z
1718 3923 1817 3990 «Vos,
1836 3938 1904 3996 quos

210 4008 263 4059 hos
277 4004 311 4058 ab
324 4002 476 4071 hereticis,
492 4002 526 4059 ab
541 4005 674 4073 Arrianis,
691 4022 706 4063 a
721 4008 914 4078 schismaticis,
935 4025 950 4066 a
969 4011 1036 4067 bar·
1078 4011 1151 4066 lleus
1174 4010 1208 4067 ad
1233 4011 1380 4082 imaginem
1400 4015 1427 4067 et
1445 4011 1653 4069 similitudinem
1672 4027 1748 4070 suam
1768 4014 1804 4070 ab
1823 4015 1902 4070 initio

211 4085 295 4158 baris,
319 4090 382 4161 quia
407 4096 436 4147 tu
457 4091 534 4148 solus
558 4094 697 4162 hominus,
723 4100 752 4152 tu
777 4098 854 4154 solus
875 4098 1033 4169 altissimus,
1077 4101 1169 4156 omnia
1185 4101 1338 4170 praevidens
1361 4102 1478 4174 benigne
1493 4103 1606 4169 creavit,
1631 4103 1808 4174 hocsiguum
1822 4103 1899 4172 alpha

211 4179 329 4238 christe.
354 4199 369 4232 n
393 4181 452 4249 Quo
476 4182 584 4239 exiente
611 4183 646 4241 de
669 4199 788 4256 corpore
812 4195 932 4258 quantus
954 4189 1036 4246 dolor
1077 4196 1105 4246 ει
1118 4191 1154 4248 bo
1170 4190 1201 4222 ¹³¹
1220 4193 1367 4247 continens
1390 4191 1456 4263 qrrid
1477 4193 1622 4265 significat,
1639 4193 1723 4250 eorda
1739 4201 1767 4250 et
1790 4194 1903 4249 auribus

211 4269 356 4337 nobilium,
372 4274 400 4327 et
424 4276 542 4342 quantus
564 4273 682 4342 gemitus
707 4275 881 4343 clericorum,
898 4285 926 4334 et
943 4293 1033 4348 quan·
1076 4279 1159 4334 animi
1169 4287 1370 4351 cognoscentes
1380 4279 1629 4354 percipite,'itaquc
1640 4281 1714 4354 quod
1730 4285 1763 4338 Α.
1779 4305 1803 4335 ω
1822 4283 1898 4340 vide·

211 4355 255 4414 lus
277 4358 403 4430 planctus
427 4361 623 4430 orphanorum,
641 4369 669 4419 ει
688 4371 791 4434 quanta
814 4367 911 4423 crebra
934 4382 1032 4424 mona·
1044 4355 1111 4424 Dtis
1122 4367 1163 4436 ¹¹⁸,
1176 4370 1295 4440 primum
1310 4377 1338 4428 et
1348 4371 1525 4427 novissimum
1535 4371 1598 4428 coeli
1608 4379 1636 4428 et
1650 4377 1730 4428 terrae
1746 4377 1899 4428 creatorem

171 4452 174 4456 ’
211 4447 346 4516 chorum,
370 4449 489 4519 suspiria
514 4449 685 4516 interfuere,
710 4467 775 4510 mea¹
793 4454 884 4527 lingua
910 4471 1031 4526 narrare,
1075 4457 1899 4534 etomniumcreaturarumauetoreurcredite;dequoquod

211 4542 239 4593 ει
260 4551 337 4594 meus
358 4537 478 4596 calamus
502 4540 625 4596 scribere
652 4553 707 4598 non
722 4544 803 4610 valet,
824 4552 852 4602 ει
871 4544 1032 4618 obsequium
1075 4547 1175 4618 esayas
1188 4549 1322 4619 propbeta
1335 4549 1437 4619 Spiritu
1452 4550 1901 4622 sauctorepletusdicat,audieu-

211 4627 323 4697 quantis
337 4628 397 4698 eJus
411 4628 551 4685 miraculis
570 4631 735 4698 coruscavit,
753 4633 819 4688 mibi
834 4649 962 4692 enarrare
977 4649 1034 4693 non
1075 4643 1117 4692 tes
1131 4640 1309 4708 cognoscite:
1328 4654 1342 4692 u
1352 4643 1422 4696 Ante
1437 4653 1479 4695 ma
1494 4651 1549 4696 non
1564 4645 1607 4695 est
1628 4637 1762 4697 iormatus
1775 4640 1860 4706 Deus,
1873 4646 1900 4695 ει

210 4714 376 4773 vacat.'Sed
401 4717 530 4774 ordinato
554 4719 713 4776 beatissimo
736 4721 914 4792 Simpliciano
934 4725 960 4780 in
976 4727 1035 4795 epi·
1077 4731 1140 4795 post
1158 4736 1201 4783 me
1224 4740 1280 4784 non
1302 4727 1365 4784 erit.
1390 4729 1446 4800 Ego
1469 4741 1540 4796 sum,
1560 4741 1611 4800 cgo
1635 4741 1696 4785 sum
1714 4729 1859 4796 Dominus,
1875 4733 1899 4784 et

893 4824 1004 4880 VARIAE
1031 4826 1223 4902 ductiones.

206 4885 209 4891 ¹
249 4913 280 4946 ¹¹¹
294 4913 423 4983 stipatum
439 4912 482 4971 ut.
511 4913 553 4999 ⁸¹¹¹
570 4913 691 4972 Titulus:
706 4917 744 4974 lie
758 4918 878 4976 crismon
893 4924 982 4979 sancti
992 4922 1289 4982 Ambrosiisecuudum
1300 4925 1406 4982 badum
1418 4926 1578 4998 episcopum
1588 4924 1832 4984 Mediolanensem.
1843 4927 1897 4984 Μ’.

213 4984 243 5042 B.
256 4983 298 5042 Bt.
311 4985 593 5058 (ιεε.ε.ε1)ειιοερ.
606 4987 695 5044 Μ’.
736 4987 981 5048 ¹²⁸i.a.dcaaotit.
1021 4993 1053 5026 ¹¹⁸
1067 4995 1139 5052 deest
1151 4998 1182 5051 tt.
1221 4996 1379 5052 ¹¹¹deeatit.
1416 4997 1448 5030 ¹¹¹
1462 4999 1573 5057 motu.
1612 4996 1642 5030 ¹¹¹
1657 5013 1684 5069 p.
1696 4999 1897 5055 siedlceuteli.

215 5055 247 5088 ¹¹¹
261 5058 294 5113 iit
308 5055 471 5128 prophetam
486 5058 517 5113 b.
538 5058 568 5114 Β.
608 5057 804 5130 ¹¹⁹cognoscat
818 5062 848 5119 Β.
888 5062 919 5094 ¹¹⁰
934 5078 995 5122 cum
1011 5067 1040 5122 B.
1081 5065 1109 5097 ¹⁸¹
1124 5067 1350 5140 signileaotettt.
1389 5066 1582 5144 18ὀειιεςειιι
1622 5068 1897 5126 ”mammotreti

1002 5165 1111 5222 NOTAE.

249 5250 305 5320 lli)
319 5254 357 5308 lle
371 5251 425 5310 boe
438 5253 518 5325 signo
533 5267 558 5310 v.
573 5252 744 5327 tllagrama,
760 5257 836 5315 Sacri
854 5260 928 5316 hon.
949 5277 977 5334 p.
1001 5261 1043 5332 tu,
1086 5264 1133 5321 ubi
1153 5265 1213 5322 hac
1232 5266 1293 5337 elus
1310 5266 1392 5325 datur
1406 5267 1520 5341 effigies,
1535 5282 1551 5325 a
1569 5267 1655 5326 veteri
1674 5265 1766 5339 lapide
1780 5275 1896 5340 sumpta.
