4108 6164
77 378 82 392 ,
104 332 148 388 tffi
857 325 1001 386 cnibba.
1189 399 1197 418 Ι
1718 333 1771 392 20ss

104 457 146 526 ily
158 452 237 510 unroit
251 451 275 508 ei
289 452 324 508 du
336 449 384 510 bns
397 452 534 510 du'clicnur
546 469 581 512 on
591 455 734 511 retounnott
748 467 806 510 uere
819 451 941 514 l’outelA
984 453 1069 524 apres
1083 450 1141 508 l'ite
1156 451 1238 509 missa
1252 459 1295 509 est
1310 451 1372 509 ledit
1385 453 1507 523 sdpneur
1524 451 1641 514 docuero
1655 457 1682 514 lo
1696 459 1771 516 benc-

104 525 191 582 nundin
212 523 312 589 dmcre,
328 528 353 579 et
373 525 522 594 eoldiucm,
544 541 613 598 pour
624 525 684 598 puis
710 527 787 597 uprta
805 538 910 582 remon·
949 523 1207 595 dictionpontttlcole
1220 525 1238 579 d
1252 523 1414 581 duumuiro.

106 610 192 652 tntntt'i'
212 593 367 666 l'ospercn'on
390 597 406 651 d
430 612 497 652 cene
515 597 548 654 de
571 599 629 656 itre
646 597 691 670 qui
703 601 792 654 ament
811 595 910 670 proebe
985 597 1051 650 Lora
1068 610 1101 650 ue
1115 594 1177 652 ledit
1187 596 1307 665 adenem
1320 597 1377 666 sero
1392 596 1484 669 l'office
1499 611 1555 654 unc
1567 601 1669 670 uepres,
1679 599 1699 654 il
1711 615 1773 656 aor-

103 667 300 735 dnditeeipneur.
950 666 1002 722 tiro
1012 611 1211 722 cuiusce-isne
1225 671 1312 723 reottu
1330 668 1362 722 dc
1379 683 1422 724 ses
1439 668 1525 724 ludite
1536 670 1712 741 poutiflcnna,
1729 687 1774 726 uc-

132 741 178 795 bn
191 753 239 808 que
252 737 428 794 loenlnbtrec
439 743 464 795 et
473 739 602 810 officione,
618 755 652 796 ou
666 743 754 796 cntrea
765 753 910 811 pascum
950 739 1092 807 conpetunt
1102 738 1163 793 d'un
1178 739 1210 794 de
1225 741 1363 794 nnmdenrc
1377 737 1414 794 les
1433 740 1545 808 dipuitcn
1561 755 1629 812 pour
1642 740 1679 796 lui
1690 743 1774 798 eennir

103 811 130 866 de
142 808 232 878 ltpliee
243 815 382 879 peaseront
396 811 540 882 purdcuout
554 811 616 867 ledit
633 812 764 881 seioueur,
778 811 811 867 lle
825 810 849 865 te
865 825 911 866 cc·
950 807 983 862 de
994 811 1083 878 pretre
1101 811 1237 876 montone,
1257 815 1338 881 cpont
1357 811 1429 866 daec
1447 815 1519 867 cdtez
1538 811 1609 867 dene
1622 812 1773 884 clopeluins

102 882 190 936 lueronnt
212 895 275 935 nnec
298 879 433 936 l'bonnent·
454 887 479 937 et
502 880 528 937 lu
552 882 704 938 Ιήανααανινα
718 883 819 955 repulse
834 897 866 937 en
878 897 910 936 eu
949 893 1016 950 pour
1028 877 1147 934 solleuer
1164 880 1201 934 les
1215 881 1286 936 dene
1299 883 1371 936 cdttu
1384 881 1417 937 de
1429 897 1461 939 so
1475 883 1573 956 cloppe
1583 903 1592 938 :
1601 899 1644 940 sea
1658 885 1734 940 erola
1747 889 1772 940 et

102 951 186 1024 pnclite
200 953 216 1005 d
231 949 288 1006 leur
301 951 389 1014 ordre,
410 951 548 1008 olsmnunt
571 955 687 1024 lodjours
710 969 760 1010 une
773 954 910 1024 differente
950 964 1038 1006 croese
1051 956 1139 1006 serem
1155 955 1257 1022 porteee
1274 953 1369 1008 denunt
1382 951 1419 1008 lni
1432 967 1482 1025 ραν
1495 954 1565 1012 deun
1575 961 1664 1012 autres
1677 955 1772 1027 clepe-

101 1029 166 1078 entre
178 1027 242 1078 cette
263 1022 406 1078 eulutution
426 1029 451 1080 et
469 1023 637 1092 l’odorotion,
654 1040 688 1080 ou
710 1039 847 1081 reuerence
861 1025 912 1080 dte·
950 1021 1028 1088 luins,
1044 1025 1069 1076 et
1087 1037 1122 1076 un
1136 1027 1210 1077 uutre
1223 1037 1284 1078 emo
1302 1028 1406 1080 reseret
1419 1039 1486 1096 pour
1504 1027 1571 1081 tenir
1590 1041 1639 1083 son
1652 1027 1727 1084 mitre
1741 1042 1773 1084 eu

100 1109 130 1150 on
141 1094 205 1149 solunt
218 1099 373 1150 sucrcnteut.
950 1099 1041 1164 tennpc,
1056 1091 1167 1163 tequetc
1180 1097 1238 1148 tonus
1250 1098 1338 1148 seront
1348 1099 1449 1150 reuetns
1462 1097 1494 1152 de
1508 1097 1629 1170 clunppes.

129 1167 239 1235 dorsone
260 1164 299 1220 lea
321 1164 461 1232 ministres,
489 1170 514 1221 et
537 1165 570 1223 l’o
620 1167 625 1178 ‘
645 1172 672 1222 nt
693 1182 755 1223 aere
783 1169 855 1223 nunt
876 1181 912 1222 ou
986 1165 1068 1219 Etont
1086 1167 1159 1220 entre
1176 1178 1208 1218 en
1221 1179 1252 1219 sn
1271 1165 1360 1220 cnoire
1373 1165 1393 1220 il
1405 1168 1464 1237 tero
1478 1167 1515 1222 lea
1529 1170 1629 1239 prienes
1647 1171 1773 1226 occottn-

100 1235 186 1318 clune,
201 1235 264 1292 ledi!
277 1237 566 1319 mmmmm&
592 1238 670 1321 ’ouen
684 1253 753 1320 pour
770 1238 798 1294 tu
811 1239 912 1308 tffllsssl·
940 1255 1031 1317 ἀέρα,
1047 1244 1098 1314 64
1110 1251 1383 1324 pulsllcontnnencern
1393 1254 1531 1325 leeueprea
1546 1257 1775 1320 emmennone,

99 1323 158 1430 llll}
172 1310 249 1388 (ΨΜ
269 1305 379 1434 ‘diligat
394 1307 421 1432 6²¹
439 1307 724 1435 lelssklssdssllldwlltll
745 1309 778 1365 de
801 1308 912 1364 ΜΕΝ
952 1324 981 1406 in
995 1325 1171 1392 adjutorium,
1182 1328 1207 1408 et
1221 1323 1372 1406 continuere
1386 1327 1403 1379 d
1416 1324 1473 1381 dire
1487 1325 1512 1382 le
1526 1328 1652 1399 clepitre,
1672 1335 1696 1385 et
1711 1329 1777 1411 t’uu·

98 1391 323 1531 tttfttfttn
333 1384 484 1531 offudit,-
503 1380 913 1516 nuetttttctttttz
952 1393 1540 1523 stt?stnttnttbtttnttttntt
1554 1399 1778 1528 timisti?

99 1520 250 1601 lffldlllllm,
262 1521 327 1590 [Μ
341 1520 360 1575 ²²
374 1525 530 1604 remim
541 1537 573 1577 θη
586 1538 618 1578 ⁸⁰
630 1522 715 1593 illm·
879 1593 884 1604 ,
988 1538 1091 1592 Durccnt
1104 1552 1153 1609 pue
1167 1536 1306 1592 l'nntienne
1321 1551 1383 1592 νννα
1404 1539 1553 1608 peniculuie
1568 1554 1621 1611 por
1637 1539 1662 1596 le
1680 1541 1777 1610 cloeur,

129 1591 313 1682 mmmm&
335 1597 450 1674 millam
471 1609 506 1648 (ω
515 1593 582 1680 llll⁸
597 1609 631 1685 ⁰3⁴
647 1595 762 1665 illim
774 1607 842 1666 iuml
856 1593 914 1648 ‘¹²²'ss
954 1605 1073 1679 lepretre
1082 1609 1207 1664 demetunt
1220 1607 1257 1663 lui
1264 1613 1416 1680 presentem
1431 1608 1458 1664 lu
1471 1616 1574 1666 unoette
1583 1612 1777 1680 uoecl’eneena,

94 1661 208 1732 lEpntre,
224 1667 251 1718 et
274 1661 377 1718 ducetur
400 1667 553 1720 retournunt
569 1679 586 1720 α
600 1663 699 1732 tentet,
714 1680 743 1720 se
766 1671 914 1722 consensere
953 1683 978 1733 ,p
990 1678 1140 1736 lupum„
1155 1679 1182 1735 p,
1196 1681 1267 1734 mam
1287 1695 1321 1736 ορ
1341 1679 1473 1745 camp,
1489 1685 1514 1736 ,p
1532 1685 1597 1737 „epp
1617 1681 1779 1740 cmm„

100 1741 144 1811 63
174 1751 205 1806 de
222 1751 293 1821 suite
307 1749 334 1806 lo
349 1765 485 1834 reumcpcc
499 1753 572 1809 ondit
586 1755 706 1823 eeipnenr
719 1770 750 1808 en
762 1759 873 1825 possunt
887 1759 912 1809 et
922 1786 945 1844 B
955 1749 1022 1820 ttrite
1039 1749 1059 1806 il
1069 1751 1174 1822 purtiro
1197 1751 1230 1805 de
1245 1765 1277 1806 su
1295 1751 1467 1878 cluolrenpour·
1480 1767 1509 1806 sc
1527 1757 1631 1808 trouver
1649 1756 1666 1808 d
1690 1751 1780 1810 l’nutel

98 1828 225 1892 rmncoont
237 1835 291 1893 pur
306 1822 457 1889 decnntlur,
471 1823 575 1880 suivant
588 1825 699 1881 l'unclen
713 1841 760 1881 uso
779 1826 834 1881 ede
848 1830 913 1881 cette
956 1818 1060 1893 lorsque
1079 1821 1131 1877 l’on
1149 1822 1367 1877 connuncerule
1405 1822 1542 1893 agnullcat,
1558 1839 1625 1895 pour
1643 1823 1742 1880 donner
1756 1823 1781 1880 le

99 1892 179 1960 eutice,
194 1907 260 1948 eous
279 1892 316 1948 lni
327 1909 407 1966 posen
424 1896 452 1950 ni
466 1893 490 1950 le
504 1894 569 1951 liure
582 1896 629 1953 dee
642 1897 738 1970 epitres
799 1901 851 1952 runt
866 1895 912 1963 lui,
954 1893 1019 1949 terno
1028 1909 1084 1949 oue
1098 1893 1168 1948 dene
1181 1893 1321 1949 cionoiues
1340 1893 1460 1965 officium
1475 1895 1508 1950 de
1516 1900 1608 1968 porter
1621 1893 1733 1951 l'encens
1747 1909 1779 1951 en

99 1963 169 2018 diui
181 1963 270 2020 bulsen
284 1965 311 2020 lu
325 1967 396 2022 moin
404 1967 432 2022 ni
445 1965 576 2023 l'onnenu.
954 1960 981 2032 lu
995 1963 1112 2035 cnopette
1120 1966 1306 2022 Neine-Deme.
1880 2015 1882 2024 ,

130 2037 242 2106 meaque
257 2035 294 2092 les
312 2038 445 2093 ministres
457 2044 546 2094 nerent
560 2039 662 2096 urrincz
680 2038 774 2096 denum
788 2038 851 2096 ledit
863 2040 915 2094 sei·
990 2036 1167 2092 Etonturnlot
1181 2037 1198 2090 d
1214 2035 1303 2090 l'outcl
1317 2035 1436 2109 leprttre
1449 2037 1575 2093 osdatont
1584 2035 1780 2109 luipreeentero

99 2121 181 2174 pneur,
193 2106 281 2162 ollone
290 2123 325 2163 ou
333 2107 446 2180 pnlpltre
461 2125 494 2164 ou
499 2109 563 2179 jone
570 2125 639 2182 pour
652 2109 797 2180 l'euunpile,
813 2109 837 2166 le
850 2113 914 2165 sott-
956 2107 1109 2166 l'encensoir
1122 2123 1154 2162 eu
1163 2105 1200 2162 lui
1212 2106 1316 2162 dubunt
1326 2106 1351 2163 ln
1362 2109 1433 2164 moin
1447 2123 1480 2163 on
1494 2123 1542 2163 son
1554 2123 1668 2178 onneeou,
1679 2124 1709 2164 ce
1718 2108 1781 2182 qu’ll

100 2177 179 2232 dicere
189 2179 309 2249 prendre
317 2179 429 2236 lencene
438 2181 471 2236 de
480 2180 587 2252 l'entnnt
601 2181 664 2253 qu'il
674 2188 826 2252 preeeutero
840 2181 914 2238 cudit
955 2185 1082 2238 relterero
1096 2179 1170 2235 uuest
1184 2193 1216 2234 en
1233 2183 1373 2248 represent
1387 2178 1548 2235 l'cneeusolr.

99 2249 210 2316 cdpnenr
223 2264 292 2332 pour
311 2265 343 2305 en
366 2252 434 2320 tuine
448 2250 475 2307 lu
489 2251 650 2310 benediction
673 2268 705 2308 eu
722 2251 869 2309 lennettont
883 2268 915 2309 en
992 2251 1199 2307 L’encensement
1215 2249 1248 2304 de
1265 2249 1356 2306 t'nutel
1373 2250 1477 2315 crime,
1496 2250 1517 2304 tl
1535 2254 1689 2306 retouruero
1705 2266 1738 2306 en
1750 2265 1781 2306 ee

100 2318 256 2384 l’eueensonr,
272 2322 316 2392 pul
325 2321 361 2377 lui
370 2337 431 2378 sere
442 2328 563 2395 presente
571 2339 679 2396 percon
688 2327 832 2388 cuminian.
845 2325 917 2396 quid
956 2323 1055 2390 ebone,
1066 2327 1090 2376 et
1100 2320 1244 2392 rependam
1254 2319 1345 2376 lecdita
1355 2321 1532 2377 deuueusdits
1541 2321 1681 2376 cbunoinee
1690 2336 1783 2376 encen-

100 2395 156 2471 cette
168 2391 205 2462 tin
219 2391 307 2448 l'nuru
323 2394 380 2464 pris
395 2393 440 2448 deo
451 2395 536 2450 moins
547 2396 579 2450 de
587 2395 705 2467 l’ensuut,
721 2400 745 2450 et
759 2411 791 2450 eu
805 2399 882 2468 cpres
892 2396 916 2450 le
955 2397 1043 2451 ceront
1057 2391 1095 2447 les
1109 2391 1206 2448 nemeen
1225 2406 1259 2446 ou
1276 2391 1421 2464 sepultores
1440 2393 1485 2448 des
1499 2392 1553 2448 rota
1567 2397 1592 2448 et
1606 2391 1696 2448 l’outel
1710 2393 1742 2448 de
1756 2390 1783 2448 lo

101 2461 181 2516 nome
197 2461 236 2518 lut
252 2463 410 2519 decendero
433 2463 460 2520 lo
483 2464 643 2522 benedictino
661 2481 714 2538 pur
727 2481 777 2522 uuo
790 2467 917 2539 protende
957 2462 1074 2538 cnopelle
1092 2464 1126 2519 de
1143 2465 1333 2528 Notretinnue,
1349 2466 1420 2520 etant
1438 2469 1574 2520 retournen
1592 2479 1627 2519 on
1649 2463 1737 2520 cloeur
1749 2461 1784 2518 ilc

100 2531 248 2588 tndmntn'on
259 2547 327 2604 pour
341 2549 471 2591 unnoncer
479 2535 626 2606 tenouptle,
637 2535 750 2608 laquelle
762 2542 848 2603 recte,
876 2551 917 2592 re·
957 2540 1124 2593 annumerat
1133 2533 1195 2590 ledit
1204 2535 1334 2604 adoneus,
1346 2539 1371 2590 et
1380 2533 1545 2590 nonnenrle
1554 2535 1746 2606 depensituire
1754 2549 1783 2590 ac

101 2609 197 2660 centeno
212 2603 330 2685 dduber
343 2553 918 2733 cuditeclpnenrlecrudttcpnieotuugere
959 2608 1023 2689 doit,
1038 2605 1179 2677 leennplue
1202 2609 1273 2661 ttont
1296 2607 1417 2662 continue
1430 2607 1534 2662 suivant
1553 2606 1652 2675 l’ueupe
1671 2607 1703 2662 de
1717 2609 1784 2661 cette

102 2673 295 2742 desenunptlec,
306 2691 338 2730 eu
348 2676 435 2733 duone
450 2698 458 2731 :
473 2677 626 2734 Adoramus
641 2685 677 2745 te,
693 2680 712 2734 C
735 2679 811 2746 riste,
827 2686 881 2736 etc.
960 2677 1049 2747 epnce.

131 2744 291 2814 L'Euunplle
305 2751 423 2804 unncucd
444 2747 535 2804 lcadits
558 2749 687 2806 minblree
708 2751 920 2806 rctounrnerontd
995 2750 1138 2820 Aprdspue
1150 2743 1368 2818 lebaguincatet
1383 2745 1619 2804 l'untn'euneceront
1632 2748 1707 2820 platee
1720 2762 1784 2802 nnec

103 2813 191 2882 l’uutel,
204 2819 239 2872 ud
254 2821 325 2872 elunt
339 2817 364 2872 le
381 2818 472 2874 diacre
485 2833 626 2874 ernceuceru
639 2820 773 2891 leprttre,
785 2825 811 2876 et
824 2820 848 2876 le
861 2823 921 2878 con
961 2817 988 2876 lu
1008 2833 1108 2884 nenne,
1123 2815 1144 2872 tt
1156 2816 1280 2872 eleutero
1301 2817 1432 2874 Dominus
1449 2817 1590 2874 vobiscum
1610 2824 1635 2874 et
1658 2818 1784 2874 l'orulcon

103 2885 183 2942 dinem
197 2887 235 2942 tun¹
247 2893 400 2959 precentern
410 2888 557 2945 diabulo
572 2895 642 2946 tecte
655 2891 688 2946 de
701 2891 846 2962 l’euonpile,
859 2893 921 2964 puis
961 2905 1024 2946 onec
1037 2905 1069 2944 su
1082 2887 1170 2945 clance
1178 2887 1267 2959 duob,
1278 2895 1303 2945 et
1312 2893 1431 2959 repetere
1441 2891 1458 2944 d
1468 2889 1495 2945 lu
1503 2890 1540 2959 tiu
1553 2889 1684 2945 Dominus
1693 2887 1785 2945 vobis·

102 2961 251 3014 retonruons
265 2973 323 3014 uere
336 2958 389 3015 led.
403 2961 525 3031 celpueur
537 2960 558 3016 il
570 2975 632 3017 aero
645 2965 755 3018 meent
764 2976 817 3033 ραν
827 2961 852 3017 le
861 2963 921 3019 diu-
960 2975 1032 3018 curn.
1048 2959 1081 3016 Sl
1094 2958 1115 3015 ll
1122 2976 1140 3030 ρ
1150 2975 1167 3014 o
1176 2958 1306 3029 plusieurs
1320 2962 1441 3015 cranous
1459 2961 1569 3015 deame
1588 2960 1634 3016 der
1648 2959 1784 3016 mutones

103 3041 149 3096 cre,
163 3029 223 3085 etle
236 3030 379 3086 antdiucre
397 3031 434 3086 lui
452 3037 606 3105 presenteru
623 3032 727 3090 lelium
750 3048 784 3089 ou
798 3038 868 3090 tecte
888 3035 921 3090 de
960 3030 1178 3088 oudeloctotlon
1188 3031 1220 3086 de
1230 3030 1390 3098 l'tnvioiata,
1400 3029 1421 3084 il
1432 3035 1551 3102 repetere
1565 3030 1786 3101 dereebetbomi-

102 3098 227 3170 t’eoenpn'te
240 3099 346 3174 pourle
369 3101 466 3159 belem
490 3105 533 3160 En
550 3108 633 3160 tontes
657 3103 793 3176 lesquelles
816 3106 919 3162 actione
930 3105 951 3165 G
961 3118 1012 3159 nus
1026 3103 1194 3158 vobiscumd
1208 3101 1235 3156 lo
1248 3102 1285 3170 tin
1302 3102 1335 3157 de
1349 3100 1376 3156 ln
1390 3101 1509 3157 demetere
1528 3103 1646 3170 cronon,
1656 3101 1715 3157 etle
1728 3103 1786 3158 lieo

102 3168 182 3227 tendite
193 3173 327 3228 enumeres
340 3174 483 3230 nedoiuent
497 3173 654 3230 dutacrnc'lu
665 3176 745 3242 moin,
756 3176 784 3231 ni
798 3175 919 3232 l'unneon
959 3174 1061 3246 gratias
1075 3177 1146 3228 tlunt
1160 3171 1252 3228 cliente
1266 3171 1287 3227 it
1295 3173 1413 3227 donueru
1423 3171 1450 3228 lo
1460 3172 1624 3229 benedicticu
1635 3171 1787 3244 pontificale

103 3240 156 3296 dod.
167 3245 302 3313 sdpnmur,
316 3248 446 3327 pourttre
456 3246 592 3301 cloccnon
606 3249 689 3304 unite
702 3261 735 3302 en
749 3252 813 3304 cette
827 3247 917 3318 dulim,
959 3243 1108 3372 ppppuple,
1118 3243 1169 3300 soit
1178 3258 1211 3298 en
1227 3259 1260 3299 su
1274 3241 1414 3299 clcoiree'il
1423 3243 1466 3314 n'p
1477 3259 1494 3299 α
1505 3245 1578 3314 point
1592 3243 1741 3308 dentatiou,
1754 3258 1787 3298 on

102 3316 180 3384 etune
197 3313 267 3372 ledit
284 3330 404 3385 ααρανννν
418 3319 484 3373 u’eet
494 3332 527 3373 en
541 3317 627 3389 ostiae.
1046 3331 1079 3371 ne
1097 3313 1140 3370 eit
1153 3330 1198 3386 pn
1211 3314 1318 3372 station.
1329 3315 1391 3372 Fuit
1406 3313 1443 3370 lea
1451 3315 1528 3384 joure
1537 3320 1563 3372 ct
1577 3329 1670 3386 nnpnc
1684 3315 1786 3371 desem

134 3385 167 3440 Lu
185 3385 353 3470 benedictino
372 3387 482 3472 del'eou
501 3404 567 3460 pour
581 3388 605 3444 lc
622 3388 743 3474 calceet
761 3389 794 3444 de
808 3388 920 3470 l'encene
1463 3421 1545 3489 Sim
1564 3422 1594 3476 L·
1615 3422 1716 3476 pm

102 3467 159 3524 poor
167 3456 255 3515 lollot
263 3473 307 3514 ton
314 3473 376 3515 sero
384 3459 506 3533 tontepur
515 3459 539 3516 le
548 3463 634 3532 prttre
646 3475 690 3532 qno
698 3461 748 3530 tunt
757 3459 781 3516 le
789 3461 918 3530 secandae.

705 3673 728 3757 J
732 3669 936 3758 OANNIS
965 3665 1189 3756 CHARTA

412 3823 486 3907 θινα
497 3821 669 3908 prioratus
686 3818 723 3887 S.
749 3818 885 3886 Victoris
901 3817 938 3883 in
954 3817 1075 3884 Calene
1091 3813 1239 3882 evellitur
1257 3810 1302 3880 ud
1317 3809 1474 3878 minutae.

826 3959 930 4051 (Anno
948 3959 1060 4048 1074.)

297 4111 378 4188 (nott.
395 4111 503 4180 dietat,
518 4112 642 4167 tmtnnn.
657 4112 725 4166 tem.
741 4105 786 4176 xl,
802 4119 864 4178 pag.
883 4101 926 4173 15,
942 4118 976 4161 ex
990 4102 1187 4170 Pommerario,
1203 4097 1302 4158 Coucil.
1318 4101 1468 4170 notonop,
1490 4113 1517 4171 ρ.
1532 4098 1593 4171 cn.)

140 4301 263 4371 loannes,
284 4303 336 4359 bei
348 4301 437 4373 gratia
459 4297 669 4368 Rotomagcnsis
691 4295 848 4366 episcopus,
863 4276 957 4349 uui-D
965 4293 1028 4362 jure
1043 4296 1112 4358 erat,
1124 4287 1250 4346 ecclesiae
1264 4288 1292 4344 S.
1305 4285 1431 4344 budoeni
1445 4298 1559 4342 amensa
1573 4283 1710 4342 Guiiteimi
1726 4289 1792 4342 tunc

112 4391 187 4447 tersis
198 4393 303 4450 Christi
327 4390 455 4448 bdciibus
477 4387 604 4454 salutem,
620 4385 735 4458 gratiam
754 4388 782 4439 ct
797 4380 928 4440 benedic·
968 4381 1048 4438 ducis
1062 4381 1291 4444 Normannorum,
1308 4381 1336 4433 et
1354 4373 1474 4446 itatgerii
1489 4372 1693 4444 archicpiscopi
1708 4373 1794 4428 Roto-

112 4477 214 4538 b'onem.
970 4469 1117 4541 pragensis,
1134 4471 1162 4524 ct
1181 4465 1292 4537 fingenii
1305 4465 1340 4521 de
1359 4461 1602 4531 boructuariis
1618 4461 1698 4531 cujus
1712 4459 1796 4517 tendo

142 4569 235 4628 b'otum
249 4573 288 4629 sit
308 4569 445 4635 omnibus,
457 4564 597 4624 modernis
607 4569 634 4620 et
647 4560 757 4628 tuturis,
773 4559 847 4630 quod
858 4559 928 4629 peti·
970 4564 1039 4624 erat,
1051 4570 1102 4628 pro
1116 4555 1204 4612 salute
1219 4554 1317 4611 animae
1331 4567 1389 4610 suae
1403 4553 1520 4609 dederat
1535 4551 1563 4607 in
1574 4550 1793 4619 eleemosynam

114 4658 147 4712 tio
158 4661 267 4734 inegerit
282 4661 319 4718 de
340 4661 448 4716 Mortuo
462 4657 531 4713 mari
549 4660 578 4711 et
591 4653 686 4711 uxoris
700 4652 761 4720 ejus
774 4648 880 4706 bdvitae
895 4646 929 4703 ad
971 4652 1000 4704 et
1008 4647 1037 4702 in
1047 4645 1164 4702 ecclesia
1173 4645 1201 4701 S.
1209 4643 1335 4700 Audoeni
1346 4641 1497 4699 monachus
1507 4638 1622 4696 enectus
1631 4635 1721 4694 tuerat
1730 4651 1793 4693 cum

115 4751 252 4821 nosnenit,
267 4751 304 4808 ad
320 4747 461 4806 dominum
483 4743 655 4802 Guiiieimum
676 4754 767 4813 regem
782 4737 930 4810 angiorum
971 4735 1091 4807 quodam
1115 4733 1232 4790 nutritio
1246 4746 1298 4790 suo
1322 4732 1435 4788 nomine
1457 4723 1794 4796 succubuissemus

115 4841 138 4890 et
150 4839 180 4894 ad
203 4855 257 4907 me,
272 4839 404 4896 sedentes
429 4843 457 4894 et
480 4837 631 4891 tractantes
654 4831 689 4887 de
710 4827 829 4901 negotiis
844 4824 931 4882 eccie-
971 4825 1108 4896 begarius
1121 4823 1260 4881 concessit
1274 4828 1305 4877 ut
1319 4825 1424 4877 mutum
1439 4817 1557 4875 reditum
1576 4821 1690 4886 augeret
1706 4815 1796 4874 eccie-

116 4924 222 4984 siasticis
244 4933 274 4986 et
307 4926 488 4985 secutaribus
509 4937 571 4982 cnm
600 4919 739 4993 episcopis
763 4919 792 4974 in
811 4915 930 4988 quonam
972 4905 1538 4986 sicosnictpnsetocctestes.audoeni,
1553 4904 1794 4962 utbonoriticeibi

117 5017 222 5074 mucilic
251 5022 420 5089 congregato
448 5016 476 5071 tn
506 5013 574 5071 urbe
588 5007 783 5081 Rotomagensi
808 5011 839 5064 ut
857 5005 934 5061 dom·
973 5003 1029 5058 ileo
1045 4999 1172 5057 monachi
1191 4997 1294 5056 sensim
1310 4999 1432 5067 possent,
1449 4999 1477 5050 et
1491 4994 1531 5050 eis
1545 4993 1628 5066 digne
1643 4993 1796 5058 sutflceret,

118 5113 172 5159 num
197 5107 341 5164 Nicolaum
372 5105 499 5162 abbatem
531 5105 558 5160 S.
592 5099 717 5158 audoeni
749 5099 933 5166 Rotomagen-
974 5093 1002 5146 et
1016 5089 1097 5160 quale
1120 5087 1271 5146 dominium
1295 5085 1429 5141 habuerat
1451 5085 1531 5138 antea
1555 5081 1673 5140 ecclesia
1695 5082 1723 5138 S.
1739 5083 1797 5136 nu·

118 5191 158 5258 ⁵15,
184 5203 332 5268 cognatum
373 5199 517 5260 nostrum,
555 5191 674 5249 obnoxie
712 5186 931 5250 conveniremus,
975 5179 1058 5236 donni
1078 5180 1106 5234 in
1122 5179 1256 5248 prioratu,
1272 5174 1326 5230 tate
1340 5179 1437 5244 postea
1451 5171 1480 5228 in
1500 5173 1609 5229 abbatia
1629 5168 1799 5228 aeternaliter

120 5287 243 5347 qnatenus
266 5299 318 5357 pro
346 5297 440 5342 amore
462 5281 511 5339 bei
533 5287 562 5338 et
592 5279 682 5335 nostri
713 5276 851 5333 abbatiam
875 5271 934 5328 fleri
976 5267 1142 5339 possideret.
1163 5267 1229 5325 Cum
1243 5277 1308 5320 vero
1333 5262 1483 5333 predictus
1501 5261 1586 5318 abbas
1609 5258 1739 5316 Nicotaus
1752 5273 1800 5316 as-

120 5363 260 5430 limitteret
296 5373 330 5431 de
362 5372 482 5444 quodam
520 5369 644 5440 prioratu
678 5365 712 5422 de
752 5362 869 5422 ecclesia
905 5362 933 5417 S·
977 5371 1060 5414 sensu
1075 5355 1189 5426 capituti
1202 5354 1297 5420 sui,et
1312 5358 1409 5423 rogatu
1424 5354 1571 5419 uostr0,et
1585 5362 1678 5406 amore
1688 5348 1800 5420 Reperti

121 5454 227 5518 lictoris
250 5465 279 5520 tn
305 5466 391 5531 Cone,
407 5463 437 5519 in
452 5474 506 5532 qua
520 5456 680 5514 babitabant
694 5453 822 5510 monacbi
836 5453 865 5508 S.
877 5453 935 5507 nu·
977 5453 1006 5503 et
1024 5445 1119 5503 uxoris
1134 5457 1203 5512 sue,
1217 5443 1278 5498 baec
1298 5441 1492 5506 concessisset,
1512 5437 1685 5508 baduipbunn
1705 5450 1800 5507 quem-

121 5541 203 5617 dbcni,
222 5565 286 5622 qum
306 5553 408 5608 dicitur
422 5550 457 5606 ad
482 5551 511 5606 S.
537 5549 684 5610 Victorem,
700 5549 729 5598 et
751 5555 832 5613 quam
847 5539 937 5597 eccie-
977 5536 1039 5594 dam
1050 5533 1303 5592 monachumsuum
1317 5531 1494 5588 ibiabbatem
1509 5527 1801 5599 preetieiensadsupra

122 5635 178 5693 dan
205 5640 319 5712 qnidam
346 5641 491 5713 presbyter
518 5635 630 5695 nomine
656 5635 774 5698 tonum,
798 5629 833 5685 de
859 5629 938 5696 cujus
978 5625 1080 5682 dicturo
1097 5623 1186 5679 locum
1203 5620 1426 5678 constituendum
1441 5619 1525 5684 misit,
1536 5624 1564 5675 et
1578 5631 1639 5674 cum
1651 5630 1683 5674 co
1693 5615 1728 5672 dc
1743 5627 1801 5672 ινα-

217 5748 337 5807 rinnon.
357 5748 481 5808 cunvu.
520 5823 523 5828 Ι
1659 5722 1678 5776 ⁹
