4024 6174
174 333 228 386 atti
659 319 845 381 semidocti!
866 319 1070 378 ruttsnt'itaitt
1090 319 1369 378 constantiense
1801 317 1854 374 ⁴20

175 464 229 522 tus,
245 453 311 510 usis
331 465 394 522 quae
418 450 529 518 debant,
555 447 682 510 imbellis,
703 445 815 502 timidus
837 451 865 502 et
883 443 1121 506 miram-uiassus
1144 452 1172 502 et
1194 444 1310 500 sincerae
1333 441 1456 498 veritatis
1475 443 1553 497 testis
1580 455 1610 498 re
1634 455 1697 498 vera
1725 441 1854 506 idoneus,

175 543 239 600 litor
257 542 429 613 perterritus,
445 544 473 597 ct
490 538 592 609 ipsein
609 537 716 594 diversa
735 534 877 606 fugitando
897 549 926 590 se
941 535 992 591 sal·
1032 537 1215 605 properanter
1233 545 1375 604 regressus
1396 535 1448 588 est.
1468 531 1529 601 lpse
1543 543 1610 588 vero
1626 544 1677 588 nec
1696 531 1791 588 nou¹⁷¹
1808 533 1854 588 alii

174 645 239 689 vare
266 630 334 686 satis
360 641 498 699 superque
525 627 651 683 anxiatus
677 622 846 683 omnifariam
876 631 991 696 pertem-
1033 623 1166 694 deinceps
1193 621 1361 693 perplures
1388 633 1444 676 rem
1475 624 1616 690 gestomm
1644 619 1855 678 indubitabilem

176 721 271 792 piavit.
291 721 412 775 saxones
430 724 520 773 autem
544 716 605 786 plus
628 727 709 784 quam
733 712 767 768 ad
791 714 844 768 tria
866 711 993 768 milliaria
1033 713 1135 771 domno
1155 727 1233 784 papae
1252 713 1427 780 caeterisque,
1443 708 1593 766 mendaciis
1612 709 1784 768 mirabilibus
1798 723 1855 767 uon

177 810 313 880 persecuti
341 814 407 864 suut
433 817 501 871 eos,
530 806 665 861 instantes
693 803 855 874 pugnaciter
876 816 892 858 a
914 808 993 872 tergo
1034 816 1128 874 pamm
1152 800 1312 857 nutantibus
1340 813 1372 855 ac
1400 811 1461 856 sese
1489 796 1698 868 desolantibus,
1732 799 1854 856 seriatim

175 897 354 970 fugientibus.
374 896 433 952 illie
446 909 480 952 ex
495 901 572 964 parte
591 893 664 964 regis
686 892 808 949 lleinrici
826 891 861 949 de
876 891 994 948 nobilio
1034 891 1173 948 testlllcati
1188 895 1261 946 sunt.

176 986 254 1043 ribus
280 985 342 1058 plus
363 998 443 1055 quam
472 982 602 1053 triginta,
630 981 665 1038 de
690 980 844 1038 minoribus
868 995 944 1048 vero,
964 987 995 1036 ut
1069 985 1207 1036 Autumno
1218 976 1318 1034 debinc
1329 981 1472 1046 sequeute,
1485 974 1630 1032 lleiuricus
1641 991 1689 1033 rex
1699 976 1856 1034 recollectis

176 1076 264 1142 aiunt,
289 1073 324 1130 ad
346 1073 468 1144 quinque
490 1070 576 1126 millia
602 1068 740 1126 interlecti
769 1069 993 1140 procubueraut;
1035 1069 1226 1138 undecumque
1240 1067 1330 1137 copiis
1344 1064 1518 1132 militaribus,
1534 1066 1633 1122 iterum
1653 1065 1857 1137 expeditionem

177 1172 205 1222 et
218 1178 253 1222 ex
271 1169 347 1234 parte
370 1160 526 1218 adversaria
540 1159 576 1216 de
599 1159 753 1215 minoribus
777 1163 882 1214 tantun
907 1159 941 1214 ad
959 1158 995 1215 80
1036 1157 1113 1230 quasi
1132 1158 1160 1213 iu
1180 1155 1325 1213 saxoniam
1343 1153 1514 1211 simulatorie
1533 1154 1718 1225 disponebam
1739 1160 1767 1212 et
1785 1169 1857 1227 quus

176 1254 250 1310 viros
277 1250 411 1308 cecidisse
437 1255 590 1306 testantur..
613 1249 729 1317 iusuper
756 1245 879 1317 eiusdem
910 1247 995 1318 partis
1036 1253 1132 1304 eontra
1163 1247 1285 1304 &sones
1316 1245 1456 1315 adjuratos
1488 1251 1676 1314 contraxerat,
1710 1245 1856 1302 maximum

176 1341 208 1374 ’⁸⁸
225 1342 273 1412 qui
293 1347 394 1412 praesto
418 1338 533 1396 aderaut
554 1336 689 1407 episcopi,
713 1334 914 1407 singlentibns
936 1336 996 1406 qui·
1036 1335 1163 1394 lioudolli
1186 1333 1260 1406 regis
1279 1334 1306 1389 in
1322 1347 1466 1391 occursum
1486 1332 1539 1390 sibl
1558 1333 1761 1406 pugnacissime
1779 1349 1858 1392 exer-

177 1431 292 1487 busdam
314 1427 432 1485 falsariis
454 1427 548 1483 audito
573 1426 650 1495 quasi
680 1439 729 1482 rex
758 1425 903 1482 llelurlcus
925 1425 996 1482 vlce·
1036 1425 1120 1482 citum
1143 1422 1317 1493 comperiens
1340 1423 1494 1490 advenisse,
1520 1422 1548 1478 in
1571 1423 1758 1480 alemanniam
1774 1423 1857 1480 deaa-

177 1520 223 1586 rit,
243 1533 306 1576 cum
329 1519 387 1574 suis
410 1518 437 1572 iu
455 1517 561 1572 diversa
576 1514 711 1586 ingerant.
736 1517 775 1570 lix
789 1514 890 1584 quibus
908 1514 993 1570 cardi·
1035 1513 1160 1571 standum
1172 1513 1298 1584 perjuros
1313 1511 1469 1569 induxerat.

176 1609 248 1664 nalia
271 1607 409 1662 llomauus
431 1617 493 1661 cunt
517 1603 656 1674 plerisque
680 1602 742 1658 aliis
765 1603 832 1658 satis
857 1601 996 1673 periclita-
1071 1601 1130 1659 llllc
1158 1599 1284 1673 pessimis
1309 1599 1488 1671 praedonibus
1511 1608 1539 1658 et
1565 1601 1799 1658 inhumanissimis
1820 1602 1855 1659 de

176 1704 222 1754 tus
241 1701 292 1758 est,
312 1708 364 1751 uec
383 1706 438 1749 uon
458 1707 473 1748 a
491 1691 645 1749 laimulbus
663 1691 766 1748 sclavis
787 1691 815 1747 iu
834 1690 921 1757 silvis,
941 1703 996 1762 qno
1036 1692 1160 1759 merula,
1189 1689 1334 1762 Pagoaria,
1362 1689 1532 1762 burgundia,
1561 1691 1689 1759 Francia,
1720 1705 1771 1748 uec
1801 1705 1855 1748 nott

177 1784 321 1841 latibulum
335 1782 665 1854 quaerebant,aptseopus
679 1777 1217 1853 rambenopotitanusfflbquoscunque
1240 1785 1349 1850 poterat
1372 1781 1406 1836 de
1431 1780 1491 1851 ipsu
1513 1779 1673 1837 Alamannia
1700 1780 1856 1846 conductis,

178 1873 279 1944 sagitta
302 1885 450 1943 percussus
473 1877 525 1936 est,
550 1869 804 1926 baderbrunnensis
827 1877 924 1939 captus
952 1883 998 1926 ex·
1039 1869 1161 1942 praediis,
1185 1868 1332 1937 incendiis,
1357 1869 1534 1926 castellorum
1557 1875 1585 1926 et
1608 1869 1772 1942 oppidorum
1790 1883 1858 1927 non-

177 1963 312 2033 spotiatus
335 1968 362 2018 et
385 1960 470 2017 lerme
494 1959 583 2016 nudus
602 1959 722 2030 protegit
741 1959 775 2014 ab
790 1958 848 2026 eis;
873 1965 901 2014 et
915 1959 998 2014 wor-
1038 1959 1176 2015 nullorum
1200 1957 1445 2026 destructionibus,
1457 1963 1487 2014 et
1511 1959 1540 2016 ln
1561 1957 1654 2015 divina
1677 1973 1755 2016 sacra
1780 1958 1859 2016 inan-

178 2051 319 2108 matieusis
343 2051 437 2107 itidem
462 2057 569 2122 eaptus,
593 2050 652 2119 regi
676 2048 806 2105 lleinriuu
830 2061 891 2104 cum
915 2048 997 2104 llari·
1039 2047 1105 2104 ditis
1127 2045 1290 2117 sacrilegiis,
1315 2047 1415 2118 passim
1440 2046 1645 2104 efferatissimus
1668 2047 1715 2104 liei
1735 2054 1860 2104 contem-

178 2153 278 2198 manno
297 2139 384 2196 nobili
398 2138 517 2210 quodam
541 2138 641 2194 comite
665 2136 838 2194 contraditus
852 2143 904 2193 est.
929 2139 998 2192 Pro·
1038 2135 1321 2206 pter-miserabiliter
1342 2135 1496 2196 insistebat.
1517 2137 1597 2192 llulla
1615 2137 1689 2194 inter
1706 2149 1815 2194 sacrum
1832 2144 1859 2193 et

178 2228 324 2301 ligatis*
343 2235 433 2284 autent
457 2235 485 2284 et
507 2225 661 2283 interiectis
683 2233 725 2283 tot
747 2227 868 2282 bostium
889 2224 996 2291 turmis,
1039 2236 1094 2281 uon
1113 2238 1221 2282 sacmm
1239 2223 1405 2292 differentia,
1421 2224 1496 2282 nulla
1516 2226 1546 2281 iu
1569 2231 1611 2282 iot
1631 2225 1752 2283 miseriis
1774 2227 1860 2284 vulse-

177 2318 299 2376 Saxoues
313 2317 439 2373 laetanter
457 2315 492 2371 ad
511 2314 601 2371 locum
622 2315 717 2385 primae
736 2314 801 2370 belli
821 2313 998 2386 cottqressio·
1039 2313 1110 2370 ratio
1128 2313 1226 2370 iuerat.
1247 2314 1395 2371 AEccleslas
1414 2315 1527 2385 quiippe,
1548 2313 1582 2370 ad
1605 2329 1673 2386 quas
1695 2329 1758 2371 cum
1777 2315 1861 2372 rebus

178 2405 222 2462 nis
242 2411 271 2462 et
294 2406 328 2462 ad
350 2411 440 2461 castra
463 2417 512 2460 sua
535 2403 753 2459 revertebantur.
777 2403 874 2472 ibique
898 2414 999 2471 perno-
1039 2403 1097 2459 suis
1110 2403 1306 2460 conservandis
1320 2411 1403 2460 terrae
1421 2403 1550 2474 inquilini
1566 2402 1756 2476 confugerant,
1773 2405 1858 2460 mise-

178 2501 294 2562 ctantes,
309 2494 338 2550 iu
361 2493 510 2550 crastiuum
534 2491 653 2548 consilio
673 2505 734 2547 cum
758 2503 824 2561 rege
847 2503 897 2546 suo
916 2490 996 2558 inito,
1039 2489 1164 2547 rabiliter
1177 2491 1211 2524 ¹²¹
1231 2491 1357 2562 sacrilegi
1377 2498 1405 2548 et
1428 2491 1639 2562 praesumptuosi
1667 2493 1857 2558 incenderant,

178 2592 207 2641 et
227 2586 290 2656 jure
315 2583 405 2655 legum
423 2595 545 2649 suarum,
562 2595 597 2637 ne
620 2581 689 2652 ipsis
706 2581 734 2636 in
759 2579 832 2637 bello
847 2579 999 2636 victoribus
1039 2579 1191 2650 depraedati
1211 2587 1293 2646 suut;
1313 2579 1472 2637 sacerdotes
1490 2581 1577 2637 sacris
1594 2582 1716 2639 vestibus
1735 2581 1858 2650 indutos,

178 2671 410 2745 progrediendum
434 2677 507 2728 esset
522 2670 655 2736 ulterius,
681 2670 715 2725 ab
739 2670 800 2739 ipso
823 2673 949 2738 accepte,
969 2669 998 2724 in
1039 2667 1198 2726 seminudos
1216 2675 1245 2724 et
1268 2668 1420 2726 miserrime
1443 2669 1586 2741 vapulatos
1610 2670 1858 2740 proculcaveraut;

177 2762 322 2820 sesumam
340 2774 416 2816 suam
436 2773 498 2816 cum
517 2758 640 2830 tripudio
662 2758 759 2830 qmndi
782 2756 999 2827 triumphatores
1039 2757 1135 2814 altaria
1148 2763 1305 2815 sauctorum
1320 2757 1446 2830 reliquiis
1460 2758 1524 2815 inde
1539 2759 1638 2816 ablatis
1652 2760 1858 2827 destruxeraut;

179 2849 346 2908 remeabant.
1039 2860 1177 2917 superea,
1198 2845 1272 2917 quod
1284 2863 1298 2903 a
1310 2847 1424 2919 paganis
1442 2847 1595 2906 inauditum
1615 2855 1668 2916 est,
1683 2855 1858 2914 cacaverant,

214 2940 272 2996 ilex
286 2945 377 2995 autem
396 2936 541 2994 baldricus
556 2935 660 3006 absque
680 2949 756 2992 mora
779 2935 937 3005 bagoariam
953 2949 1000 2990 us·
1039 2934 1168 2991 carnibus
1196 2934 1298 3005 praedae
1321 2935 1349 2991 iu
1376 2934 1461 2993 lrusta
1481 2936 1620 2993 dilaniatis
1645 2936 1860 3008 superinpositis

176 3042 231 3099 que
255 3027 441 3100 pertenderat.
466 3027 525 3082 Non
551 3023 737 3081 minimum¹⁸⁷
761 3025 875 3095 quippe,
893 3024 940 3094 qui
964 3039 999 3080 ex
1040 3037 1071 3080 ea
1108 3030 1340 3092 cruentaverant,
1385 3024 1515 3082 mulieres
1551 3039 1620 3097 quas
1655 3026 1683 3081 iu
1725 3025 1861 3083 aecclesiis

179 3118 231 3173 ista
250 3122 328 3187 parte
342 3117 402 3187 ipsa
415 3115 460 3172 die
473 3127 535 3170 cum
554 3116 720 3170 Francorum
732 3112 893 3182 conjuratis
907 3092 1179 3184 ceute-Coeperant,
1202 3113 1369 3184 inpudenter
1391 3113 1448 3170 lllic
1472 3113 1546 3171 velut
1568 3116 1596 3170 in
1616 3113 1770 3186 prostibulo
1795 3127 1861 3172 con·

179 3206 265 3262 uariis
279 3204 352 3262 bello
367 3203 514 3261 durbslmo
529 3203 641 3259 omniuo
656 3201 808 3273 profligatis
821 3207 849 3257 et
868 3201 998 3258 cunuchi·
1039 3209 1249 3273 slttprttverant;
1277 3201 1414 3259 stabulum
1442 3203 1522 3273 equis
1548 3209 1576 3259 ct
1604 3203 1767 3260 animalibus
1790 3204 1859 3270 suis,

179 3295 247 3352 ratis
261 3291 477 3359 dimicabant·*¹,
489 3299 517 3348 et
524 3292 644 3365 victores
654 3291 817 3347 mirabiliter
826 3291 997 3358 exstiterant,
1039 3303 1092 3346 nec
1106 3303 1161 3347 non
1180 3289 1294 3347 latrinas
1308 3291 1337 3346 iu
1355 3291 1396 3347 eis
1414 3299 1569 3348 erexerant.
1593 3292 1721 3349 llulieres
1744 3293 1810 3349 ltcm
1825 3294 1861 3350 ad

178 3383 391 3441 alemannorum
412 3383 544 3452 impetunt
568 3379 716 3437 metuebat.
742 3383 792 3448 Qui
817 3389 846 3438 et
863 3381 916 3452 ipsl
935 3379 999 3438 v'ere
1040 3394 1127 3450 nsque
1155 3387 1271 3436 mortem
1300 3381 1507 3451 constuprando
1535 3379 1681 3438 nonnullas
1713 3393 1862 3453 oppresse-

179 3478 320 3545 comperta
334 3472 455 3530 bostium
471 3471 534 3542 lupa
549 3475 577 3527 et
590 3470 633 3526 sui
647 3471 722 3542 regis
736 3471 851 3528 victoria
870 3478 897 3527 et
911 3483 1000 3526 rerer·
1040 3475 1103 3526 rant
1123 3490 1130 3537 ;
1160 3467 1307 3540 plerasque
1332 3469 1449 3526 viriliter
1477 3474 1634 3526 tonsuratas
1661 3483 1693 3527 ac
1721 3472 1860 3538 vestitas,

179 3563 272 3629 alone,
284 3561 425 3619 successui
448 3573 560 3618 suorum
580 3557 800 3632 commodabant,
817 3565 845 3616 et
863 3557 1000 3616 incendiis
1040 3559 1161 3630 captivas
1197 3557 1368 3614 munerant
1401 3579 1408 3614 ε
1442 3557 1560 3631 liqueant
1596 3558 1697 3616 christi
1735 3559 1859 3616 euuclllxi

180 3651 337 3723 pretiisque
360 3649 482 3720 undique
501 3648 649 3706 devastatis
663 3655 691 3704 et
705 3649 869 3720 expugnatis
889 3647 1000 3718 oppidis
1040 3646 1185 3718 imaginem
1217 3647 1290 3717 apud
1321 3643 1413 3704 Alteri
1425 3689 1432 3714 ,
1467 3653 1495 3703 et
1526 3647 1593 3704 alibi
1625 3647 1731 3716 etiam,
1769 3648 1861 3718 capite

180 3739 399 3798 adversariorum
415 3753 527 3796 suorum
542 3751 623 3808 quam
643 3737 777 3808 plurimis,
798 3736 889 3794 reditu
905 3737 1000 3793 trium·
1040 3734 1166 3790 manibus
1189 3740 1217 3791 et
1240 3733 1357 3805 pedibus
1379 3734 1608 3792 detmucaveraui
1630 3735 1769 3793 abscissis.
1790 3737 1861 3804 Quid

61 3824 66 3833 “
181 3829 255 3899 pbait
270 3833 384 3886 ovanter
397 3827 594 3898 repatriabant.
1039 3823 1140 3893 plorat
1166 3825 1251 3881 Omne
1270 3839 1378 3880 sacrum
1401 3830 1429 3881 et
1451 3824 1573 3882 divinum
1597 3831 1773 3895 temerantes,
1799 3826 1862 3897 plus

214 3918 334 3974 Tandem
370 3915 472 3973 laisarii
504 3922 532 3972 et
567 3914 773 3972 mendaciorum
810 3916 999 3972 commentarii
1043 3926 1124 3984 quam
1141 3912 1251 3969 etbttlcu
1273 3913 1379 3969 insania
1402 3912 1544 3970 omuilaria
1564 3913 1729 3985 polluerant.
1744 3915 1861 3972 -llaec

181 4007 256 4078 ragis
286 4006 407 4063 llolnrici
440 4005 543 4062 circum
575 4003 649 4061 circa
683 4011 828 4073 terrarum,
857 4004 997 4062 domiuum
1043 4001 1154 4072 quidem
1187 4003 1278 4059 otuuia
1309 4003 1514 4074 episcoporum,
1543 4004 1590 4074 qui
1622 4003 1704 4060 simul
1730 4017 1793 4060 curn
1821 4005 1864 4060 eis

179 4109 258 4153 suunt
277 4096 409 4152 uictorem
428 4094 463 4150 de
485 4093 620 4151 &aculco
646 4093 717 4151 bellu
741 4108 887 4162 remeasse,
908 4095 998 4165 impu·
1042 4090 1183 4148 ecelesias
1205 4092 1252 4147 liei
1276 4092 1442 4160 invaserant,
1458 4091 1521 4148 data
1544 4092 1657 4149 licentia
1675 4091 1787 4148 llebaut.
1803 4093 1865 4148 Fie-

179 4182 278 4240 denter
299 4179 481 4250 alilrmabant,
501 4186 530 4237 el
552 4180 590 4237 lta
614 4187 768 4238 commenta
791 4196 840 4239 sua
863 4182 955 4253 ipsunt
971 4181 1000 4214 '⁸'
1041 4181 1192 4237 balantem
1207 4179 1266 4237 baec
1281 4180 1452 4238 detestabilis
1470 4187 1573 4238 sanciae
1596 4181 1729 4238 ecclesia
1749 4181 1863 4238 concul-

179 4271 283 4330 doruuo
303 4285 392 4344 papae,
407 4271 538 4328 llomanis
556 4277 584 4327 et
607 4271 715 4328 cunctis
737 4271 927 4344 longobardis
951 4285 1001 4343 per
1041 4269 1113 4327 catio
1128 4276 1156 4327 et
1170 4269 1304 4328 desolatio
1319 4270 1393 4328 circa
1417 4265 1591 4327 festivitatem
1610 4271 1732 4328 omniunt
1752 4280 1864 4329 saucto-

179 4361 287 4418 lltteras
303 4361 337 4396 ¹¹·
358 4359 550 4418 commendare
574 4355 731 4416 elicuerant.
762 4359 871 4417 llisdem
900 4360 999 4417 diebus
1044 4375 1114 4417 rum.
1148 4361 1223 4416 Tunc
1244 4373 1355 4431 quoque
1387 4373 1483 4430 parum
1516 4361 1606 4417 minus
1637 4375 1718 4433 quast
1751 4367 1863 4418 centum

178 4451 264 4508 abbas
290 4450 476 4518 llassiliensis,
504 4449 579 4506 sedis
606 4449 766 4520 apostoticae
793 4449 916 4521 legatus,
950 4429 1174 4519 quiflaecctesiae
1196 4449 1224 4505 in
1249 4447 1295 4504 illa
1320 4449 1496 4518 expeditione
1511 4449 1619 4507 vlolatae
1637 4457 1713 4507 sunt.
1733 4453 1862 4507 Attamen

178 4554 240 4598 cum
270 4539 388 4597 ducibus
418 4539 629 4596 blemaunorum
659 4539 800 4610 predictae
828 4539 997 4610 expeditioni
1039 4537 1099 4596 ltaec
1114 4537 1147 4570 '²¹
1170 4551 1226 4595 uun
1250 4539 1375 4608 inpunita
1403 4539 1515 4595 omuino
1543 4537 1614 4596 lacta
1636 4547 1720 4608 suut;
1750 4539 1862 4614 quidam

179 4635 283 4702 praesto
304 4628 439 4697 inumata,
463 4635 492 4685 et
515 4628 560 4685 cul
583 4629 675 4685 omnia
703 4629 838 4685 bellorum
866 4634 943 4700 gesta
965 4641 999 4684 ex
1040 4642 1156 4700 namque
1180 4627 1301 4696 illorum,
1327 4635 1357 4684 ut
1381 4627 1467 4695 alunt,
1492 4628 1527 4684 ab
1550 4628 1690 4687 inmundis
1718 4629 1863 4701 spiritibus

179 4726 239 4778 toto
254 4733 310 4778 non
325 4721 418 4791 ignota
432 4717 550 4786 lucrant,
566 4719 631 4788 quia
655 4717 760 4775 nullum
774 4717 902 4789 iupositae
927 4717 1000 4789 iega-
1039 4718 1255 4788 armoricaque
1270 4717 1304 4773 ad
1319 4723 1436 4773 mortem
1450 4717 1637 4788 vexabantur;
1654 4717 1781 4776 nonnulli
1797 4732 1861 4775 vero

179 4808 264 4866 donia
291 4817 319 4866 et
351 4808 555 4866 ecclesiastice
587 4806 714 4864 utilitatis
746 4805 897 4878 proiectum
926 4804 998 4877 apud
1040 4807 1241 4878 aprinciplbus
1259 4807 1416 4863 Alemannis
1430 4805 1578 4873 interlecti,
1595 4809 1678 4879 capti,
1695 4806 1860 4879 exspoliati;

179 4898 339 4970 apostolieae
361 4897 436 4956 sedis
460 4897 633 4956 adversarios
655 4911 685 4954 sc
714 4910 765 4954 nec
793 4896 921 4953 babuisse
948 4909 999 4952 uec
1040 4896 1156 4968 plurima
1175 4911 1239 4968 pars
1253 4909 1347 4954 eorum
1367 4895 1500 4953 enaricati
1510 4895 1543 4928 ¹⁴⁸
1563 4903 1592 4954 et
1610 4897 1765 4955 detruncati
1786 4904 1861 4954 suut.

179 4988 339 5046 babituram
355 4985 414 5044 lore
433 4993 621 5059 perspexerat,
636 4993 664 5043 et
682 4988 742 5056 lpse
760 4987 873 5042 Romam
887 4983 921 5041 ad
937 4997 999 5040 eum
1039 4987 1084 5042 sic
1111 4985 1270 5042 Alemannis
1297 4984 1492 5042 miserabiliter
1519 4986 1684 5053 devastata,
1718 4986 1770 5057 lpsi
1801 5001 1862 5044 cum

179 5078 227 5150 qul
252 5091 284 5135 se
306 5078 429 5146 miserat,
454 5067 661 5134 mendaciorum
689 5075 847 5132 destmcior
872 5086 928 5131 uon
951 5072 1000 5130 de·
1040 5084 1096 5131 non
1119 5073 1239 5130 minimis
1266 5071 1421 5143 praclarum
1445 5077 1474 5130 et
1495 5073 1704 5154 sacrilegiorum
1733 5073 1863 5133 honerati

853 5293 968 5358 VARIAE
993 5290 1185 5354 multoties.

216 5471 248 5508 “⁸
266 5471 421 5532 scilicetlt.
434 5470 603 5604 gemaene.
617 5471 770 5530 Xli'iass.
808 5469 840 5503 “¹
858 5465 1044 5547 partenopa.
1082 5465 1114 5500 ¹⁸¹
1132 5464 1287 5540 Proluqatls
1303 5466 1332 5523 2.
1368 5465 1400 5502 se
1418 5467 1475 5526 Nec
1494 5467 1593 5527 mltum
1612 5468 1654 5526 ed.
1698 5465 1731 5502 ”⁸
1748 5470 1789 5528 itu
1806 5484 1864 5528 cor·

178 5547 239 5677 Zaei
246 5545 445 5677 rwatteililgnrlilggti
457 5549 520 5676 coer
517 5543 586 5674 21²⁰
598 5541 709 5674 :zemulis
706 5543 758 5673 lue!
772 5541 831 5676 itin}
844 5539 868 5600 l.
882 5555 946 5600 sttts
959 5541 1001 5599 ed.
1039 5539 1068 5572 ”¹
1089 5552 1141 5597 uec
1155 5537 1267 5596 ΜΒ.
1306 5539 1338 5572 ’”
1356 5539 1520 5600 mirabiliter
1533 5540 1560 5598 2.
1600 5539 1632 5574 ”⁸
1653 5539 1745 5600 onnia
1769 5542 1864 5600 tacut
