4034 6152
218 207 286 262 1079
811 207 978 264 urruublx
996 205 1040 260 iil
1058 203 1086 258 S.
1106 201 1299 260 tumibunt.
1840 203 1910 257 1080

215 333 285 400 dies,
311 332 354 389 rei
375 339 504 403 quatuor,
530 333 572 389 vel
596 333 677 389 etiam
697 333 824 403 amplius,
849 333 919 389 alter
942 327 1223 398 denes-Asimiliter3
1249 327 1298 384 sed
1321 327 1407 399 signis
1434 338 1491 383 non
1523 326 1648 398 pulsatis,
1678 327 1802 398 psalmus
1824 329 1911 385 Verbo

214 423 293 492 serit,
308 422 419 479 insimul
435 422 558 492 utrisque
575 421 681 491 positis,
697 422 771 492 quod
789 422 835 478 uni
852 420 885 480 ln
902 420 1039 492 principio
1080 421 1144 489 post
1159 416 1327 487 capitulum;
1349 429 1405 486 quo
1419 415 1465 472 die
1480 415 1558 486 panis
1573 416 1671 473 etvini
1685 417 1840 488 praebentla
1860 433 1912 488 pro

217 512 366 578 minuetur,
389 509 468 566 finito
491 510 604 566 alterius
627 509 730 578 oiiicio,
750 512 922 568 restituetur.
946 509 1040 566 Omnis
1081 504 1253 562 sudabitur.
1278 507 1331 563 Pro
1350 503 1496 561 abbatibus
1514 509 1606 561 autem
1630 506 1777 576 utriusque
1793 521 1914 578 congre-

218 606 309 657 autem
324 599 500 670 congregatio
525 597 621 669 primis
638 606 743 669 septem
758 600 857 656 diebus
875 605 938 656 ante
954 598 1040 654 altare
1080 595 1209 666 gationis,
1230 599 1362 665 quantum
1385 607 1437 664 pro
1464 593 1548 650 iratre
1573 593 1696 664 ejusdem
1725 595 1781 652 loci
1811 595 1854 662 iit,
1883 599 1911 651 in

218 697 283 759 post
305 687 454 758 capitulum
477 687 598 755 psalmos
621 693 757 758 prostrata
777 688 908 745 cantabit.
928 688 1041 744 sivero
1081 691 1214 742 eternum
1234 683 1449 741 constituerunt.
1471 685 1529 740 lloe
1547 683 1638 753 ipsum
1658 685 1688 740 lit
1716 699 1767 755 pro
1793 699 1914 757 congre-

221 779 250 834 in
266 777 344 843 cells,
360 790 452 845 quara
471 777 638 832 monasterio
657 776 739 848 longe
753 777 799 845 sit,
815 777 915 848 aliquis
929 776 1041 844 obierit,
1082 775 1192 845 gatione
1211 773 1299 830 saneti
1318 772 1460 830 Benedicti
1475 773 1605 828 Nantolii.
1631 774 1690 830 lloc
1709 775 1801 844 ipsum
1819 776 1914 846 agitur

223 871 310 924 totum
325 877 375 934 pro
386 863 505 933 eoquod
522 877 572 934 pro
588 866 718 934 praesenti
733 866 914 936 persolvatur,
926 870 1042 936 excepto
1083 876 1134 934 pro
1154 862 1367 934 congregatione
1387 861 1563 928 Lucionensi‚
1580 865 1607 917 et
1627 875 1677 930 pro
1696 862 1846 918 abbatibus
1866 865 1912 918 tri-

222 954 296 1026 quod
312 952 390 1023 panis
405 955 432 1007 et
450 952 542 1008 vinum
561 953 590 1007 in
610 953 680 1009 ceila
703 955 750 1010 ubi
769 953 880 1022 obierit,
902 969 988 1025 usquo
1008 954 1042 1010 ad
1083 951 1233 1018 cenarium,
1253 959 1281 1006 el
1299 955 1402 1005 sancte
1416 950 1508 1005 llariae
1530 948 1565 1005 de
1584 949 1745 1020 Pampilona
1761 953 1916 1007 canonico-

222 1053 335 1108 annum,
350 1041 421 1096 sicul
438 1040 494 1110 lam
510 1040 613 1097 dictum
633 1048 685 1109 est,
701 1043 729 1098 in
745 1042 917 1114 eleemosyna
936 1043 1043 1099 consti·
1084 1053 1155 1106 rum,
1170 1045 1199 1095 et
1214 1039 1302 1095 sancti
1316 1037 1458 1094 Michaelis
1475 1037 1510 1094 tle
1524 1039 1634 1102 Eremo,
1644 1045 1672 1095 et
1686 1041 1780 1096 Sancti
1796 1041 1916 1097 llaurini

221 1133 325 1185 tuetur.
502 1167 505 1172 ,
1085 1128 1119 1184 dc
1128 1130 1252 1198 agenno,
1263 1133 1292 1184 et
1306 1127 1502 1184 canonicorom
1516 1127 1604 1183 suncti
1620 1128 1735 1184 Romani
1749 1129 1786 1186 de
1801 1131 1914 1194 Blavia;

258 1221 296 1274 lie
320 1217 582 1289 congregationibus
604 1225 694 1275 autem
712 1233 775 1290 quse
798 1221 941 1278 nobiscum
956 1221 1046 1277 socie·
1085 1217 1212 1273 similiter
1239 1217 1345 1288 agimus
1370 1231 1420 1288 pro
1449 1216 1593 1272 monacbis
1616 1223 1719 1274 sanctu
1745 1219 1840 1276 ilariae
1864 1220 1917 1274 iic

220 1313 306 1364 tatem
329 1314 506 1377 aceepemnt,
521 1307 564 1363 vel
583 1315 738 1377 accepturae
757 1316 831 1376 sunt,
848 1310 871 1366 si
890 1311 952 1380 uuis
971 1309 1046 1365 oble·
1085 1304 1180 1373 lensis,
1208 1310 1237 1361 et
1264 1305 1353 1361 sancti
1376 1304 1514 1361 vincentii
1541 1305 1742 1374 laudunensis,
1766 1313 1797 1362 et
1824 1309 1916 1363 saneti

223 1397 269 1465 rit,
293 1395 328 1452 ad
352 1409 458 1467 nosque
477 1397 590 1452 nuntius
615 1398 781 1467 pervenerit,
808 1403 913 1469 septem
937 1399 1043 1465 missas,
1086 1395 1160 1450 Petri
1175 1395 1359 1451 Ferrariensis
1376 1393 1513 1461 ecclesiae,
1534 1397 1562 1450 et
1585 1406 1637 1464 pro
1660 1394 1808 1450 abbatibus
1831 1397 1916 1452 trice·

221 1485 392 1555 totidemque
412 1485 520 1556 vigilias
548 1487 735 1557 persolvemus
759 1489 960 1555 communitcr;
989 1471 1046 1544 tres
1086 1483 1193 1539 narium
1209 1483 1403 1553 complebitur,
1423 1489 1478 1538 tam
1493 1482 1521 1538 in
1536 1482 1637 1552 missis,
1653 1497 1735 1553 quam
1751 1485 1781 1540 in
1799 1485 1915 1556 vigiliis,

220 1578 311 1630 autem
329 1573 437 1644 vigilias
451 1575 554 1643 primas
568 1589 628 1631 cunr
648 1575 816 1632 lectionibus
834 1589 942 1643 novem,
959 1575 1047 1646 siguis
1087 1577 1115 1629 et
1143 1571 1300 1628 scribentur
1327 1571 1356 1627 in
1386 1569 1595 1642 martyrologio,
1624 1577 1654 1626 ut
1680 1585 1792 1642 semper
1815 1581 1917 1644 agnum

221 1662 349 1718 omnibus
363 1662 496 1732 pulsatis;
514 1663 634 1733 reliquas
643 1677 709 1720 vero
724 1669 842 1735 quatuor
857 1678 918 1720 cum
933 1663 1023 1719 tribus
1036 1651 1074 1719 :B
1086 1661 1271 1717 anniversaria
1290 1660 1514 1717 commemoratio
1529 1673 1579 1730 pro
1595 1659 1635 1716 eis
1649 1680 1657 1727 ;
1678 1665 1705 1716 et
1727 1667 1832 1718 sanetae
1847 1663 1918 1718 crn-

220 1752 259 1806 itu
278 1756 368 1807 tamen
385 1752 459 1822 quod
474 1751 535 1822 ipso
551 1753 596 1809 die
611 1767 666 1824 quo
685 1753 799 1810 nuntius
813 1754 964 1821 advenerit,
982 1759 1045 1824 post
1086 1751 1127 1806 eis
1152 1749 1187 1805 rie
1210 1747 1353 1820 liimperli,
1372 1752 1400 1804 et
1418 1749 1506 1804 sancti
1529 1747 1678 1805 salvatoris
1695 1751 1834 1817 Karroili,
1866 1752 1915 1807 seri

221 1839 381 1910 capitulum,
406 1839 492 1910 signis
519 1841 700 1907 sonantibus,
734 1842 855 1912 psalmus
877 1841 964 1900 Verbo
986 1857 1046 1898 meo
1086 1851 1138 1909 pro
1162 1835 1374 1893 liarroiensibus
1397 1836 1459 1906 plus
1481 1837 1590 1908 agitur;
1611 1838 1724 1909 triginta
1745 1839 1845 1896 diebus
1860 1841 1917 1896 sin

221 1943 273 2000 pro
293 1942 326 1985 eo
341 1933 485 1996 cantetur;
502 1935 530 1985 el
548 1931 595 2000 qul
610 1931 740 1987 sacerdos
758 1930 841 1988 iuerit
857 1932 967 1988 missam
986 1945 1045 1987 ora·
1086 1927 1159 1999 gulis
1177 1925 1253 1981 boris
1276 1925 1397 1996 psalmus
1426 1927 1491 1980 Voce
1513 1941 1582 1994 meo,
1602 1927 1638 1982 ad
1662 1926 1781 1996 psalmos
1799 1927 1916 1985 lamilia·

223 2018 282 2084 bit;
308 2017 404 2073 caetori
417 2030 483 2073 vero
503 2017 662 2088 psalterium
679 2033 782 2087 unum;
805 2019 852 2091 qui
872 2020 960 2076 nescit
974 2019 1046 2090 psal·
1087 2030 1142 2083 res,
1167 2021 1195 2071 et
1219 2019 1283 2085 post
1301 2015 1460 2082 matutinos,
1482 2014 1566 2070 Verbo
1582 2030 1650 2071 ntem
1672 2015 1805 2072 Similiter
1822 2020 1917 2088 agitur

223 2106 333 2173 terium,
358 2105 478 2176 psalmos
501 2112 626 2176 septem;
646 2107 694 2178 qui
716 2122 767 2164 nec
790 2114 895 2179 septem
914 2108 1045 2179 psalmos,
1088 2117 1138 2174 pro
1157 2103 1370 2174 congregatione
1390 2103 1477 2159 mucii
1496 2103 1570 2158 Petri
1593 2103 1784 2173 llalliaccnsis,
1810 2111 1839 2161 et
1865 2121 1917 2176 pro

223 2195 349 2250 Miserere
377 2195 499 2264 septies;
528 2196 576 2265 qui
602 2210 668 2252 vero
696 2210 748 2252 nec
775 2197 913 2265 liberere,
943 2199 1047 2268 septies
1088 2192 1234 2248 abbatibus
1254 2190 1474 2248 llalliaccnsibus
1498 2191 1609 2263 triginta
1633 2192 1731 2249 diebus
1761 2195 1917 2264 praebentia

223 2286 304 2340 Pater
317 2288 415 2339 noster.
436 2284 670 2354 congregationes
683 2291 773 2341 autern
789 2293 891 2342 nostrae
906 2287 1047 2342 societatis
1088 2280 1210 2348 labitur,
1226 2283 1254 2336 ct
1268 2293 1364 2336 omnes
1377 2278 1476 2336 iratres
1499 2280 1586 2350 ipsius
1606 2280 1659 2337 loci
1673 2281 1702 2336 in
1717 2284 1918 2356 martyrologio

223 2373 268 2428 bae
286 2376 376 2428 sunt:
403 2373 581 2444 congregatio
601 2373 688 2430 sancti
701 2373 798 2430 Sicarii
813 2373 847 2430 de
862 2376 1045 2442 Branstosma,
1088 2375 1185 2426 nostro
1208 2369 1374 2426 scribantur.
1399 2370 1452 2425 Pro
1475 2369 1618 2426 monacbis
1641 2371 1728 2428 sancti
1752 2373 1828 2428 Parni
1850 2375 1920 2431 Cor·

223 2461 312 2517 sancti
340 2460 472 2517 Florentii
496 2461 531 2517 us
556 2461 712 2530 salmurio,
740 2465 917 2536 congregatio
944 2468 1048 2521 sanctae
1089 2458 1277 2526 meriaeensis,
1297 2458 1380 2514 breve
1403 2463 1539 2528 accepto,
1564 2465 1628 2530 post
1653 2459 1805 2530 capitulum
1827 2462 1922 2534 signis

224 2549 300 2606 Fidis
318 2548 353 2605 de
366 2549 496 2606 conchis.
1089 2547 1266 2615 sonantibus,
1294 2544 1409 2603 iacimus
1437 2547 1653 2617 absolutionem,
1683 2554 1711 2606 et
1741 2565 1792 2620 per
1809 2561 1921 2622 septem

260 2638 319 2693 lloc
347 2642 390 2693 est
416 2634 507 2694 ioedus
529 2637 721 2696 indissolubile
746 2639 855 2710 llaloris
877 2639 1046 2706 lionasterii,
1089 2635 1150 2692 dies
1163 2640 1269 2707 septem
1284 2633 1374 2691 olicia
1390 2634 1472 2705 plena
1486 2650 1548 2692 oum
1562 2636 1678 2693 totidem
1703 2637 1804 2706 missis,
1819 2647 1851 2696 et
1871 2654 1923 2710 per

116 2727 118 2732 ’
225 2724 368 2796 sylvaeque
383 2724 492 2795 llaloris
506 2726 706 2795 coenobiorum,
722 2725 852 2784 videlicet
870 2731 901 2783 ut
918 2726 1049 2784 iratribus
1090 2724 1204 2795 triginta
1223 2723 1282 2779 dies
1303 2722 1388 2778 Verbo
1406 2737 1466 2779 arec
1483 2729 1512 2779 et
1530 2726 1597 2780 Voce
1619 2739 1687 2781 mea.
1707 2725 1840 2782 Similiter
1864 2729 1923 2799 agi·

226 2813 369 2883 utriusque
398 2815 557 2872 monasterii
586 2823 733 2886 utrumque
752 2815 902 2887 capitulum
920 2821 948 2872 et
967 2829 1048 2874 omne
1090 2827 1152 2870 mus
1175 2826 1225 2883 pro
1248 2811 1462 2884 congregatione
1487 2813 1643 2880 Usercensi,
1664 2819 1693 2870 et
1711 2828 1761 2885 pro
1785 2813 1924 2872 iratribus

225 2901 398 2960 benefactum
417 2904 560 2973 spirituale
575 2908 603 2960 et
617 2905 762 2975 corporale
779 2904 816 2961 sit
834 2905 973 2976 utrimque
991 2919 1049 2962 om·
1091 2900 1256 2959 Generonsis
1269 2901 1439 2969 monasterii,
1461 2906 1489 2958 et
1511 2915 1563 2972 pro
1586 2903 1728 2959 monacbis
1746 2905 1836 2960 senmi
1853 2906 1924 2961 Lan·

226 2991 309 3046 nibus
332 3003 487 3059 commune,
512 2997 540 3046 et
563 2993 653 3048 omnis
670 3005 722 3062 per
744 2993 836 3048 omnia
850 2993 979 3050 societas.
996 2986 1199 3050 Proiinomari
1227 2989 1323 3058 Blesis,
1343 2997 1371 3046 et
1390 2989 1435 3046 clio
1459 3003 1515 3060 quo
1542 2991 1625 3048 breve
1649 2992 1793 3048 recitatum
1824 2992 1925 3062 luerit,

226 3077 359 3133 iratribus
381 3090 447 3132 vero
476 3077 613 3134 defunctis
641 3080 725 3136 semei
747 3080 777 3136 in
801 3094 874 3137 anno
901 3081 1050 3151 plenariam
1094 3078 1242 3151 prebende
1257 3079 1336 3150 panis
1350 3079 1458 3146 etvini,
1479 3083 1507 3135 et
1529 3081 1617 3136 saneti
1641 3081 1715 3137 Petri
1729 3081 1924 3148 carnotensis,

227 3165 348 3237 vigiliam
366 3170 395 3222 et
422 3165 531 3222 missam
550 3165 673 3223 festivum
702 3167 887 3235 celebramus,
914 3175 942 3226 et
969 3169 1052 3226 breve
1094 3173 1122 3225 et
1143 3173 1247 3224 sanctae
1270 3167 1361 3224 liariae
1379 3167 1558 3236 Guistrensis,
1574 3174 1602 3225 et
1624 3170 1712 3225 sancti
1736 3169 1872 3241 Stepbani
1888 3172 1924 3228 dc

227 3261 353 3324 accepto,
374 3268 438 3311 mox
455 3253 533 3312 linito
553 3255 684 3327 capitulo,
709 3257 794 3313 Verbo
818 3271 891 3327 orec,
916 3271 977 3315 cum
1005 3273 1052 3328 ap·
1093 3255 1212 3324 Beania;
1238 3269 1288 3327 pro
1307 3254 1418 3313 clericis
1440 3256 1528 3312 saneti
1553 3257 1661 3313 liertini
1685 3257 1719 3314 de
1742 3258 1924 3316 Ruricieurte

228 3342 365 3414 pennicils
383 3343 451 3411 suis,
476 3356 527 3414 pro
551 3344 727 3402 absolutione
748 3345 862 3402 iratrum
881 3346 929 3417 qui
944 3347 1052 3404 recitati
1094 3349 1151 3401 tres
1164 3345 1273 3416 vigilias
1286 3351 1314 3400 et
1326 3349 1384 3400 tres
1402 3345 1499 3400 missas
1518 3364 1526 3410 ;
1543 3345 1631 3415 prima
1646 3353 1736 3416 tamen
1755 3346 1813 3413 ilie,
1827 3349 1926 3417 pulsa-

227 3431 340 3499 iuerint,
356 3431 473 3502 pulsatis
487 3433 583 3504 signis,
600 3433 797 3505 persolvemus.
1094 3435 1130 3490 tis
1153 3433 1250 3505 signis,
1274 3433 1329 3490 boc
1347 3431 1421 3488 idem
1447 3434 1553 3504 agimus
1577 3447 1628 3504 pro
1646 3435 1790 3493 sororibus
1814 3443 1924 3494 sanelae

263 3523 364 3579 Notum
386 3522 423 3578 sit
446 3522 583 3588 omnibus,
604 3527 659 3580 tam
682 3523 867 3595 praesentibus
886 3539 967 3596 quam
981 3524 1052 3582 iutn.
1094 3522 1185 3579 llariae
1199 3522 1423 3588 suessionensis;
1439 3521 1568 3578 similiter
1581 3522 1687 3596 agimus
1707 3537 1758 3594 pro
1776 3526 1925 3582 monacbis

228 3611 277 3678 ris,
299 3611 374 3681 quod
399 3610 517 3668 domnus
538 3612 597 3668 Ode
612 3612 697 3681 abbas
715 3613 809 3669 Sancti
820 3613 954 3669 lobannis
966 3616 1054 3686 Ange
1094 3612 1182 3669 sancti
1210 3611 1285 3668 Petri
1309 3610 1548 3679 solemniacensis,
1577 3626 1629 3682 pro
1661 3612 1804 3670 monacbis
1829 3617 1923 3672 saneti

230 3699 297 3756 riaci
310 3699 385 3756 venit
404 3699 432 3754 in
455 3699 576 3770 capitulo
595 3702 702 3757 &nete
720 3701 812 3758 llariae
830 3701 1052 3773 Sylvaebialoris,
1094 3699 1202 3756 llartini
1224 3699 1260 3756 (le
1280 3699 1398 3769 campis,
1425 3706 1488 3769 post
1511 3699 1680 3772 capitulum,
1704 3701 1922 3774 absolutionem,

230 3793 259 3844 et
277 3787 394 3844 consilio
418 3786 512 3843 domni
534 3788 643 3844 Geralrli
666 3789 783 3857 abbatis,
809 3794 837 3846 et
861 3791 983 3846 omnium
1001 3789 1055 3846 ira·
1095 3795 1123 3846 et
1150 3797 1232 3845 unam
1259 3787 1366 3859 plenam
1395 3788 1524 3860 vigiliam,
1553 3794 1582 3845 et
1608 3803 1690 3845 unam
1715 3789 1836 3847 missam.
1870 3795 1923 3849 Pro

230 3883 313 3943 trum,
330 3888 381 3946 pro
395 3874 533 3932 defunctis
547 3875 677 3933 iratribus
690 3882 845 3934 statuerunt
864 3877 1000 3948 invicem,
1023 3884 1054 3935 ut
1095 3877 1308 3950 congregatione
1325 3877 1450 3933 liniensis
1473 3877 1594 3934 coenobii
1615 3882 1721 3948 septem
1740 3879 1839 3936 missas
1859 3895 1924 3938 cum

231 3964 291 4035 ipsa
310 3964 355 4019 die
379 3976 432 4032 que
452 3964 542 4019 brevis
555 3963 643 4034 ipsius
656 3966 771 4033 veniret,
792 3965 907 4036 pulsatis
926 3967 1054 4023 omnibus
1094 3967 1205 4038 vigillis,
1221 3971 1248 4024 ct
1263 3966 1412 4038 prebenda
1427 3965 1488 4037 ipso
1502 3965 1548 4023 die
1567 3980 1623 4038 quo
1642 3967 1733 4024 brevis
1748 3967 1776 4024 in
1796 3969 1925 4040 capitulo

232 4053 328 4124 signis,
348 4051 506 4122 plenissima
524 4053 616 4124 vigilia
635 4062 770 4122 oraretur,
786 4057 814 4112 in
836 4057 956 4113 crastino
979 4057 1054 4114 simi·
1095 4056 1266 4113 recitabitur.
1292 4057 1352 4112 Hoc
1369 4055 1443 4112 idem
1466 4055 1497 4111 lit
1519 4069 1570 4127 pro
1589 4057 1730 4114 canonicis
1752 4059 1843 4115 sancti
1864 4061 1927 4118 Ste-

232 4142 297 4200 liter
319 4139 401 4197 missa
428 4139 597 4211 plenissime,
625 4148 654 4199 et
682 4157 768 4214 usque
797 4144 831 4200 ad
859 4144 919 4201 dies
947 4151 1053 4216 septem
1095 4145 1179 4217 pbani
1193 4145 1363 4216 agennensis
1376 4144 1461 4202 sedis.

501 4491 912 4636 sunnonis
958 4492 1178 4727 ins
1218 4491 1655 4640 unsinnull

805 4817 1351 4909 COMMEMORATIONES

368 4992 391 5046 Α
409 4990 674 5048 subventionis
691 4991 862 5048 llONiGlllS
879 4991 947 5048 Plio
965 4991 1116 5048 bussuli
1135 4991 1367 5050 scubusilulill
1385 4990 1533 5048 nbUllle
1551 4989 1643 5047 ΗΕΒ]
1661 4989 1789 5046 sublim

570 5141 717 5216 (lienum,
734 5143 872 5212 Tbeeour„
887 5143 988 5202 imao.
1007 5145 1028 5212 i,
1044 5141 1107 5212 257,
1123 5157 1157 5200 ex
1170 5142 1335 5214 Nacrologio
1349 5140 1591 5214 spire-Maioris.)

271 5346 362 5404 brimo
380 5348 511 5419 ianuarii,
526 5346 640 5406 fratrum
659 5354 687 5404 et
706 5347 850 5420 parentum
864 5341 1057 5402 deiunctorum
1137 5345 1161 5400 l.
1176 5343 1377 5404 canonicomm
1390 5345 1497 5402 sanetae
1512 5343 1607 5401 crucis
1620 5339 1829 5400 tuschanensis
1843 5343 1932 5401 missa

143 5489 145 5491 ,
237 5439 471 5497 commemoratio.
1099 5433 1181 5506 plena
1193 5438 1222 5492 et
1234 5433 1336 5508 vigilia.
1355 5433 1387 5490 lu
1402 5431 1538 5491 ianuarii.
