4108 6164
114 340 157 398 aaa
515 303 522 320 '
562 334 667 390 cnsvr
684 331 895 389 nncnvnnrsc.
916 329 1095 388 unnronnu.
1116 357 1151 374 -
1169 331 1299 389 mmm
1577 335 1584 344 ·
1724 339 1779 398 330

114 464 229 522 militabat
242 463 270 518 in
285 461 360 532 regia
377 459 457 533 (iot).
474 459 524 519 Cui
539 471 587 517 rex
601 457 685 515 multa
699 456 811 515 volvens
826 461 854 514 et
868 458 991 520 re·Aac
1003 457 1035 490 ²⁸¹
1057 457 1168 515 sibimet
1190 457 1290 514 debeat
1312 457 1458 520 inimicari.
1480 473 1535 518 non
1559 461 1681 522 invenio.
1701 469 1780 526 lesus

114 554 209 610 volvens
222 549 362 617 conscilia,
375 549 489 621 proprio
504 548 614 604 tandem
629 545 775 618 indulgens
789 545 916 612 arbitrio,
958 547 1083 603 cbristus
1097 547 1153 604 dno
1169 553 1232 604 sunt
1251 548 1333 604 nnius
1353 563 1480 619 persone
1498 551 1641 620 vocabula,
1656 553 1728 611 unde
1744 555 1781 611 li·

113 640 304 698 Ambrosianum
325 638 439 696 tradidit
458 637 645 709 presulatum,
659 635 814 706 posthabita
833 636 918 691 Gete-
960 637 1044 706 quido
1060 639 1255 708 comprobatur
1266 652 1346 710 reges
1360 653 1392 694 ac
1411 641 1579 709 sacerdotes,
1596 641 1715 700 christos
1729 643 1783 700 sci·

113 731 172 787 fredi
190 729 260 785 illius
283 727 373 785 adbuc
396 727 514 785 viventis
539 726 701 784 investitura
723 732 751 781 et
776 724 917 791 unctione,
960 725 1026 781 licet
1039 725 1140 782 Christi
1155 727 1229 782 uniri
1252 741 1307 784 uno
1322 727 1424 784 debere
1438 743 1586 787 consensu.
1606 730 1675 800 Quid
1695 739 1784 804 ergo?

112 819 207 876 ilionis
229 831 339 888 quoque
362 818 457 874 llomae
480 823 546 873 tuno
565 815 597 848 ²⁸⁸
623 815 749 886 degentis
772 813 918 871 electione.
960 815 1098 886 Numquid
1118 823 1191 872 errat
1210 821 1348 888 uterquc?
1370 818 1592 876 obsicitomana
1611 828 1687 877 certe
1707 834 1786 878 num·

113 906 172 976 Quid
186 905 284 977 plural
302 907 453 976 Susceptus
467 909 509 961 est
523 902 624 976 presul
644 903 720 960 illea
740 902 815 960 clero
829 908 858 958 et
871 916 922 973 po·
962 918 1043 974 quam
1058 916 1164 960 errasse
1179 905 1341 974 perhibetur
1354 907 1486 977 Ecclesia,
1498 924 1532 966 ex
1546 923 1601 980 quo
1613 910 1705 968 divina
1716 924 1785 968 voce
1893 967 1895 974 .

112 996 178 1067 pulo,
189 1000 424 1065 utpotenovarum
434 1007 526 1051 rerum
535 992 669 1050 usualiter
677 993 768 1049 avido.
780 993 829 1048 Cui
840 992 921 1048 etiam
963 993 1124 1049 dictumest
1142 995 1245 1049 Petro:
1262 993 1361 1061 Simon,
1377 1011 1436 1052 cece
1454 997 1572 1054 Selenes
1590 999 1713 1070 sepelivit
1727 1013 1783 1069 ros,

110 1084 262 1155 suffraganei
276 1084 349 1141 idem
365 1083 418 1154 ipsi
432 1083 480 1154 qui
489 1082 666 1139 cotefrednm
681 1087 921 1150 consecraverant,
963 1085 991 1136 ut
1005 1079 1133 1137 cribrmet
1142 1080 1174 1112 ¹⁸⁰
1187 1083 1254 1138 meet
1267 1083 1390 1141 triticum.
1410 1088 1468 1156 Epo
1483 1093 1568 1143 eutem
1579 1101 1630 1160 pre
1644 1092 1670 1144 fe
1682 1088 1785 1158 reponi,

111 1184 209 1226 nauum
231 1169 435 1227 benedictionis
458 1171 603 1241 imponunt
628 1168 710 1241 (163).
735 1171 790 1228 lies
811 1169 922 1239 quidem
964 1173 1053 1225 ulnera
1067 1169 1170 1240 delicim
1184 1169 1249 1241 tides
1260 1175 1305 1226 lun
1316 1169 1389 1242 (loc.
1401 1189 1468 1239 xxvi,
1479 1175 1535 1248 31).
1552 1177 1705 1234 Aliomana
1719 1191 1786 1250 ergo

110 1261 170 1316 mira
183 1267 210 1316 et
224 1261 332 1316 ctrrtetis
356 1265 430 1316 retro
454 1259 626 1330 temporibus
649 1258 782 1326 inerudita,
798 1265 828 1314 ut
848 1259 925 1315 urbis
965 1257 1082 1314 ecclesia
1104 1259 1271 1329 quicumque
1295 1260 1433 1327 dissentit,
1447 1275 1502 1318 non
1519 1271 1560 1320 est
1579 1278 1673 1322 revera
1689 1267 1788 1322 calbo·

111 1349 182 1406 unius
193 1362 247 1405 uno
258 1348 349 1406 electo
363 1348 498 1418 antistite,
509 1353 617 1405 sacrato
631 1347 730 1416 altero,
743 1361 797 1405 uno
813 1348 925 1404 eodem·
966 1347 1046 1416 licus,
1072 1348 1301 1418 quemadmodum
1325 1349 1423 1407 beatos
1449 1352 1488 1409 ait
1509 1354 1671 1412 Ambrosius
1696 1354 1789 1426 (1114).

109 1451 156 1507 que
171 1441 295 1508 tempore
311 1439 409 1494 tertius
424 1441 559 1508 erumpat.
965 1437 1063 1493 Nonne
1086 1438 1140 1507 ipsi
1164 1437 1224 1494 baec
1246 1439 1298 1494 ista
1317 1438 1445 1510 legerunt
1463 1441 1609 1513 episcopii
1632 1445 1699 1501 etsi
1713 1444 1792 1515 lege-

139 1525 164 1582 6.
178 1528 244 1583 brat
263 1531 330 1583 tunc
353 1526 488 1598 temporis
509 1527 604 1584 Romae
622 1525 664 1582 vir
684 1526 796 1596 qnidam
815 1525 927 1582 nomine
968 1526 1074 1583 runt’ii
1089 1541 1139 1584 eur
1152 1535 1249 1585 eontra
1267 1530 1419 1586 Romanurn
1439 1532 1585 1601 presulem
1600 1533 1713 1590 adunati
1732 1532 1793 1590 Pla-

108 1615 227 1683 cencius,
239 1615 290 1686 qni
304 1620 418 1686 propter
427 1615 530 1685 injuste
547 1628 689 1686 possessas
703 1615 830 1673 ecclesiae
842 1613 928 1670 facul·
968 1615 1078 1682 centiae,
1099 1615 1133 1672 de
1157 1629 1206 1672 orc
1229 1618 1342 1687 proprio
1367 1620 1602 1689 conjuraverunt?
1624 1622 1679 1676 Cur
1697 1626 1794 1690 postea

109 1711 172 1760 tales
186 1719 265 1776 papae
275 1705 407 1775 Gregorio
416 1703 506 1768 luerat
519 1718 629 1775 semper
639 1703 763 1760 infestus.
777 1703 1062 1802 llicauteanPapiae
1081 1706 1277 1762 convenientes
1299 1707 1429 1776 iniustum
1448 1707 1603 1774 anathema,
1624 1710 1679 1765 imo
1699 1708 1795 1764 invali-

111 1806 186 1862 pravo
199 1809 266 1848 usus
281 1792 426 1860 conscilio,
443 1799 525 1849 nocte
539 1793 599 1862 ipsa
614 1793 763 1848 nativitatis
778 1792 928 1848 bomloicae
970 1796 1035 1851 dum
1049 1794 1103 1851 sibi
1118 1795 1367 1864 conclamaverunt,
1381 1798 1454 1866 justa
1469 1797 1642 1868 prophetiam
1657 1801 1704 1868 tls.
1715 1812 1741 1864 v,
1751 1797 1791 1870 7),

110 1881 399 1952 (er.1075,lleo.2l),
415 1895 477 1937 cnm
492 1881 521 1936 in
534 1880 647 1938 basilica
662 1889 765 1938 sanctas
775 1881 930 1938 Tbcolocos
970 1898 1027 1941 ηοη
1043 1883 1188 1955 justitiam,
1204 1883 1253 1939 sed
1273 1882 1407 1941 clamores
1426 1884 1579 1942 facientes?
1599 1886 1672 1943 unde
1692 1886 1792 1957 justis·

109 1977 183 2042 pater
199 1970 248 2026 ille
278 1975 400 2037 sanctus,
418 1970 552 2027 matutino
577 1971 655 2042 juxta
682 1985 786 2028 morem
806 1975 929 2041 peracto,
970 1975 1039 2029 sime
1053 1973 1207 2044 apostolico
1222 1979 1286 2029 sunt
1301 1987 1431 2030 mucrone
1447 1973 1574 2044 perfossi.
1586 1975 1792 2046 Respondeant,

109 2065 250 2116 nocturnae
274 2061 365 2116 missae
387 2059 540 2116 celebraret
558 2058 689 2129 officium,
706 2074 767 2117 cum
790 2059 889 2131 gladiis
903 2065 931 2116 et
972 2067 1003 2118 ut
1016 2061 1116 2128 solent,
1132 2063 1209 2132 regio
1228 2076 1258 2117 se
1274 2061 1401 2117 obedisse
1416 2063 1555 2120 mandato.
1576 2065 1628 2120 Sed
1644 2065 1710 2134 qnid
1726 2063 1794 2120 dicit

109 2148 223 2206 fustibus
246 2155 274 2205 et
298 2149 489 2219 conjuratione
508 2162 605 2220 magna
624 2163 747 2217 suorum,
768 2161 833 2206 ense
856 2148 930 2206 nudo
972 2151 1134 2220 scriptorar
1151 2148 1264 2207 obedire
1278 2153 1378 2220 operiet
1393 2151 1447 2205 ileo
1462 2153 1546 2220 mepta
1560 2167 1637 2223 quem
1651 2150 1796 2207 bominibus

107 2238 137 2292 ad
165 2237 334 2308 capiendum
362 2251 459 2309 papam
484 2237 619 2295 violenter
647 2238 747 2308 irrupit
774 2237 929 2303 ecclesiam,
974 2241 1043 2308 (Aci.
1059 2254 1085 2306 v,
1101 2237 1156 2310 29).
1177 2239 1244 2294 ltem
1259 2258 1264 2294 :
1281 2237 1392 2294 liedditc
1410 2253 1466 2310 qum
1481 2241 1595 2297 cosmo
1612 2245 1671 2296 aunt
1685 2242 1796 2306 desem,

107 2329 190 2382 instar
209 2328 292 2383 Judae
308 2328 456 2383 bominum
479 2333 560 2384 nocie
577 2327 721 2384 tradentis.
742 2329 863 2399 Coumque
882 2341 932 2398 per
973 2333 999 2385 ct
1013 2343 1072 2401 qum
1085 2331 1144 2384 suut
1158 2327 1208 2384 Dei
1220 2327 1276 2384 Dee
1292 2325 1398 2397 (Metro.
1415 2343 1480 2394 mv,
1498 2327 1553 2396 21).
1567 2330 1601 2385 El
1616 2329 1700 2385 alibi:
1717 2331 1799 2384 Deum

105 2416 212 2472 diversa
227 2416 387 2486 quasisset,
403 2416 508 2471 invenit
524 2418 600 2486 juxta
615 2416 700 2472 altare
716 2418 822 2475 bomini
837 2430 932 2472 sacer·
974 2417 1110 2484 timeteffl,
1125 2430 1212 2486 regem
1225 2415 1396 2487 herieriponte
1410 2419 1435 2484 (l
1448 2419 1520 2473 Petr.
1538 2431 1570 2485 ll,
1586 2416 1639 2483 17).
1656 2419 1716 2473 Non
1732 2429 1799 2488 ergo

105 2503 196 2560 dotem
223 2503 364 2574 mysteriis
385 2503 551 2559 salutaribus
570 2505 715 2560 intentum.
736 2507 766 2560 ln
782 2518 862 2574 quern
876 2505 934 2560 vio
976 2504 1094 2561 debetur
1104 2504 1195 2560 bonor
1210 2504 1277 2575 regi,
1290 2503 1342 2559 nisi
1356 2505 1531 2573 procedente
1543 2507 1619 2576 justo
1630 2505 1729 2563 timore
1739 2503 1799 2560 bei.

105 2591 194 2648 lenter
210 2593 325 2648 irruens
344 2593 471 2648 distraxit
485 2606 518 2647 ac
532 2593 674 2648 dilaniavit
692 2591 934 2663 quamplurimum,
1012 2592 1039 2646 8.
1060 2593 1161 2649 Eodem
1177 2599 1301 2662 tempore
1315 2605 1383 2664 gens
1406 2593 1559 2651 Teutonum
1579 2593 1626 2650 illa
1645 2593 1800 2664 barbarica,

105 2682 326 2752 impositumque
346 2694 417 2751 equo
432 2695 509 2736 snam
524 2695 610 2751 usque
631 2681 759 2750 perduxit
777 2681 811 2737 ad
827 2682 935 2748 turrim,
978 2682 1116 2751 praecipue
1132 2681 1217 2736 duces
1230 2681 1384 2748 bertaldus,
1395 2681 1539 2750 liedulfus,
1555 2689 1582 2738 et
1592 2681 1682 2740 Welfo
1693 2683 1725 2714 '⁷¹
1740 2695 1801 2739 cunr

105 2771 230 2827 clausurn
247 2770 421 2826 custodiens.
442 2771 526 2827 Facto
545 2776 636 2826 autern
656 2769 868 2834 diluendorum
883 2774 936 2824 tam
979 2770 1127 2825 comitibus
1148 2775 1176 2824 et
1199 2770 1358 2838 episcopis,
1385 2771 1495 2841 cognita
1519 2771 1803 2828 excommunicatione

107 2859 276 2916 detestabile
298 2859 460 2929 displiceret
482 2859 610 2915 omnibus
633 2857 751 2927 facinus,
767 2862 938 2929 consurgunt
980 2858 1111 2923 lfomana,
1128 2857 1234 2928 aregio
1255 2871 1368 2926 prorsus
1384 2871 1414 2914 se
1429 2857 1589 2915 subtraxere
1605 2859 1759 2924 consortio,
1774 2857 1802 2913 in

108 2963 203 3005 omnes
226 2949 259 3004 in
276 2962 349 3004 arma
370 2949 485 3004 Romani
505 2949 626 3019 girantes
644 2947 752 3014 turrim,
769 2961 820 3004 nec
834 2961 849 3002 a
864 2946 938 3002 bello
979 2946 1056 3003 nullo
1072 2946 1316 3003 communicantes.
1340 2947 1456 3017 insuper
1474 2947 1502 3002 in
1525 2945 1619 3004 multis
1641 2952 1803 3004 accusantes

108 3037 249 3094 desistunt
265 3037 356 3093 donec
375 3050 474 3108 agnum
495 3036 552 3108 lupi
570 3035 695 3094 faucibus
714 3037 844 3107 eripiunt,
861 3039 938 3092 turre
947 3048 1041 3131 ceunt
1055 3034 1217 3092 criminibus
1230 3033 1528 3092 inlamiadenotabant.
1541 3037 1652 3092 interim
1666 3035 1801 3092 conscilio

107 3126 217 3198 dirupta
234 3133 266 3183 et
285 3126 360 3182 omni
382 3125 509 3182 facultate
533 3125 651 3202 direpta.
667 3128 858 3182 Verumtamen
882 3125 936 3180 bu·
977 3123 1142 3180 sanctissimi
1153 3122 1341 3180 cluniacensis
1354 3123 1461 3179 abbatis
1470 3122 1557 3195 (1651,
1567 3125 1680 3196 Agnetis
1689 3138 1800 3196 quoquc

106 3216 303 3272 manaedivina
317 3215 451 3270 successit
465 3214 544 3272 ultio.
558 3215 699 3285 Siquidem
714 3227 786 3271 anno
801 3213 849 3270 illo
865 3227 937 3270 mor·
977 3211 1061 3283 regiae
1080 3210 1184 3279 matris,
1205 3223 1327 3267 necnon
1347 3211 1558 3281 sapientissimae
1574 3214 1727 3284 jamdictae
1746 3215 1802 3270 bla-

107 3309 166 3360 luus
181 3311 225 3360 est
243 3304 363 3360 Gentius
381 3302 499 3360 faucium
518 3303 610 3359 ulcere
629 3303 788 3371 suffocatus,
804 3302 936 3374 quemad·
977 3299 1064 3368 tildae,
1075 3299 1206 3356 statuitur
1219 3299 1347 3370 generale
1362 3300 1530 3370 colloquium
1540 3301 1614 3357 inter
1622 3302 1699 3370 ipsos
1708 3315 1800 3372 regern

106 3392 215 3449 modom
230 3393 323 3450 Judas
339 3393 465 3462 proditor
479 3406 550 3448 nexu
566 3392 657 3463 laquei
672 3393 868 3464 strangulatus.
930 3403 932 3407 ’
979 3388 1208 3460 ctaposlolicnm,
1220 3389 1296 3457 pacis
1306 3402 1337 3444 ac
1346 3389 1462 3458 justitian
1473 3401 1565 3443 cansa.
1577 3390 1699 3458 cumque
1714 3390 1802 3445 exiret

138 3481 164 3534 7.
186 3482 337 3538 Paridem
356 3487 464 3551 tempus
486 3481 667 3551 quorumdam
691 3495 803 3538 snorum
825 3480 937 3537 hortatu
979 3479 1013 3534 ab
1024 3479 1096 3534 Urbe
1106 3491 1177 3548 papa
1191 3475 1366 3546 profecturus
1376 3475 1543 3531 Alamaniam
1560 3477 1612 3545 (oo.
1627 3475 1705 3543 lilii,
1715 3478 1801 3544 lem),

107 3578 200 3626 contra
226 3584 333 3642 papam
355 3583 404 3626 rex
427 3571 515 3626 erexit
537 3584 598 3626 scsc
613 3569 646 3601 ¹⁶⁸
668 3571 843 3641 Gregorinm,
868 3569 938 3625 adeo
979 3568 1098 3624 blatildae
1111 3566 1208 3631 fretus,
1224 3565 1372 3634 jrrvamine,
1387 3565 1462 3620 veuit
1475 3564 1590 3620 ltaliam.
1611 3567 1733 3635 Cumque
1748 3579 1807 3622 mo-

108 3665 134 3714 nt
148 3659 256 3716 nullam
278 3659 335 3715 sibi
355 3658 470 3715 defieret
485 3657 517 3690 '⁸⁰
536 3659 732 3715 obedientiam.
755 3656 858 3712 Praesul
873 3669 939 3712 vero
981 3663 1090 3712 raretnr
1104 3655 1217 3718 ibidem,
1233 3652 1327 3709 multis
1341 3652 1375 3708 ab
1391 3667 1422 3709 ea
1437 3652 1592 3709 cumulatur
1607 3653 1760 3710 bonoribus
1773 3667 1806 3711 ac

106 3749 248 3806 Romanus
273 3761 469 3818 saepenumero
491 3751 603 3817 paratus
619 3747 773 3817 ignoscere,
789 3746 941 3802 clementer
981 3743 1149 3801 bominibus.
1166 3742 1216 3798 coi
1232 3739 1396 3797 festinanter
1409 3741 1532 3797 occurrit
1549 3741 1704 3809 lleinricus,
1721 3742 1808 3800 dccli·

108 3838 235 3893 universa
252 3837 404 3906 tractabat,
421 3837 521 3908 regiam
537 3836 585 3892 diu
600 3835 786 3906 prestolando
801 3849 832 3890 ac
849 3834 942 3891 multis
983 3847 1052 3889 nans
1065 3838 1195 3888 statutum
1210 3831 1238 3886 in
1255 3830 1342 3900 patria
1355 3844 1404 3887 sua
1418 3829 1597 3902 colloquium.
1609 3833 1711 3889 Fuerat
1722 3833 1808 3890 conti·

108 3927 219 3983 monitis
238 3926 388 3983 invitando
403 3925 621 3982 conversionem.
643 3927 763 3995 Cumque
783 3923 869 3980 nichil
884 3937 941 3979 om·
983 3923 1049 3979 tisse
1060 3920 1171 3992 opidum
1182 3921 1302 3976 Canossa
1316 3920 1437 3987 nomine,
1449 3919 1542 3976 multis
1556 3921 1694 3979 moenibns
1707 3921 1805 3979 acloei

109 4013 172 4069 nino
196 4016 367 4086 proficeret,
384 4013 460 4070 illum
479 4027 541 4069 enm
560 4013 618 4068 suis
640 4013 823 4069 fautoribusa
839 4018 942 4069 sanctae
984 4017 1081 4068 natura
1095 4009 1308 4080 circumquaque
1328 4009 1462 4065 munitum
1480 4007 1693 4083 inexpugnabile
1711 4026 1808 4070 revera

109 4103 202 4159 matris
227 4103 369 4161 Ecclesia
393 4103 546 4176 segregavit
561 4103 616 4174 (err.
636 4101 712 4169 1076,
730 4101 805 4174 Feb.)
820 4115 943 4158 commu·
984 4099 1153 4173 praesidium.
1174 4098 1225 4154 Ubi
1242 4098 1409 4168 presidente
1426 4097 1458 4129 ¹⁷⁸
1479 4100 1632 4169 apostolico
1650 4099 1708 4172 (aa.
1728 4100 1806 4170 1077,

109 4189 276 4250 η1οηη(1ο’01
297 4191 455 4258 luminibus,
470 4198 567 4248 tenore
577 4197 666 4247 tamen
681 4189 781 4248 futura
796 4190 942 4262 dignaeque
983 4194 1046 4248 lom.
1061 4189 1122 4262 25),
1138 4203 1187 4245 retr
1201 4189 1283 4245 nudis
1296 4187 1429 4244 incedens
1448 4188 1574 4258 pedibus,
1591 4189 1666 4246 bunri
1686 4197 1809 4260 prostra-

108 4281 310 4340 ccnversionis
325 4279 642 4352 proposito.0infclicia
658 4284 791 4350 tempora,
803 4280 945 4350 inquibus
986 4285 1040 4344 tos,
1057 4284 1120 4350 post
1138 4276 1237 4334 multas
1256 4276 1390 4347 lacrymas
1405 4275 1557 4346 promeruit
1571 4278 1676 4332 veniam
1696 4291 1808 4334 snorum

109 4371 212 4426 nostris
237 4369 421 4440 exigentibus
435 4368 524 4438 culpis
543 4373 639 4426 contra
662 4381 692 4424 se
716 4368 803 4438 ipsam
823 4371 1139 4451 pugnareDjuramenta
1153 4365 1186 4398 ²⁷⁸
1205 4363 1325 4422 fidelium
1349 4369 1428 4435 pacta
1448 4363 1623 4428 confirmans,
1643 4364 1694 4419 sub
1713 4365 1812 4421 eondi-

109 4465 202 4515 sancta
217 4460 339 4517 videtur
353 4458 485 4525 Ecclesia,
502 4471 582 4529 quam
597 4458 705 4514 Veritas
719 4459 760 4514 sic
779 4459 866 4528 ipsam
882 4458 944 4515 lan·
987 4461 1062 4516 tione
1078 4455 1193 4527 justitia
1207 4452 1350 4510 facienda.
1366 4453 1411 4509 Sic
1426 4451 1543 4508 llatildae
1552 4463 1649 4523 magna
1663 4452 1812 4522 prudentia

111 4543 201 4604 dando
217 4547 403 4606 commendat
420 4567 426 4604 ι
446 4549 504 4603 Uoc
518 4550 557 4602 est
571 4545 690 4602 relambo
703 4561 772 4614 mee,
788 4548 871 4602 etrier
887 4563 945 4604 mee
987 4546 1158 4604 consolidata
1172 4549 1237 4600 sunt
1251 4543 1327 4612 pacis
1337 4555 1431 4600 eorum
1444 4539 1547 4598 loedera
1561 4540 1655 4598 invitis
1669 4541 1812 4612 episcopis

110 4633 187 4706 (Cer.
200 4654 243 4707 vr,
257 4638 303 4704 8).
317 4638 382 4706 Quae
396 4637 421 4693 si
431 4649 485 4692 una
497 4641 539 4692 est
554 4641 582 4692 et
594 4636 692 4704 amica,
703 4627 842 4707 quomodo
856 4637 945 4694 scindi
987 4650 1020 4692 ae
1033 4636 1062 4692 in
1078 4634 1127 4691 lite
1146 4631 1330 4689 manentibus.

800 4799 912 4854 VleAE
940 4795 1133 4856 unctionis,

147 4941 180 4974 '⁸‘
199 4941 281 5000 deest
298 4939 325 4996 3.
373 4939 405 4974 ¹⁸¹
423 4938 494 5000 ae3.
539 4939 572 4972 ’⁶⁶
590 4941 690 5012 itcpro
705 4938 827 4998 deferret
841 4943 866 4996 1.
917 4939 949 4974 ¹⁸⁷
968 4936 1229 4998 excommunicando
1242 4936 1331 4994 Perde.
1343 4951 1372 5008 p.
1388 4933 1450 4992 323.
1502 4931 1535 4968 ”⁸
1553 4951 1581 5062 q.
1597 4936 1758 4998 scindicas.
1781 4939 1807 5001 1.

109 5025 143 5114 οὐ
152 5015 246 5071 ocima
262 5028 291 5069 s.
307 5010 428 5068 3⁸82&
443 5015 471 5068 ct
489 5011 577 5068 Pario.
594 5011 612 5068 l.
627 5011 646 5069 l.
660 5027 688 5084 p.
705 5011 849 5068 balcet.
888 5011 921 5045 ¹⁶⁰
939 5013 1059 5070 cribaret
1092 5011 1114 5066 1.
1153 5009 1185 5041 ’⁷⁰
1204 5008 1309 5080 legeret
1330 5009 1353 5062 l.
1391 5007 1420 5038 ¹⁷¹
1441 5007 1538 5064 timere
1577 5051 1583 5066 .
1621 5009 1655 5041 ¹⁷¹
1674 5010 1760 5068 Welfe
1782 5011 1808 5071 1.

162 5085 348 5156 praevidente
368 5085 439 5141 lter.
479 5082 512 5116 ”⁸
526 5083 684 5153 iuramento
701 5084 791 5141 Porio.
805 5099 834 5156 p.
851 5083 915 5139 336.

922 5227 1030 5286 NOTAE.

150 5359 228 5430 (162)
250 5360 324 5415 llaec
346 5359 428 5417 aliter
450 5364 543 5416 narrat
565 5359 666 5416 Bonizo
687 5374 713 5430 p.
733 5359 796 5428 813,
812 5360 952 5418 letaldum
997 5357 1074 5424 tono,
1091 5372 1145 5429 qua
1159 5370 1193 5414 nc
1212 5354 1241 5414 id
1258 5354 1455 5420 fleretvctuit;
1474 5354 1623 5415 lebaldum
1643 5357 1702 5429 ipse
1716 5360 1752 5419 ad
1770 5377 1816 5436 sv-

114 5430 207 5486 cnml
250 5431 312 5486 atis
333 5431 368 5488 ad
393 5445 485 5502 regem
508 5432 619 5488 missum
644 5445 704 5487 esse
727 5431 875 5488 affirmans.
900 5433 953 5488 Sed
995 5431 1096 5488 nodum
1111 5431 1224 5486 Romam
1239 5433 1440 5494 vocaverat3v.
1457 5439 1501 5498 ep.
1519 5443 1560 5495 nv,
1575 5427 1602 5496 8,
1619 5429 1646 5484 a.

115 5499 226 5557 bandnl
242 5517 280 5557 us
307 5517 344 5569 m,
368 5502 392 5570 l,
418 5517 479 5560 eunt
504 5502 601 5573 praelio
625 5502 660 5558 ad
685 5503 847 5559 Unstrodam
871 5503 955 5560 luter·
1033 5517 1103 5589 (lul)
1122 5517 1161 5574 qs,
1178 5517 1212 5572 qe
1227 5530 1341 5572 excessu
1356 5516 1444 5588 satyri
1459 5531 1479 5582 1,
1495 5515 1540 5570 47,

112 5569 387 5713 fmtslsgssffnigecgaltecta
401 5659 446 5715 cp.
459 5644 583 5716 Gregorii
596 5644 624 5701 d.
638 5660 665 5700 vr
680 5643 720 5700 ld.
731 5644 791 5700 Oct.
808 5642 868 5712 [ml.,
880 5643 953 5714 bec}
1032 5605 1104 5678 (165)
1124 5607 1257 5676 Hugmsss’
1273 5603 1308 5662 οἷ’
1326 5605 1418 5662 Lamb'
1435 5619 1479 5663 Μ’
1499 5603 1576 5664 lm

210 5749 342 5808 Parnon.
361 5751 483 5808 Cllbl'll.
