4106 6178
228 339 292 398 labi
785 340 931 396 ALPllle
951 338 1173 396 subsannant
1191 339 1348 396 ARCHIEP.

1052 467 1080 525 Α
1122 465 1182 533 Quo
1196 465 1252 520 ruit
1267 464 1314 520 ille
1329 462 1383 518 tuis
1401 459 1490 518 faetus
1505 461 1586 518 bomo
1604 461 1740 518 manibus.

1083 553 1239 612 Transactis
1253 552 1325 609 enim
1345 551 1489 622 plusquam
1503 564 1552 607 sex
1567 549 1689 606 millibus
1702 547 1782 606 annis

258 470 322 524 ate
338 472 412 534 sunt,
428 464 520 522 faeere
538 465 612 522 nulla
627 464 710 520 fuisse
729 469 819 536 potes.

223 559 262 614 Tu
278 557 344 613 mibi
359 556 427 627 quld
445 554 543 612 faciam
559 562 588 611 tu
603 553 658 622 dic,
675 553 722 625 qui
738 554 857 610 fluminis
871 554 971 610 undam

259 651 348 712 Astra,
364 644 463 711 solum,
480 644 602 714 pelagus,
619 642 692 700 unde
708 631 832 700 farentur
844 643 939 700 habes.

224 735 366 791 Desidiosa
381 747 458 803 puer,
475 738 605 803 quantum
621 733 671 788 tibi
687 746 768 803 praua
782 732 917 802 voluptas,

224 823 366 894 Temporis
384 821 496 891 eripuit,
512 821 678 890 cumprime
693 835 802 892 semper
817 821 850 877 ab
867 833 936 888 aevo,

224 913 316 982 Usque
335 916 516 977 senectutem,
531 909 615 966 tantis
633 910 744 980 impunc
763 923 875 966 vacares

222 1000 342 1066 belicils,
359 998 469 1070 quando
490 999 581 1054 tenuis
596 999 781 1069 propriusque
796 997 912 1057 salutem

223 1090 349 1159 Languor
363 1092 432 1153 erat,
453 1086 512 1143 sola
532 1086 619 1142 ruinis
638 1085 773 1143 medicina
789 1087 891 1156 paratis

223 1177 333 1247 ubsque
347 1175 443 1233 labore
462 1175 503 1232 uti
518 1180 637 1246 poterat,
658 1188 731 1231 none
750 1175 855 1231 viribus
873 1174 942 1244 ipsis

225 1267 274 1322 Est
286 1278 366 1336 opus.
383 1265 437 1320 laia
456 1263 567 1335 quidem
579 1266 635 1334 jam
655 1277 710 1321 non
729 1268 794 1321 sunt
809 1263 901 1320 ulcera
920 1263 1009 1320 solum

224 1353 351 1410 Mollibus
368 1354 517 1424 unguentis
535 1353 684 1422 credenda,
700 1367 751 1410 nee
766 1359 828 1424 apia
843 1353 955 1411 tumori.

224 1443 360 1500 auxilium
374 1442 465 1499 valido
484 1442 627 1514 praestabit
641 1443 757 1514 spongia
776 1442 883 1499 morbo.

225 1532 342 1603 Expedit
356 1531 500 1604 indulgere
515 1532 566 1588 tibi
581 1537 636 1588 mm
650 1533 734 1589 rebus
747 1531 866 1597 acerbis,

225 1622 259 1677 Et
273 1621 380 1678 frenare
398 1621 577 1692 voluptatem.
599 1621 750 1678 letissima
769 1621 852 1677 traxit

224 1711 363 1768 Hactenus
381 1710 415 1767 ad
435 1711 544 1781 culpam
564 1725 639 1779 earo,
655 1724 707 1766 nec
727 1717 754 1766 te
772 1708 874 1766 alliicta
887 1708 1002 1765 reducat

223 1799 264 1857 Ad
279 1799 384 1856 veniam
400 1805 559 1857 constanter
577 1814 637 1872 age,
658 1812 708 1871 pro
723 1798 828 1855 uiribus
843 1799 895 1854 ista

223 1887 340 1945 assidue
354 1887 445 1959 vigila,
461 1895 623 1959 noctesque,
640 1887 754 1958 diesque
773 1887 868 1943 labora

225 1978 310 2033 Omne
329 1976 420 2034 scelus
439 1977 571 2048 populare
587 1991 677 2033 manu.
695 1975 858 2032 Sitientibus
871 1975 1008 2044 haustum,

225 2063 355 2134 Tegmina
370 2063 404 2119 da
424 2064 515 2128 nudis,
532 2063 579 2120 sed
600 2069 627 2119 et
641 2063 826 2120 esurientibus
841 2076 942 2119 escam.

224 2150 310 2208 llblue
326 2157 354 2207 te
368 2151 506 2222 lacrymis,
523 2151 640 2208 emunda
658 2151 778 2219 fletibus,
795 2149 869 2208 omni

223 2240 330 2296 Eracua
344 2245 464 2297 mentem
478 2240 556 2305 villo,
571 2241 723 2297 virtutibus
737 2238 832 2310 imple.

224 2329 284 2385 Sint
298 2329 439 2386 moderata
457 2329 508 2386 tibi
520 2331 635 2400 jejunia,
653 2329 736 2387 lectio
753 2329 838 2400 jugis,

224 2417 379 2474 Psalmodia
397 2417 538 2490 frequens,
555 2419 645 2476 oratio
659 2418 765 2486 sedula,
782 2417 886 2474 nullum

224 2509 261 2566 Te
275 2516 392 2578 moveat,
408 2512 451 2567 vel
465 2510 554 2567 solvat
568 2524 648 2577 onus,
664 2509 761 2566 metire
780 2509 902 2566 laborem

225 2597 370 2666 Pollicitis,
386 2611 498 2669 operam
513 2600 652 2664 mercede,
667 2599 832 2668 brevemque
851 2595 997 2666 triumphis

223 2685 345 2758 Pugnam
364 2688 515 2758 perpetuis.
537 2687 625 2744 dinus
639 2694 682 2743 est
695 2687 881 2757 quodcunque
900 2685 1010 2742 laboras

224 2775 339 2832 Prema
353 2776 377 2832 sl
391 2780 511 2846 spectes,
527 2790 583 2833 nou
598 2782 628 2833 nt
643 2776 757 2832 nitentis
770 2775 805 2832 ed
820 2775 875 2831 alta

223 2866 361 2922 Ascensus
375 2863 473 2932 facilis,
494 2865 624 2922 sudorem
639 2865 760 2936 denique
779 2871 911 2936 quantum

223 2954 381 3024 Perpetitur
395 2954 443 3024 qni
458 2960 574 3011 conatur
585 2955 651 3026 juga
667 2967 772 3010 summa
786 2953 891 3010 subire.

223 3042 263 3097 fu
278 3041 344 3112 quid
359 3046 390 3098 nt
403 3043 432 3097 in
447 3042 545 3098 coelom
559 3043 663 3099 vedast
679 3047 706 3098 te
721 3041 836 3098 maxima
851 3055 956 3098 merces

224 3129 286 3185 Vita
301 3129 380 3185 beata
395 3135 496 3196 manet,
513 3135 618 3186 mutum
633 3129 676 3186 fac
687 3132 750 3200 jura
764 3129 889 3200 sequaris

224 3217 392 3288 Praesignata
407 3217 468 3285 tibi,
484 3231 594 3288 semper
612 3219 799 3288 reminiscere,
816 3219 920 3276 nullum

224 3306 261 3363 'fe
280 3311 397 3374 moveat,
413 3306 455 3363 vel
470 3306 558 3362 soluat
572 3319 665 3363 onus:
686 3320 743 3364 non
761 3306 840 3364 miles
858 3307 976 3364 babetur

223 3395 295 3451 bura
314 3392 505 3463 reformidans,
526 3401 630 3452 marcet
644 3410 706 3452 cum
721 3396 817 3454 deside
832 3396 918 3453 virtus

223 3484 331 3542 Obone
346 3484 382 3539 mi
397 3483 521 3552 bomine,
538 3498 602 3555 spes
616 3499 686 3554 mea,
702 3485 749 3542 lux
762 3500 833 3554 mea,
849 3487 967 3554 Christe,

258 3573 311 3641 Qui
326 3573 403 3644 rigor
418 3580 460 3629 est
473 3573 575 3641 verbis,
592 3574 639 3646 qui
655 3575 790 3631 medicina
805 3575 870 3631 tuis.

222 3661 361 3719 Hactenus
375 3663 403 3718 iu
419 3676 514 3733 peenas
528 3677 571 3720 me
585 3663 690 3734 lapsum
706 3663 786 3734 culpa
802 3664 922 3734 petebat,

256 3750 335 3808 llunc
350 3757 391 3808 est
405 3765 468 3809 enm
483 3753 573 3823 poenis
588 3753 667 3824 culpa
683 3753 797 3810 remissa
811 3753 889 3810 meis.

221 3839 349 3910 Languor
363 3839 424 3897 beri
438 3840 529 3899 ualido
544 3841 626 3913 fregit
640 3856 699 3898 mea
719 3841 840 3898 membra
854 3840 962 3908 dolore,

256 3928 327 3985 Sana
340 3929 390 3986 scd
405 3928 466 3986 baec
481 3930 565 3987 hodie
580 3938 644 3987 sunt
663 3931 774 4002 pietatis
788 3944 851 4001 ope.

221 4014 289 4072 Sero
308 4016 347 4072 lui
363 4019 486 4088 seopulis
501 4019 624 4087 collisus,
641 4026 669 4077 et
683 4021 810 4078 omnibns
825 4019 916 4088 undis,

256 4105 334 4160 blane
349 4104 416 4161 mihi
431 4108 524 4176 potior
538 4108 632 4164 littore
647 4115 743 4178 portus
758 4109 845 4166 adest.

219 4193 352 4251 Omnibus
365 4192 471 4251 afdrmo
485 4193 543 4251 falli
557 4196 692 4252 veraciter
707 4196 780 4266 illos,

254 4283 306 4350 Qui
320 4283 426 4340 veniam
441 4283 525 4354 lapsis
539 4285 642 4355 sepius
656 4299 716 4342 esse
731 4290 842 4358 negant.

217 4369 269 4438 Qui
282 4371 346 4429 dare
361 4378 389 4429 te
403 4373 510 4430 reniam
525 4373 610 4444 lapsis
629 4379 692 4446 post
706 4374 781 4432 mille
801 4375 907 4446 negarit

254 4460 314 4518 Non
329 4463 417 4532 possit
435 4464 542 4519 veniam
560 4463 653 4535 lapsus
668 4464 770 4522 babere
783 4465 879 4522 semel.

218 4549 269 4618 Qui
284 4549 350 4608 dare
365 4555 392 4608 te
406 4551 512 4608 veniam
528 4552 663 4610 scelerum
678 4559 742 4624 post
757 4553 842 4610 millia
856 4553 946 4612 credit

254 4639 337 4696 Millia
357 4646 420 4711 post
438 4641 574 4699 scelerum
589 4642 664 4699 nulla
679 4649 794 4715 negetur
809 4644 845 4699 ei.

217 4729 252 4785 lit
266 4733 340 4786 totus
355 4729 453 4799 pletas,
470 4736 543 4788 eset
557 4731 727 4804 indulgentia
746 4738 830 4802 totus,

253 4818 339 4875 Totus
353 4832 415 4890 pax,
432 4823 507 4876 totus
520 4821 618 4891 gratie,
635 4828 710 4886 totus
726 4836 812 4879 amor.

217 4907 281 4963 Tam
297 4907 356 4964 leue
372 4907 434 4978 quis
449 4908 496 4964 dat
510 4922 590 4977 onus,
607 4910 764 4967 mandatum
779 4910 855 4978 mite,
870 4909 951 4968 fidele

253 4997 416 5065 Consilium,
437 5011 536 5054 munus
549 4996 651 5068 fertile,
667 5014 749 5056 suave
761 5002 867 5072 jugum.

218 5083 329 5142 llitlbns
347 5087 400 5143 ista
415 5086 528 5159 quidem
546 5094 611 5144 sunt
627 5088 707 5157 levia,
719 5089 792 5146 dura
807 5091 934 5160 superbis

253 5176 380 5247 Semper,
401 5181 430 5234 et
448 5177 551 5249 ignaris
569 5185 611 5235 cst
630 5178 708 5236 labor
726 5179 779 5236 iste
798 5181 898 5252 gravis.

218 5263 302 5332 Quam
320 5279 404 5337 super
422 5267 542 5338 imponis
556 5267 593 5325 slt
611 5268 720 5325 sarcina
734 5281 831 5341 magna
845 5269 959 5338 laboris,

251 5353 295 5409 lle
309 5354 392 5412 modo
407 5355 502 5413 delicti
516 5357 624 5415 sarcina
643 5357 719 5414 nulla
734 5365 838 5431 gravet.

217 5440 260 5497 ile
274 5442 359 5511 jussis
373 5458 481 5515 expono
496 5447 561 5515 tuis,
578 5447 662 5504 maris
680 5448 735 5504 alta
748 5448 860 5517 secabo,

253 5530 293 5586 Tu
311 5543 347 5587 ne
362 5539 512 5591 retrorsum
531 5537 598 5593 dent
612 5551 672 5594 mea
686 5537 756 5608 vela,
772 5536 842 5594 fave.

218 5619 254 5678 Ui
266 5618 336 5678 nibil
350 5619 482 5691 impedlat
495 5637 538 5681 me
552 5639 667 5696 prorsus
679 5627 713 5683 ab
725 5628 794 5684 orbe
808 5631 896 5696 tuere,

1120 647 1223 713 Pugnat
1232 640 1412 697 inhumanum
1431 639 1477 696 bic
1492 640 1552 696 slne
1567 639 1620 695 dne
1635 653 1733 710 genus.

1083 730 1200 787 insidias
1214 730 1323 797 doctus,
1338 727 1459 796 fraudes,
1474 735 1604 798 artesque
1620 725 1749 794 nocendi,

1120 821 1221 890 Estque
1236 819 1422 891 magisterium
1437 831 1518 874 nosse
1533 831 1636 874 nocere
1650 831 1740 873 snum.

1083 907 1132 965 llle
1146 907 1289 965 vetustatis
1304 907 1401 965 didicit
1416 920 1597 977 quecumque
1612 919 1662 975 per
1674 919 1764 974 usum,

1120 999 1182 1054 ieri
1197 1003 1224 1052 et
1244 996 1291 1052 ubi
1304 995 1392 1052 uirtus
1410 1009 1466 1052 non
1486 995 1592 1051 ruitura
1612 1001 1713 1051 manet.

1084 1088 1181 1143 Nonne
1194 1085 1246 1142 lob
1262 1085 1380 1156 impetiit
1399 1083 1563 1151 maledictis,
1579 1084 1667 1152 caede,
1683 1084 1781 1152 ruinis,

1119 1176 1285 1234 Vulneribus
1299 1175 1397 1232 flueret
1412 1181 1487 1232 totus
1502 1180 1532 1231 ut
1546 1175 1575 1231 in
1589 1175 1715 1232 saniem?

1085 1267 1118 1324 m
1131 1265 1185 1322 nisi
1202 1272 1267 1321 tunc
1282 1265 1386 1340 animas
1401 1268 1506 1320 tantun
1526 1277 1636 1320 serrare
1652 1264 1767 1335 iuberes

1120 1354 1252 1411 Perderet
1268 1353 1341 1410 bunc
1356 1354 1431 1410 intus
1446 1360 1476 1409 ut
1491 1367 1540 1410 sua
1554 1367 1672 1424 quaeque
1687 1351 1764 1409 foris.

1084 1444 1163 1500 Unde
1178 1443 1228 1499 tibi
1243 1457 1331 1514 genus
1345 1447 1387 1498 est
1402 1441 1510 1510 natalis,
1527 1447 1553 1498 et
1569 1440 1643 1498 unde
1657 1441 1798 1498 secundus

1121 1534 1245 1605 llagnum
1260 1537 1368 1588 constat
1382 1532 1407 1588 ei
1423 1531 1602 1588 succubuisse
1616 1531 1710 1587 liavid.

1085 1621 1138 1679 Sed
1154 1629 1255 1690 umen,
1276 1626 1307 1676 ut
1321 1619 1405 1688 flevit,
1421 1619 1485 1676 lietu
1505 1619 1596 1676 scelus
1611 1632 1692 1675 omne
1707 1619 1837 1690 peremit,

1120 1710 1199 1766 Unde
1214 1710 1269 1766 ruit
1284 1709 1384 1776 dctus,
1400 1708 1489 1765 uictor
1503 1721 1536 1766 eo
1551 1707 1645 1764 rediit.

1054 1795 1134 1855 iillle
1148 1798 1322 1855 Salomonem
1336 1812 1386 1854 sua
1400 1811 1451 1854 nec
1466 1797 1601 1868 sapientia
1612 1797 1694 1868 iuvit,

1121 1889 1177 1944 Nec
1196 1887 1309 1943 summis
1323 1885 1423 1956 opibus
1436 1886 1530 1957 regius
1544 1891 1641 1943 auctus
1654 1885 1756 1951 honor,

1086 1977 1170 2044 Quem
1186 1976 1296 2046 penitus
1309 1974 1406 2031 strauit
1421 1975 1563 2030 consuetis
1576 1973 1720 2032 fraudibus
1733 1973 1841 2040 bostis;

1121 2066 1208 2121 Causa
1223 2063 1297 2135 quod
1314 2063 1367 2120 iste
1386 2065 1443 2120 ruit
1456 2062 1581 2134 improba
1596 2064 1704 2120 flamma
1721 2062 1782 2120 fuit.

1020 2165 1025 2176 ·
1086 2154 1108 2208 0
1122 2153 1231 2222 quoties
1249 2150 1348 2208 studiis
1362 2165 1377 2208 a
1392 2159 1419 2208 tc
1435 2158 1545 2222 pastore
1561 2152 1687 2224 malignis

1121 2241 1254 2297 Perderet
1272 2246 1302 2297 ut
1321 2244 1414 2312 captas
1428 2240 1587 2299 sollicitavit
1602 2255 1676 2298 oves.

1086 2331 1232 2401 0quotles
1246 2331 1360 2398 anirnas,
1376 2344 1445 2401 quas
1459 2329 1536 2386 curia
1551 2329 1624 2387 celsa
1639 2329 1775 2397 manebat,

1121 2421 1264 2476 Tartareas
1278 2434 1365 2491 usque
1380 2419 1564 2491 precipitabit
1578 2433 1674 2490 aquas.

1085 2509 1145 2568 Osi
1162 2521 1235 2566 nnnc
1255 2508 1346 2577 telios,
1361 2522 1419 2577 aer,
1438 2522 1524 2575 mare,
1540 2513 1606 2565 tuuc
1620 2507 1696 2579 quod
1710 2507 1840 2579 olympus

1122 2597 1218 2654 Posset
1232 2604 1262 2653 ut
1276 2595 1401 2653 infernus
1415 2597 1491 2654 solus
1503 2597 1619 2653 haberet
1633 2611 1704 2654 eum.

1085 2685 1256 2755 sulphureos
1270 2684 1376 2756 lapides
1390 2685 1418 2740 in
1438 2699 1519 2756 quam
1529 2684 1672 2756 jaculeris,
1692 2691 1720 2741 et
1734 2686 1814 2756 ignes

1121 2775 1207 2845 lmpia
1221 2773 1369 2831 Leviatban
1389 2775 1497 2831 mittere
1517 2774 1571 2830 tela
1585 2781 1656 2831 vcta.

1086 2864 1173 2934 liujus
1186 2869 1215 2920 et
1229 2861 1359 2920 infestant
1373 2864 1472 2934 capitis
1486 2863 1654 2934 nequissima
1667 2862 1799 2928 membra,

1122 2952 1176 3009 Sed
1191 2951 1334 3024 confringe
1349 2958 1441 3024 eaput,
1457 2952 1579 3009 membra
1593 2957 1707 3022 repenle
1722 2951 1835 3008 cadunt.

1084 3043 1143 3098 lam
1163 3040 1260 3098 dedice
1275 3055 1344 3112 puer
1363 3041 1479 3112 puerilia
1493 3042 1585 3110 rerba,
1602 3041 1712 3111 tuisque

1055 3130 1162 3194 oPoue
1180 3130 1291 3188 modum
1310 3132 1410 3202 nugis;
1431 3136 1478 3186 tua
1492 3135 1553 3186 uota
1572 3129 1683 3186 silentia
1701 3128 1783 3201 longa

1086 3221 1208 3276 Poscunt
1223 3239 1229 3275 ε
1250 3217 1293 3276 fae
1307 3218 1413 3275 silens:
1430 3217 1534 3275 nullum
1550 3218 1627 3275 dabit
1641 3217 1851 3275 emolumentum

1086 3309 1171 3380 copia
1185 3307 1296 3365 dicendi
1312 3322 1404 3364 rerum
1415 3308 1524 3378 jactura
1538 3312 1655 3364 tuarum.

1085 3398 1169 3468 Regis
1182 3397 1268 3454 babes
1281 3397 1410 3465 animum,
1428 3411 1479 3454 nec
1493 3398 1528 3453 ab
1543 3397 1670 3454 hostibus
1681 3403 1711 3452 ut
1724 3396 1845 3454 violeris.

1086 3488 1223 3544 llomcnto
1238 3487 1352 3558 pateris,
1368 3486 1419 3543 tibi
1431 3487 1488 3558 lus,
1504 3487 1689 3559 quodcunque
1704 3487 1798 3554 licere,

1086 3577 1116 3632 ln
1132 3577 1263 3646 tenebis,
1280 3577 1333 3634 boc
1348 3589 1427 3634 amor
1440 3575 1535 3644 eflicit,
1552 3577 1605 3633 boc
1620 3581 1741 3646 optatur,

1086 3664 1134 3721 llle
1149 3667 1188 3721 tui
1208 3665 1318 3722 nimius.
1334 3665 1405 3735 Quid
1420 3665 1493 3722 enim
1512 3666 1638 3722 mirabile
1651 3666 1729 3723 ducis

1086 3753 1175 3810 Edere
1194 3767 1277 3824 praua
1296 3754 1402 3822 malos;
1423 3753 1525 3811 inferre
1545 3755 1663 3826 maligna
1680 3753 1839 3825 malignos?

1085 3845 1168 3900 Estne
1182 3844 1243 3899 nari
1262 3844 1422 3915 quidquam,
1438 3844 1461 3900 si
1477 3843 1593 3900 callidus
1607 3843 1762 3911 insidiatur,

1084 3931 1177 3989 Hostis
1196 3933 1384 4003 prosequitur,
1399 3936 1482 3990 nocet
1496 3933 1690 3990 adversarius?
1707 3946 1741 3989 an
1761 3946 1817 3991 non

1084 4019 1170 4078 fillius
1188 4020 1312 4090 offendit,
1328 4035 1424 4079 servus
1441 4021 1590 4094 delinquit,
1606 4022 1711 4080 amicus

1084 4110 1218 4168 babituri
1231 4112 1350 4168 bumana
1365 4124 1476 4182 pravos,
1496 4117 1523 4169 et
1538 4111 1703 4183 perfidiosos

1083 4200 1148 4258 Fert
1165 4205 1285 4258 natura:
1302 4201 1368 4259 licet
1381 4207 1497 4270 metuas,
1513 4201 1627 4272 patiaris
1641 4207 1762 4272 eportet,

1083 4289 1161 4358 Quod
1176 4290 1275 4346 metuis
1290 4304 1422 4362 pugnare,
1442 4290 1494 4347 tibl
1513 4304 1635 4363 pugnare
1651 4304 1766 4348 necesse
1779 4296 1834 4348 est.

1084 4375 1189 4434 Felices
1202 4378 1263 4435 haee
1277 4391 1368 4450 pugna
1382 4379 1459 4447 citat,
1480 4379 1650 4451 miserosque
1665 4383 1806 4451 perurget.

990 4528 995 4537 ,
1047 4463 1248 4539 baggrenitur
1265 4481 1355 4541 reges,
1371 4475 1399 4525 ct
1412 4467 1508 4540 vulgus
1522 4469 1603 4526 inane
1618 4469 1738 4526 lacessit.

1082 4558 1231 4628 Exceptum
1252 4557 1356 4614 nullum
1374 4559 1488 4629 patitur,
1503 4558 1618 4616 victoria
1633 4560 1713 4616 litem

1084 4647 1160 4702 lianc
1178 4647 1299 4715 dirimet,
1314 4648 1423 4704 sedabit
1438 4654 1466 4704 et
1479 4648 1554 4705 bunc
1568 4663 1695 4720 suprema
1709 4648 1844 4706 furorem.

1082 4736 1121 4791 lle
1136 4736 1241 4805 timeas,
1258 4750 1292 4794 ne
1306 4735 1448 4805 formides,
1466 4751 1500 4794 ne
1515 4737 1598 4806 forte,
1614 4738 1689 4810 quod
1704 4739 1794 4795 absit!

1081 4825 1226 4895 besperes,
1244 4827 1357 4897 poteris,
1374 4827 1478 4897 poteris
1493 4841 1621 4898 reparare
1636 4827 1752 4884 salutem

1082 4915 1161 4985 Saepe
1181 4915 1345 4985 resistendo.
1361 4917 1420 4983 Quo
1434 4916 1537 4972 missile
1552 4916 1682 4986 quodque
1697 4915 1827 4986 repellas,

1081 5003 1177 5060 Robur
1190 5004 1276 5061 babes
1290 5004 1354 5062 fidei
1371 5024 1377 5060 :
1394 5004 1570 5061 tenebrarum
1585 5004 1683 5061 damna
1699 5005 1822 5075 pavescit

1081 5094 1163 5150 Lucis
1177 5093 1258 5163 lilius,
1274 5100 1322 5150 aut
1335 5101 1470 5150 nocturna
1487 5093 1619 5164 pericula,
1636 5096 1715 5165 eujus

1080 5184 1129 5240 Est
1143 5187 1222 5254 pater
1235 5183 1295 5253 ipse
1309 5182 1379 5251 dies,
1396 5196 1430 5238 an
1449 5183 1527 5254 signa
1542 5183 1684 5249 minantia,
1700 5182 1779 5253 cujus

1080 5273 1128 5329 Est
1147 5271 1202 5327 dux
1215 5271 1342 5328 inuictus.
1359 5271 1482 5340 confide,
1495 5271 1608 5341 iuvabo,
1625 5285 1677 5328 nee
1691 5285 1751 5328 esse

1080 5361 1185 5419 Plasma
1199 5373 1289 5419 meum
1304 5359 1424 5428 dubites,
1444 5349 1572 5418 manuum
1588 5360 1693 5418 lactura
1708 5373 1842 5430 mearum,

1079 5450 1164 5518 Quem
1179 5453 1255 5506 tanto
1275 5449 1376 5520 pretio,
1392 5463 1473 5520 quern
1488 5454 1565 5506 tanta
1579 5463 1670 5506 meree
1685 5448 1801 5506 redemi.

1078 5539 1147 5594 Num
1164 5538 1252 5609 patiar
1265 5539 1385 5609 perimit
1411 5538 1477 5610 quid
1496 5539 1569 5596 enlm
1588 5539 1748 5609 descensus,
1766 5543 1794 5606 et
1813 5545 1906 5606 onus,

1079 5627 1255 5700 Esuriesque,
1268 5628 1340 5698 sitis,
1357 5628 1503 5696 lacessere,
1519 5629 1597 5698 llere,
1613 5641 1723 5700 parere,
