4160 6196
197 353 229 408 31
765 367 902 422 JOANNIS
920 369 1126 425 nncdlurtsc.
1147 371 1314 427 nononis.
1844 373 1880 429 32

197 478 280 536 trium
303 487 456 554 temporum
482 486 607 557 exempla
630 487 668 544 ita
692 489 793 546 imitari
818 491 1195 564 praedieationensequitur,
1220 501 1248 551 et
1271 495 1353 552 dictis
1374 496 1512 567 precibus,
1540 497 1590 570 (33)
1614 497 1788 556 confessione
1808 499 1879 556 facta

199 573 226 622 et
249 581 333 638 opere
357 571 459 630 debere
484 574 660 646 designatur,
685 582 715 632 ut
738 591 833 634 novem
857 579 1017 650 angelorum
1058 597 1119 638 cum
1134 585 1263 653 precibus
1274 585 1313 641 ibi
1325 587 1536 656 pertinentibus,
1550 589 1679 643 oratioue·
1689 589 1812 659 subjecta
1828 589 1878 645 ho·

197 654 343 714 ordinibus
369 664 499 734 conjungi
529 679 691 732 mereamur,
716 670 746 721 ut
774 681 806 721 ex
834 667 915 724 nobis
938 670 1017 726 deci·
1058 685 1087 726 ra
1105 673 1285 744 compleatur.
1313 674 1374 747 (37)
1400 677 1490 731 Prima
1513 675 1588 732 finita
1608 677 1635 732 in
1655 678 1804 748 capitulum
1825 678 1879 734 fra·

171 785 177 802 .
197 755 258 800 mus
271 751 450 818 restauretur,
467 753 514 822 qui
539 753 639 809 divinis
661 753 861 810 incessabiliter
883 756 1016 815 inhaereat
1058 767 1114 817 tres
1137 765 1311 820 conveniant.
1340 765 1525 835 hfarlyroiogii
1550 765 1643 834 lectio,
1672 766 1787 837 legatur,
1816 765 1876 839 (38)

197 829 335 890 laudibus·
1057 863 1091 906 ne
1106 851 1197 920 aliqua
1212 853 1299 908 sancti
1315 851 1448 909 festivitas
1466 853 1493 908 in
1509 855 1630 911 crastino
1642 854 1807 911 celebranda
1834 847 1877 916 i2

234 919 289 991 (27)
304 925 357 980 Per
379 925 503 983 Officium
517 929 676 986 matutinale
691 931 838 988 recolimus
852 933 1014 1002 baptismum
1056 939 1228 1010 negligenter
1250 942 1402 997 omittatur.
1417 943 1514 1008 Versu,
1531 943 1651 998 Pretiosa
1666 948 1704 998 est
1721 944 1749 998 io
1767 959 1879 1015 conspe·

197 1007 287 1078 piebis
301 1013 470 1083 israeliticae,
486 1031 537 1086 per
556 1031 635 1087 quern
652 1025 746 1075 noster
767 1020 909 1090 fguratur,
925 1023 1015 1092 quiin
1056 1031 1099 1082 ete
1119 1029 1235 1094 Domini,
1255 1030 1340 1096 dicto,
1366 1030 1453 1086 beatae
1477 1032 1578 1097 ilariae,
1595 1039 1807 1102 sanctorumque
1832 1033 1878 1087 in·

185 1097 288 1168 ¹vigilie
311 1105 443 1160 matutina
467 1105 552 1161 Exodi
571 1105 660 1162 factus
681 1114 732 1174 est,
758 1108 821 1165 dum
846 1111 951 1166 necatis
975 1113 1015 1168 di·
1056 1117 1226 1173 tercessione
1250 1118 1396 1188 postulata,
1417 1125 1530 1189 tumque
1553 1121 1609 1175 Deo
1634 1120 1662 1176 in
1687 1134 1782 1176 eorum
1797 1121 1878 1177 auxi-

195 1185 258 1242 vina
280 1191 402 1257 potentia
424 1191 569 1260 hostibus,
593 1195 706 1251 rubrum
734 1211 808 1252 mare
836 1199 1014 1256 transiemnt.
1056 1203 1094 1260 iio
1114 1205 1251 1272 invocato,
1267 1207 1391 1264 oratione
1414 1208 1555 1264 Dominica
1574 1208 1721 1278 compieta,
1746 1222 1807 1264 cum
1832 1197 1883 1264 sa··l

196 1275 225 1328 in
241 1275 294 1332 hoc
318 1280 399 1334 etiam
419 1280 587 1337 Dominicam
606 1286 837 1342 resurrectionem
856 1289 1013 1357 recolimus,
1056 1293 1178 1350 cerdolis
1202 1295 1337 1363 oratione,
1360 1295 1398 1350 ibi
1424 1295 1544 1352 finiatur.
1569 1296 1635 1353 inde
1660 1295 1791 1354 recitetur
1817 1295 1877 1368 (39)

189 1377 276 1453 'quarn
290 1379 395 1423 summo
415 1368 536 1426 diluculo
559 1370 650 1442 angeli
674 1374 869 1432 nuntiaverunt
893 1378 1015 1434 mulieri·
1055 1380 1138 1437 lectio
1160 1383 1262 1454 reguiae
1286 1383 1464 1451 canonicalis,
1490 1382 1545 1455 (40)
1560 1399 1608 1440 seu
1623 1384 1780 1454 pastoralis,
1812 1383 1875 1457 (41)

194 1450 256 1506 bus.
280 1453 309 1508 in
334 1453 385 1510 hac
409 1456 477 1513 bora
500 1459 622 1529 quinque
645 1461 764 1531 psalmos
782 1464 818 1520 ad
837 1467 1014 1523 muniendum
1055 1470 1096 1525 vei
1111 1470 1228 1541 aiicujus
1242 1473 1375 1544 regularis
1389 1473 1463 1530 libri.
1483 1474 1587 1531 Deinde
1616 1474 1704 1546 cnipae
1719 1475 1880 1531 examinen-

194 1539 316 1611 quinque
339 1545 466 1613 corporis
489 1560 587 1604 sensus
610 1550 743 1606 canimus.
774 1553 839 1609 Post
861 1557 1015 1613 sacerdotis
1056 1563 1128 1614 tur:
1154 1561 1320 1616 examinatio
1339 1561 1538 1618 canonicaliter
1553 1567 1724 1618 exerceatur.
1753 1564 1818 1619 Post
1845 1561 1879 1618 ad

192 1625 287 1694 lectio,
312 1643 374 1698 quae
398 1633 546 1702 capitulum
568 1643 691 1705 vocatur,
713 1653 764 1695 nos
785 1641 813 1696 in
836 1642 910 1699 bono
930 1658 1015 1715 opere
1056 1646 1201 1702 ecclesiam
1224 1648 1349 1715 redeant,
1373 1655 1401 1705 et
1424 1651 1533 1705 missam
1558 1651 1744 1707 matutinalem
1769 1655 1878 1707 canant.

193 1728 369 1785 perseverare
392 1719 520 1779 hortatur
539 1744 545 1779 :
568 1725 613 1780 cui
638 1739 689 1782 nos
708 1727 870 1788 obedientes
884 1732 1014 1803 hymnum
1055 1736 1085 1790 in
1109 1750 1141 1792 ea
1164 1736 1207 1794 hae
1226 1738 1367 1794 orationes
1386 1738 1531 1795 dicantur:
1549 1739 1636 1808 prima
1655 1739 1784 1794 Fidelium
1797 1740 1878 1807 Deus,

126 1820 131 1826 ·
193 1803 309 1861 Domino
342 1821 513 1867 resonamus.
551 1805 592 1874 10
619 1816 703 1873 Versu
736 1833 847 1889 quoque
880 1822 1188 1892 excitati,Bsecunda,
1217 1826 1298 1891 Deos,
1327 1829 1372 1898 qui
1394 1827 1463 1882 ieter
1491 1827 1659 1898 apostolicos,
1689 1830 1780 1894 tertia,
1810 1828 1879 1884 Deus

193 1889 323 1962 hymnum
352 1897 489 1956 Zachariae
514 1903 700 1972 concinimus,
730 1908 758 1963 in
790 1922 845 1979 quo
872 1913 1016 1970 Dominum
1057 1914 1139 1969 venie
1160 1913 1280 1984 largitor,
1310 1921 1372 1984 post
1399 1922 1508 1971 caetere
1533 1931 1595 1986 que
1618 1915 1749 1972 fratribus
1770 1916 1881 1986 placue-

192 1992 244 2036 uos
257 1983 392 2053 visitasse,
409 1991 437 2042 et
460 1988 677 2060 redemptionem
702 2010 752 2065 per
774 1998 908 2055 Abrabam
935 2003 1016 2059 nobis
1057 2003 1123 2059 rint.

193 2071 355 2138 promissam
390 2076 592 2147 complevisse,
631 2082 814 2143 collaudando
844 2090 1014 2158 profitemur.
1092 2091 1176 2163 Signo
1199 2090 1339 2149 indicante
1362 2092 1453 2150 Tertia
1472 2095 1608 2149 cantetur.
1632 2092 1713 2148 iiissa
1736 2091 1791 2148 diei
1810 2091 1880 2147 hora

194 2158 279 2214 Versu
301 2159 434 2233 incoepto,
456 2167 533 2235 juxta
556 2170 630 2238 quod
654 2172 785 2230 Dominus
807 2177 892 2247 lioysi
911 2193 1017 2249 praece-
1056 2183 1152 2248 tertia,
1176 2188 1292 2252 excepto
1314 2182 1411 2252 jejunii
1437 2187 1579 2252 tempore,
1610 2181 1775 2238 celebretur.
1805 2181 1879 2236 liora

195 2246 236 2316 pit
259 2250 469 2328 (ficodxxxx),
493 2258 624 2314 sacerdos
647 2260 789 2319 incensum
817 2279 902 2336 super
929 2269 1015 2326 altare
1056 2272 1129 2326 enirn
1156 2271 1237 2327 tertie
1260 2269 1361 2342 linguis
1382 2270 1540 2327 iudaeorum
1565 2269 1713 2326 crucidxus
1736 2275 1777 2326 est
1800 2268 1881 2325 Chri·

193 2335 335 2409 adolebit;
365 2341 460 2411 sicque
489 2351 519 2401 ut
546 2347 574 2402 in
602 2350 739 2420 vesperis,
769 2354 919 2424 antiphona
946 2373 1014 2415 can·
1056 2363 1139 2415 stus:
1163 2358 1262 2430 jejunii
1278 2365 1402 2428 tempore
1426 2358 1494 2415 hora
1515 2371 1598 2425 nona,
1623 2359 1651 2413 in
1675 2371 1729 2428 qua
1751 2357 1877 2414 christus

192 2427 259 2492 tata,
271 2427 326 2502 (28)
341 2443 404 2485 curn
418 2434 544 2491 oratione
558 2436 709 2507 Dominica,
722 2446 750 2497 et
759 2444 899 2512 precibus,
913 2453 941 2502 et
955 2460 1016 2502 ora-
1055 2448 1146 2503 emisit
1160 2448 1298 2517 spiritum.
1323 2447 1404 2503 tiissa
1423 2460 1488 2503 vero
1504 2446 1559 2502 diei
1574 2447 1627 2503 hoc
1642 2446 1740 2502 ordine
1754 2445 1880 2501 celebre-

192 2514 268 2571 tioue
284 2516 387 2575 finitur.
413 2520 442 2576 in
465 2521 543 2580 festis
561 2539 626 2582 vero
641 2529 730 2585 oratio
745 2532 885 2589 Dominica
900 2541 928 2591 et
947 2550 1013 2606 pre·
1056 2541 1110 2592 tur.
1141 2538 1170 2591 in
1197 2537 1294 2592 Primis
1316 2536 1344 2591 in
1367 2534 1509 2591 ferialibus
1532 2534 1630 2590 diebus
1654 2534 1715 2591 duat
1739 2546 1879 2604 campanae

191 2616 239 2659 ces
252 2617 308 2661 non
327 2605 467 2665 dicuutur.
483 2613 541 2680 Quo
556 2614 633 2670 finito
649 2623 679 2672 ut
700 2619 728 2674 in
748 2622 856 2678 caeteris
870 2624 947 2681 horis
960 2603 1013 2682 Do-
1054 2625 1212 2695 puisentur,
1240 2623 1302 2697 (42)
1327 2625 1355 2680 iu
1379 2623 1457 2679 festis
1480 2636 1586 2680 omues.
1609 2623 1650 2678 id
1675 2621 1769 2679 Gloria
1791 2621 1877 2687 Patri,

191 2692 282 2750 minus
306 2693 488 2768 benedicitur,
513 2708 542 2757 et
564 2703 598 2758 ab
625 2707 752 2764 omnibus
765 2710 818 2765 sibi
833 2718 925 2782 grates
944 2714 1014 2771 refe-
1054 2713 1140 2770 choro
1162 2714 1305 2770 introitum
1329 2727 1344 2768 a
1368 2712 1449 2768 beeto
1472 2711 1620 2767 Coeiestino
1648 2711 1803 2767 institutum
1830 2724 1876 2766 ca-

191 2783 299 2839 runtur.
323 2785 403 2842 Aliud
427 2802 538 2862 quoque
562 2793 705 2863 mysticum
721 2797 793 2868 gerit
812 2799 866 2856 hoc
880 2799 1010 2859 oihcinm.
1053 2809 1147 2869 nente,
1162 2802 1293 2858 sacerdos
1308 2802 1336 2856 in
1348 2801 1488 2868 vestiario,
1514 2801 1663 2870 ceterique
1683 2800 1801 2858 ministri
1816 2811 1878 2856 san-

190 2867 243 2924 Per
264 2873 380 2941 priunum
405 2877 537 2946 psalmum
561 2882 697 2951 primitiva
720 2885 755 2942 de
773 2887 876 2946 ludaeis
889 2891 1011 2948 Ecclesia
1052 2891 1088 2944 tis
1108 2890 1230 2946 vestibus
1250 2891 1327 2959 juxta
1343 2888 1468 2945 ordinem
1494 2887 1653 2956 induantur,
1674 2889 1781 2946 scilicet
1803 2888 1880 2956 albe,

191 2955 368 3030 designatum
386 2978 435 3034 per
449 2969 599 3026 secundum
615 2972 649 3028 de
663 2975 808 3043 gentibus;
826 2991 875 3045 per
887 2980 1009 3044 tertium,
1052 2977 1123 3033 stole
1137 2986 1165 3033 et
1180 2977 1325 3033 dalmatica
1340 2977 1493 3034 diaconus:
1516 2977 1587 3040 alba,
1613 2984 1641 3034 et
1660 2979 1762 3046 tunica,
1779 2983 1806 3034 et
1818 2993 1878 3035 ma·

191 3046 235 3100 cui
259 3060 330 3104 unus
351 3052 472 3119 psalmus
490 3057 542 3110 sub
567 3071 620 3112 una
638 3059 724 3126 glorie
738 3062 877 3132 adjicitur,
893 3071 1009 3135 uterque
1051 3065 1147 3136 nipuio
1172 3065 1383 3122 subdiaconus:
1415 3058 1455 3127 13
1479 3066 1579 3136 reliqui
1604 3073 1709 3123 tantum
1724 3067 1804 3135 albis,
1820 3067 1877 3124 sci·

190 3134 318 3214 populus,
334 3139 446 3208 gentiiis
467 3148 494 3197 et
514 3143 637 3211 ludaeus,
658 3149 706 3216 qui
728 3149 756 3204 in
780 3149 833 3206 fine
848 3153 943 3210 mundi
959 3168 1011 3212 una
1022 3149 1044 3207 G
1054 3153 1120 3210 iicet
1144 3153 1200 3224 (43)
1214 3153 1269 3211 duo
1293 3154 1423 3226 acolythi,
1440 3167 1511 3210 unus
1526 3156 1574 3226 qui
1588 3161 1681 3212 cantet
1694 3156 1835 3228 graduale,
1850 3165 1878 3215 ct

188 3219 253 3289 ilde,
278 3237 331 3279 una
355 3224 415 3296 iege
439 3231 651 3302 compungentur.
676 3234 728 3291 Per
755 3243 901 3308 quartum,
931 3257 1012 3313 quem
1053 3241 1159 3299 deierat
1182 3241 1395 3309 candelabrum;
1425 3242 1495 3299 alter
1522 3244 1569 3315 qui
1592 3243 1726 3312 Alleluia,
1756 3251 1784 3301 et
1808 3245 1878 3302 ferat

189 3312 268 3379 pueri
289 3313 316 3368 in
340 3315 447 3372 camino
472 3319 579 3376 ardenti
599 3323 769 3392 cecinerunt,
785 3328 947 3386 Antichristi
964 3333 1012 3387 tri·
1054 3331 1233 3388 thuribulum.
1264 3331 1317 3404 (44)
1347 3333 1454 3388 Psalmo
1482 3332 1579 3396 dicto,
1612 3334 1762 3404 incipiente
1789 3335 1875 3392 choro

189 3399 304 3469 notatio,
330 3417 410 3473 quam
435 3411 552 3478 uterque
576 3424 626 3480 pro
650 3412 758 3471 Christo
783 3417 904 3487 patietur
921 3433 1011 3490 popu·
1054 3419 1146 3478 Gloria
1168 3419 1254 3486 Pulli,
1278 3421 1409 3477 sacerdos
1433 3421 1582 3492 coeterique
1598 3422 1715 3478 ministri
1735 3423 1775 3478 sic
1790 3423 1823 3480 ad
1839 3423 1878 3479 ai·

189 3487 243 3545 ¹¹¹⁵·
267 3491 320 3546 Pes
342 3497 399 3579 ²¹0?
422 3495 543 3575 pgalmqs
563 3499 692 3586 13144ᾳῆ
712 3503 760 3576 qgi
783 3505 921 3582 sibilie·
942 3507 1012 3566 ior-ia
1052 3513 1111 3566 tare
1146 3509 1307 3580 procedant.
1341 3511 1478 3566 Diaconos
1506 3511 1645 3580 precedat
1673 3512 1875 3582 presbyterum,

188 3579 407 3670 ⁰⁰¹¹Ji¹¹¹d¹1¹1¹iff2
421 3513 965 3677 mbilimsiunptpgepi'bafgm
984 3603 1012 3654 et
1053 3599 1239 3656 subdiaconus
1253 3599 1414 3670 precedens
1433 3599 1579 3656 diaconum
1602 3600 1671 3657 ferat
1690 3601 1875 3672 Evangeiium,

188 3669 246 3724 Noe
261 3655 454 3740 exprimu'nttf
465 3672 533 3730 dum·
541 3663 651 3733 chrisio
665 3657 696 3734 ‘in
716 3680 796 3737 leude
815 3689 843 3741 et
861 3685 948 3756 gloria
967 3702 1012 3744 re·
1054 3687 1115 3760 (45)
1131 3687 1314 3745 ceroferarius
1334 3703 1395 3744 cum
1411 3702 1492 3744 cereo
1512 3690 1652 3759 praecedet
1665 3689 1872 3757 subdiaconum,

187 3757 308 3826 gnatuvi,
326 3758 380 3826 (29)
405 3761 649 3848 Slessunvlseute,
666 3771 1012 3857 Pyladem-immunde}
1051 3777 1171 3848 portitor
1193 3777 1326 3834 thuribuli
1350 3775 1555 3835 ceroferarium.
1577 3780 1644 3835 Dum
1664 3792 1729 3850 ergo
1749 3785 1811 3836 ante
1832 3780 1876 3836 ai-

187 3832 656 3940 Primamssvgbi'gq'vl‘gotapqsfmofas
670 3857 761 3942 ligeth
779 3845 1012 3930 itissdieistfrstiei
1051 3871 1110 3921 tare
1133 3867 1268 3932 venerint,
1291 3865 1477 3922 subdiaconus
1499 3866 1673 3938 Evangeiium
1688 3871 1773 3938 ponat
1791 3882 1876 3938 super

187 3923 570 4008 congregemusisopum
592 3933 721 4016 r‘eiigiose
754 3939 782 4005 ti
815 3951 1008 4019 consistentes,
1051 3953 1177 4009 dextrum
1201 3966 1287 4009 cornu
1312 3952 1422 4020 altaris,
1456 3954 1503 4011 ubi
1527 3968 1614 4024 usque
1636 3954 1671 4010 ad
1696 3955 1873 4026 Evangeiium

187 4031 243 4074 non
267 4019 318 4077 hac
342 4029 389 4079 aut
413 4025 476 4081 illac
496 4042 526 4083 se
547 4042 696 4103 moventes,
712 4049 763 4094 nec
778 4037 859 4094 alicui
875 4039 1010 4097 confabu-
1051 4041 1181 4098 manebit.
1207 4043 1258 4097 Per
1282 4041 1368 4098 altare
1391 4042 1540 4098 ierusalem
1564 4041 1738 4113 designatur,
1764 4043 1792 4099 in
1819 4057 1874 4114 qua

187 4103 286 4174 lantes,
303 4122 392 4181 neque
416 4112 474 4169 bini
497 4116 588 4186 simui,
605 4120 658 4177 nisi
683 4126 904 4194 competentibus
921 4128 1008 4196 boris,
1050 4131 1085 4186 ab
1108 4131 1188 4187 initio
1212 4131 1346 4186 adventus
1368 4131 1476 4188 Domini
1500 4131 1656 4203 evangelica
1680 4131 1807 4189 doctrina
1830 4148 1875 4192 re-

88 4207 91 4218 “
187 4195 438 4271 sedentes,(31)01
460 4204 494 4261 ad
519 4206 611 4264 Gloria
629 4213 714 4281 Polli,
731 4213 765 4270 ad
784 4213 869 4271 altare
884 4231 913 4272 se
926 4217 1009 4273 incii·
1050 4220 1153 4286 sonuit,
1170 4224 1198 4275 et
1222 4218 1287 4275 inde
1311 4233 1397 4290 usque
1422 4220 1455 4276 ad
1476 4219 1615 4291 pubiicum
1635 4221 1730 4290 exivit,
1752 4227 1782 4279 ut
1802 4223 1875 4279 scri·

189 4285 281 4341 nando
295 4293 444 4360 vertentes,
467 4291 527 4366 (32)
554 4297 667 4354 chorum
689 4314 743 4357 uon
769 4310 876 4372 exeant,
893 4307 1010 4376 maiores
1051 4314 1127 4379 ptum
1143 4315 1211 4364 est:
1237 4309 1276 4365 De
1300 4309 1366 4366 Sion
1390 4309 1471 4366 exibit
1495 4309 1549 4378 lec,
1565 4315 1592 4406 θ’(
1606 4309 1710 4366 omium
1724 4311 1828 4367 Domini
1842 4312 1875 4367 de

187 4375 292 4446 absque
321 4377 429 4448 decani,
458 4384 579 4443 minores
605 4389 710 4462 absque
737 4392 848 4450 licentia
877 4397 1007 4452 cantoris.
1049 4397 1195 4454 immolem
1218 4399 1283 4470 (ise.
1311 4413 1341 4465 n,
1366 4396 1404 4465 3).
1430 4400 1529 4454 Postea
1552 4399 1738 4456 subdiaconus
1752 4399 1786 4454 ad
1801 4399 1872 4454 sini·

184 4463 235 4533 Qui
263 4472 352 4523 autem
381 4469 472 4542 legere
501 4480 663 4547 perrexerit,
693 4495 749 4539 non
775 4483 893 4540 medium
917 4482 1136 4554 chori,Dstram
1161 4486 1315 4543 sacerdotis
1337 4489 1477 4553 transeat,
1505 4487 1639 4544 diaconus
1666 4488 1700 4544 ad
1728 4486 1872 4556 dextram

186 4567 330 4627 quousque
345 4556 400 4631 (33)
415 4566 478 4618 ante
493 4569 521 4618 et
539 4569 613 4622 retro
633 4568 766 4638 inclinet,
792 4577 931 4640 transeat;
957 4588 1008 4631 nec
1050 4576 1097 4632 ubi
1125 4575 1299 4633 confessione
1329 4575 1445 4632 invicem
1473 4574 1554 4642 facta,
1585 4575 1641 4649 (43)
1670 4576 1817 4633 diaconum
1845 4583 1873 4633 et

186 4655 247 4699 cum
262 4648 390 4717 strepitu,
405 4651 454 4707 sed
484 4652 616 4711 decenter
629 4661 735 4729 pergat,
756 4665 786 4717 ut
803 4661 832 4717 in
852 4663 962 4720 incessu
981 4669 1009 4720 et
1049 4665 1246 4722 subdiaconum
1261 4664 1402 4721 osculetur
1416 4665 1565 4726 sacerdos:
1583 4665 1699 4735 primum
1711 4665 1873 4722 enimChri·

186 4729 282 4787 babitu
296 4749 391 4793 eorum
407 4741 504 4813 religio
523 4757 633 4815 semper
655 4756 795 4818 appareat.
820 4752 870 4819 Qui
886 4766 951 4809 vero
974 4768 1008 4810 ex
1048 4759 1108 4811 stus
1131 4769 1225 4826 pacem
1245 4754 1379 4824 apostolis
1402 4753 1489 4820 dedit,
1505 4768 1555 4824 per
1569 4768 1618 4811 eos
1631 4754 1693 4811 orbi
1707 4753 1868 4810 transmisit.

187 4830 241 4873 nna
266 4829 343 4889 parte
369 4825 402 4880 ad
431 4829 543 4888 aiteram
571 4847 676 4890 summa
704 4837 814 4907 quidem
844 4842 1007 4898 necessitate
1049 4846 1168 4914 Postque
1192 4843 1245 4914 (47)
1268 4843 1399 4900 sacerdos
1422 4843 1571 4912 caeterique
1596 4843 1713 4899 ministri
1733 4849 1808 4898 retro
1823 4855 1887 4898 co-.

187 4903 262 4973 ierit,
279 4913 343 4964 ante
358 4918 546 4979 tantummodo
560 4927 636 4980 stans
654 4925 765 4995 quidem
790 4937 948 4987 reverenter
965 4931 1007 4986 in·
1048 4947 1105 4989 ram
1120 4933 1199 4990 altari
1214 4932 1334 4988 breviter
1348 4936 1429 4988 orent
1443 4937 1548 4986 stantes
1562 4931 1661 4987 ordine
1679 4946 1740 4989 suo.
1766 4931 1869 4989 Deinde

185 4993 280 5053 clinet.
305 4997 427 5054 Violator
450 5003 531 5074 hujus
553 5015 689 5083 propositi
713 5014 842 5086 legitimae
866 5020 1007 5092 sublaceat
1048 5023 1165 5093 primum
1180 5022 1214 5077 ab
1229 5022 1355 5078 oratione
1369 5032 1486 5090 surgens
1510 5020 1654 5076 inclinanti
1679 5021 1731 5076 sibi
1754 5019 1871 5076 inclinet

186 5087 366 5158 correptioni.
389 5089 495 5159 Hymno
519 5096 593 5155 dicto
609 5104 704 5171 psalmi
721 5117 782 5161 curn
797 5107 948 5178 antiphona
972 5110 1006 5167 ad
1048 5111 1176 5178 diacono,
1200 5111 1333 5166 diaconus
1357 5108 1500 5164 inclinanti
1524 5108 1705 5176 subdiacono,
1726 5109 1873 5168 subdiaco·

184 5187 234 5230 0⁰⁵
259 5179 414 5246 Pertinentc
438 5179 583 5241 dicantur:
609 5199 669 5258 post
685 5207 756 5263 quos
776 5195 927 5268 Dulcemque
941 5198 1005 5265 nab,
1047 5215 1099 5258 nus
1124 5198 1267 5256 inclinanti
1291 5197 1343 5253 sibi
1368 5196 1464 5253 choro.
1498 5190 1542 5259 14
1564 5199 1702 5256 Diaconus
1719 5213 1785 5256 vero
1809 5206 1873 5271 post

185 5278 247 5320 cum
262 5267 411 5337 antiphona
426 5275 529 5329 sancte
543 5272 682 5335 Trinitatis
696 5288 832 5353 cantetur,
850 5285 900 5357 (34)
923 5302 1007 5344 exce-
1048 5290 1255 5347 inclinationem
1284 5293 1400 5356 utraque
1429 5286 1524 5345 aitaris
1553 5303 1657 5346 cornua
1685 5287 1869 5358 deosculans,

184 5354 241 5426 ptis
263 5354 361 5412 diebus
388 5359 543 5418 Natiuitatis
569 5363 677 5422 Domini
706 5384 793 5444 usque
821 5374 855 5431 ad
884 5382 1006 5433 octavam
1046 5377 1184 5436 sacerdoti
1203 5376 1322 5432 medium
1336 5376 1430 5432 aitaris
1446 5378 1582 5434 osculanti
1590 5376 1775 5464 'Evangeiium
1791 5392 1872 5435 oscu·
1925 5425 1927 5429 ,

185 5442 357 5515 Epiphaniae,
374 5453 402 5502 Pl
415 5448 514 5506 diebus
533 5451 720 5512 pentecostes.
738 5458 799 5533 (35)
815 5463 1006 5535 subsequente
1047 5467 1158 5524 landum
1186 5463 1308 5529 offerat:
1329 5465 1470 5536 evangelio
1494 5467 1567 5522 enirn
1591 5466 1717 5522 Christus
1742 5467 1871 5537 praevari·

185 5532 306 5604 oapituio
320 5535 429 5592 Donvine
447 5540 579 5612 miserere,
595 5543 623 5599 in
646 5542 789 5606 ferialibus
803 5552 910 5622 diebus,
927 5553 1006 5612 festi·
1048 5555 1165 5612 cationis
1178 5551 1391 5625 chirographum
1406 5554 1512 5622 delens,
1528 5567 1623 5625 pacem
1650 5553 1754 5612 mundo
1772 5554 1869 5611 dedit.-

186 5620 228 5676 V¹⁸
249 5625 340 5679 ”iiim
363 5625 431 5694 ⁸005
451 5629 615 5700 occulorum,
631 5637 837 5705 responsorium
851 5655 913 5699 cnm
927 5657 1006 5702 versu
1048 5645 1127 5714 cujus
1158 5643 1334 5713 preconibus
1365 5650 1511 5714 utrumque
1544 5642 1687 5714 populum,
1724 5642 1867 5700 ludvicum
