4106 6178
230 299 298 356 1247
785 304 931 360 annuant
950 301 1171 360 stnnndtnattt
1189 303 1346 360 anchise.
1843 290 1912 346 12⁴8

228 425 317 484 Prima
332 441 413 486 soror
427 428 534 497 faelem,
551 429 615 487 fidei
634 441 714 500 quam
732 429 843 485 nomine
859 429 956 486 dieunt
1059 429 1160 490 hcum
1175 427 1272 498 procul
1292 426 1430 498 indiguas,
1450 427 1568 480 armatas
1586 423 1669 479 ltarte
1687 426 1821 485 catervas,

229 517 287 573 iloc
301 523 337 584 te,
354 531 388 574 ne
402 517 525 586 landant,
541 532 603 589 quar
618 521 682 573 sunt
701 515 799 572 infesta
811 516 926 588 jurabit.
1090 517 1255 586 starejubet
1269 515 1408 587 quondam
1418 513 1452 570 de
1468 512 1531 569 eceli
1547 510 1665 568 culmine
1682 511 1783 580 jactus,

229 605 321 664 1111111
340 607 801 680 1111111111·1111111111111111,
822 605 909 663 affert.
1091 605 1264 677 insidiasque
1280 613 1367 677 parat,
1387 603 1498 660 fraudes
1509 603 1614 673 petiere
1629 601 1747 670 priores.

229 697 294 764 Qnae
310 702 404 767 sperat
422 705 528 753 secreta
546 697 605 763 hei,
626 696 783 767 celsamque
798 696 924 764 salutem,
1093 695 1228 752 insultans
1241 702 1329 763 tenso,
1341 694 1390 751 sed
1405 691 1598 749 cavitvulnera
1612 688 1669 746 telo

231 786 323 843 Tertia
337 786 385 843 dat
399 793 485 844 totum
501 801 563 858 qnae
577 787 664 857 possit
683 787 795 860 cingere
810 801 912 859 corpus
1091 783 1234 842 christifer
1248 785 1361 852 athleta,
1377 797 1428 839 nec
1443 782 1537 837 lfartis
1553 779 1625 836 ferre
1644 778 1765 834 furorem

230 877 355 933 Loricam
371 875 448 932 multi
468 889 548 946 quam
570 881 684 933 nectunt
703 875 802 933 ordine
816 876 910 946 cycli:
1092 875 1218 944 disjectae
1238 882 1351 944 potuere
1371 873 1454 939 acies,
1471 871 1541 942 fugit
1552 869 1642 926 omnis
1661 865 1823 928 inumbras,

230 966 296 1022 ilaec
316 970 368 1031 est,
385 979 446 1035 qnae
463 965 621 1021 innumeras
631 966 722 1036 jungit
741 965 853 1022 dilectio
868 965 976 1022 mentis.
1092 966 1293 1034 aspectumque
1313 967 1392 1034 pavet
1406 961 1517 1032 pugilis,
1534 959 1674 1028 telumque
1689 962 1807 1012 caterva.

230 1055 331 1123 Quarta
345 1053 423 1110 dedit
436 1053 563 1110 stabilem
574 1053 642 1124 justi
656 1054 754 1111 vestita
772 1053 873 1110 decore
1094 1052 1159 1110 lude
1179 1059 1355 1109 cruentorum
1375 1060 1436 1108 trus
1458 1050 1498 1106 illi
1518 1050 1669 1119 opponitur
1686 1057 1782 1116 agmen

229 1143 390 1212 1111111111,
406 1141 560 1214 femorique
576 1143 648 1211 tulit,
664 1145 712 1214 qui
725 1150 861 1216 congruat
875 1157 979 1200 ensem.
1092 1142 1265 1210 carnificum,
1285 1157 1353 1214 gens
1369 1142 1428 1198 haec
1447 1139 1573 1210 sequitur
1591 1135 1689 1193 vexilla
1708 1134 1828 1205 tyranni.

230 1232 312 1303 Virgo
328 1233 428 1303 pudiea
443 1247 493 1290 suo
508 1237 619 1306 gestans
633 1239 749 1305 cognata
764 1233 864 1304 pudori
1093 1232 1142 1289 His
1161 1238 1359 1288 tormentorum
1378 1231 1450 1286 varia
1470 1226 1651 1286 committitur
1668 1229 1726 1280 arte

230 1322 359 1393 Tegmina
374 1326 447 1379 tenta
463 1321 550 1391 dedit,
568 1322 651 1379 telum
667 1322 813 1392 prudentia
832 1322 942 1392 triplex.
1093 1323 1122 1377 ln
1142 1323 1269 1392 invenem
1289 1321 1385 1378 saevire
1406 1334 1524 1386 sacrum,
1545 1317 1621 1388 cupit
1643 1313 1771 1371 omnibus
1790 1325 1862 1366 unns

229 1413 368 1481 sacraque
382 1411 425 1468 lex
442 1412 562 1483 pugilem
582 1411 646 1468 forti
662 1413 809 1482 premente
824 1413 851 1467 in
871 1426 947 1468 arcu.
1093 1411 1212 1482 Opponi,
1234 1409 1352 1466 celerem
1370 1409 1502 1480 scitaque
1521 1406 1631 1462 innixus
1649 1403 1748 1474 agebat

229 1499 308 1556 Unde
327 1506 410 1569 queat
422 1499 520 1556 validis
537 1501 633 1557 hostes
648 1507 794 1572 penetrare
809 1501 927 1572 sagittis.
1094 1498 1302 1570 Quadrupedem
1320 1499 1438 1570 geminis
1456 1497 1528 1553 idem
1549 1494 1702 1551 calcarihus
1720 1503 1832 1562 umens,

228 1589 487 1659 cruribusaptatur
500 1604 582 1660 quam
598 1590 714 1661 protulit
728 1604 811 1647 orrea
830 1589 942 1660 duplex.
1095 1592 1281 1660 immotusque
1300 1601 1366 1644 suos
1384 1587 1417 1643 ad
1436 1587 1549 1642 uulnera
1568 1582 1689 1640 concitat
1707 1581 1812 1636 hostes.

231 1678 313 1750 Virgo
328 1678 449 1747 humilis,
465 1678 638 1750 pedibusque
654 1678 730 1735 dedit
745 1679 861 1736 calcaria
880 1679 963 1736 binis.
1095 1680 1183 1736 Turba
1201 1677 1265 1735 ferit
1284 1677 1415 1749 pugilem,
1438 1682 1465 1732 et
1484 1675 1586 1731 feriens
1604 1671 1690 1743 magis
1708 1669 1773 1726 inde
1790 1666 1917 1724 ferimur.

230 1767 300 1823 ilinc
324 1780 410 1835 amor,
425 1768 489 1825 inde
511 1768 603 1836 timor,
620 1770 753 1825 domitum
768 1769 815 1840 qui
837 1769 927 1826 subsit
940 1766 1162 1825 habenisBPins
1179 1767 1316 1837 siquidem
1335 1765 1441 1822 validus
1469 1769 1577 1836 poterat
1596 1762 1715 1818 tolerare
1736 1757 1882 1820 malorum,

231 1856 370 1913 Sobrietas
389 1857 531 1913 sternebat
546 1872 656 1929 equum.
668 1859 802 1914 Patientia
817 1858 912 1915 sellam
1094 1861 1179 1926 Quam
1199 1869 1294 1912 manus
1313 1854 1428 1912 inferret
1446 1853 1547 1910 Christi
1567 1863 1717 1908 succensus
1734 1859 1839 1910 amore,

231 1943 339 2001 attulit.
356 1949 458 2001 httrato
475 1945 641 2017 prefulgens
654 1947 774 2017 tegmine
789 1946 909 2014 tandem,
1095 1951 1213 2016 Quemne
1235 1951 1332 2016 putant
1350 1944 1433 2010 vinci,
1454 1942 1578 1999 sublatus
1595 1941 1629 1997 ad
1650 1939 1754 1996 aethera
1771 1936 1868 2001 uincit,

230 2032 308 2101 Quod
324 2047 373 2089 rex
387 2034 552 2102 contuierat,
568 2034 698 2092 adversos
717 2036 846 2106 queritat
860 2036 964 2103 hostes,
1094 2037 1191 2092 Obviat
1209 2034 1334 2091 articulis
1361 2032 1548 2090 circumdatus
1569 2031 1691 2099 undique
1715 2026 1813 2083 turmis

231 2124 266 2177 Et
284 2122 398 2178 vincens
417 2122 473 2179 exit
487 2136 543 2192 quo
557 2124 692 2191 uinceret,
714 2124 779 2180 inde
794 2125 921 2194 superbae
1095 2125 1236 2195 Princeps,
1249 2123 1296 2194 qul
1317 2122 1438 2194 pugilem
1453 2119 1590 2193 quondam
1610 2117 1754 2175 fulciverat
1772 2115 1866 2178 armis,

232 2211 310 2266 Stant
324 2211 407 2278 acies,
428 2219 480 2266 stat
502 2217 528 2267 et
548 2212 608 2282 ipse
624 2213 728 2268 micans
751 2211 910 2270 caelestibus
925 2213 1018 2269 armis.
1095 2215 1145 2282 Qui
1166 2213 1239 2270 bello
1254 2212 1358 2284 fulgere
1374 2210 1461 2277 dedit,
1486 2209 1666 2278 manibusque
1683 2209 1809 2277 juramen

232 2301 322 2356 Prima
337 2300 422 2357 aciem
436 2302 512 2371 juxta
528 2303 613 2358 mouit
631 2315 706 2371 caro,
723 2302 797 2358 nulla
812 2303 932 2360 minatur
1096 2303 1206 2371 Attulit,
1223 2309 1327 2358 aeterno
1347 2299 1516 2357 concludens
1534 2310 1648 2353 munere
1672 2293 1799 2366 palmam.

231 2387 360 2457 Vulnera,
379 2404 432 2444 troo
449 2397 542 2446 torvos
556 2390 728 2447 demonstrat
742 2393 771 2448 in
787 2394 894 2463 agmine
913 2393 1012 2460 uultus,
1096 2394 1152 2449 Nos
1172 2392 1262 2447 trahat
1280 2392 1335 2447 hoc
1354 2389 1507 2460 speculum,
1529 2401 1580 2442 nos
1609 2385 1727 2440 instruat
1755 2383 1808 2437 ista
1830 2380 1919 2436 virilis

233 2477 349 2534 Lubrica
364 2477 413 2534 sed
429 2476 529 2547 placidi
544 2479 665 2548 speeiem
685 2481 818 2536 mentitur
831 2481 943 2538 amoris.
1096 2481 1231 2538 Nobilitas
1259 2479 1353 2535 animi.
1373 2479 1453 2534 Visus
1479 2475 1593 2531 sufferre
1613 2473 1734 2528 laborem
1758 2477 1809 2526 est.

232 2566 330 2623 Oscula
345 2564 472 2632 lethifero
489 2567 558 2623 daus
571 2567 701 2625 inviscata
717 2583 833 2637 veneno,
1097 2575 1247 2644 lugentem,
1263 2567 1388 2624 succedit
1406 2568 1432 2623 ei
1447 2565 1623 2638 praestantior
1642 2561 1689 2617 illa

232 2655 421 2725 arridensque
438 2662 516 2726 parat
530 2657 622 2713 fletum
638 2663 807 2729 cannasque
821 2658 955 2716 dolorem.
1097 2665 1189 2732 Longa
1204 2660 1293 2731 quies,
1313 2658 1395 2714 vitam
1414 2656 1478 2713 dunt
1493 2654 1612 2726 perdere
1627 2650 1749 2707 creditur
1763 2647 1815 2714 iili,

233 2743 350 2800 Pulchra
364 2744 443 2801 affert
457 2745 546 2803 oculis
559 2747 676 2804 animam
692 2748 880 2819 praedantibus
894 2763 984 2818 aures,
1100 2752 1159 2806 Vita
1178 2754 1270 2806 manet
1285 2746 1378 2803 nullus
1392 2759 1474 2816 quam
1489 2743 1577 2814 possit
1591 2740 1720 2797 claudere
1739 2736 1811 2792 tinis.

231 2833 386 2891 bulcisonis
401 2834 510 2904 pulsare
525 2835 615 2893 modis
629 2837 746 2894 molitur
761 2838 877 2895 inertem
1100 2842 1186 2896 Parva
1201 2836 1275 2909 pugil
1291 2836 1355 2892 dum
1371 2838 1443 2892 tecta
1457 2833 1552 2899 abicit,
1569 2831 1651 2886 datur
1668 2827 1723 2884 alta
1736 2837 1864 2896 supernae

232 2923 302 2979 ilinc
316 2922 437 2981 reddens
450 2924 582 2992 animum,
602 2939 684 2983 nares
699 2925 837 2984 demulcet
852 2927 938 2985 odore
1098 2929 1166 2987 1111
1181 2929 1289 2994 domus,
1305 2924 1395 2997 fragili
1414 2924 1478 2995 qnia
1493 2920 1604 2978 sustulit
1618 2920 1646 2974 in
1656 2917 1710 2973 vite
1725 2915 1829 2986 plagas,

232 3011 403 3080 liultimodo,
423 3019 588 3084 gestumque
601 3015 687 3072 trahit
701 3017 775 3073 varia
790 3023 849 3073 arte
864 3031 1003 3088 saporum,
1100 3017 1270 3082 Pectinihns,
1292 3014 1439 3086 flagrisque
1454 3013 1524 3084 rogi,
1535 3025 1584 3067 seu
1603 3005 1723 3064 carceris
1739 3009 1830 3068 111111,

235 3091 324 3170 inque
337 3101 408 3157 cibis
426 3102 552 3158 firmenta
567 3109 657 3170 novat,
674 3102 742 3160 dans
761 3105 854 3162 mollia
869 3110 970 3162 11111111
1067 3105 1242 3177 sslnsuperis
1256 3103 1356 3175 recipit
1375 3101 1533 3173 superantia
1552 3111 1665 3155 munera
1679 3095 1776 3150 victor.

233 3188 336 3255 11111111,
352 3188 418 3244 hine
433 3189 558 3246 miseram
574 3190 747 3250 confundens
760 3194 875 3250 crimine
891 3199 1019 3251 mentem.
1098 3195 1216 3254 Transiit
1230 3191 1421 3265 opprobrium,
1442 3194 1580 3247 transacta
1602 3193 1645 3244 est
1663 3197 1754 3257 poena,
1775 3181 1921 3249 laborque,

234 3280 295 3336 0te
309 3275 430 3345 felicem,
447 3292 509 3347 qnae
529 3283 620 3337 111111
638 3280 738 3338 viceris
750 3282 863 3338 hostes!
1098 3285 1151 3343 sed
1166 3297 1221 3341 non
1241 3295 1337 3338 casura
1351 3279 1435 3337 modo
1449 3278 1593 3352 gaudetis
1608 3275 1710 3333 aethere
1719 3265 1829 3342 palma.

235 3368 311 3422 11111
325 3366 373 3423 ubi
389 3368 526 3436 persensit
537 3369 646 3439 juvenis
661 3369 729 3426 elam
745 3372 842 3427 sistere
857 3371 970 3439 bellum,
1099 3375 1185 3445 Hujus
1204 3372 1286 3429 chara
1302 3369 1431 3441 phalanx,
1451 3367 1550 3424 validis
1572 3366 1595 3421 si
1610 3364 1754 3421 innitimur
1772 3359 1865 3424 armis,

233 3457 293 3512 Non
309 3455 372 3512 tulit
392 3456 529 3528 ingenuos
543 3471 636 3514 seeum
651 3459 768 3517 miseere
783 3459 912 3528 lacertos,
1098 3461 1203 3520 sectari
1222 3462 1245 3517 si
1265 3465 1340 3531 gesta
1357 3461 1443 3529 juvat,
1459 3457 1482 3513 si
1498 3469 1625 3526 compare
1637 3465 1734 3525 gressu

234 3543 442 3614 blanditiasque
462 3544 537 3618 pugil
553 3546 707 3619 dedignans
720 3550 824 3620 sprevit
839 3549 957 3621 iniquas.
1098 3549 1219 3609 Hostiles
1233 3549 1262 3604 in
1278 3550 1362 3605 111111
1378 3559 1474 3603 manns
1487 3557 1619 3615 superare
1639 3542 1794 3613 placetque,

235 3633 280 3690 Sic
295 3632 404 3706 fugiens
417 3635 493 3703 uicit,
510 3648 572 3692 nam
587 3638 628 3694 sie
645 3635 747 3710 fugisse
761 3639 893 3696 decorum
908 3647 958 3695 est.
1096 3641 1148 3710 Qui
1163 3637 1260 3711 pugili,
1272 3642 1300 3694 et
1314 3636 1430 3707 palmam
1450 3634 1526 3692 dedit
1540 3633 1598 3700 ille,
1614 3639 1642 3688 et
1656 3636 1750 3688 nostra
1762 3626 1868 3698 juvabit

233 3721 362 3781 Calcihus
376 3728 455 3794 urget
473 3739 584 3795 equum,
607 3725 764 3797 rigidasque
788 3728 905 3799 imponit
924 3727 1056 3784 habenas.
1097 3732 1224 3796 Pectora,
1241 3729 1381 3798 prostrato
1396 3724 1503 3782 donans
1517 3737 1551 3779 ex
1564 3720 1644 3779 hoste
1663 3719 1802 3776 decorem.

235 3811 351 3868 blundus
364 3812 443 3870 adest
458 3819 564 3882 contra,
581 3814 739 3886 trinumque
763 3816 933 3887 praeordinat
947 3830 1055 3888 agmen.
1099 3821 1231 3890 impetret
1246 3815 1300 3872 hoc
1316 3814 1375 3871 fusa
1393 3813 1476 3871 nohis
1487 3823 1569 3884 prece
1583 3811 1674 3867 victor
1685 3808 1720 3865 ab
1734 3806 1800 3862 alto.

235 3901 364 3958 Errorum
378 3902 513 3972 praeeedit
528 3917 608 3971 onus,
629 3918 692 3961 nam
706 3904 767 3962 dira
782 3907 906 3977 tyrannis
1456 3903 1560 3959 XXXII·

233 3988 370 4046 arbitrata
386 3993 481 4060 boum,
497 3992 571 4063 quod
594 3994 674 4050 fictos
689 3994 773 4051 fictile
787 3995 913 4066 sculpsit,
1222 3995 1318 4068 incipit
1333 3993 1385 4050 odo
1399 3991 1542 4048 1111111111
1555 3987 1679 4046 aeddan
1689 3986 1794 4045 Christi

234 4077 344 4148 Spicula
362 4079 489 4137 falsidico
504 4082 615 4139 lethalia
628 4091 767 4154 sparserat
781 4098 830 4142 ore
1168 4083 1237 4153 Quid
1257 4089 1335 4140 stas?
1349 4083 1407 4139 otio
1422 4079 1489 4152 quid
1504 4077 1580 4151 pugil
1595 4079 1707 4135 haerest

233 4167 337 4224 lctibus
355 4169 472 4240 opponit
484 4169 621 4241 clypeum,
635 4172 756 4242 vicitque
770 4172 930 4244 superbum.
1170 4173 1236 4230 Belli
1256 4177 1365 4230 moueat
1379 4170 1500 4229 fervidus
1513 4169 1624 4226 horror.

234 4258 304 4314 11111
322 4257 398 4315 aliud
413 4259 499 4330 pugili
509 4260 674 4318 vincendum
689 4262 839 4332 opponitur
853 4275 949 4335 agmen
1167 4262 1245 4331 Quod
1261 4263 1285 4318 si
1304 4260 1427 4318 retrahat
1440 4258 1536 4316 frivola
1550 4259 1647 4324 virtus,

234 4349 324 4404 Varius
336 4339 423 4416 amor,
440 4364 495 4420 quo
508 4349 623 4421 pulchra
639 4351 748 4420 domus,
760 4365 848 4424 quove
868 4366 937 4409 uxor
951 4358 1057 4409 amatur
1170 4352 1209 4407 En
1228 4349 1359 4407 auxilium
1372 4349 1485 4406 dextera
1499 4347 1601 4404 Christi

233 4438 292 4505 Quo
306 4437 419 4496 soboles
432 4439 531 4508 duleis,
549 4453 604 4510 quo
628 4440 775 4511 pulchrum
795 4442 932 4512 quaeritur
947 4447 1088 4512 aurum,D
1167 4443 1284 4497 Praestat
1298 4439 1408 4511 fragiles
1424 4443 1537 4509 portans
1552 4437 1691 4492 humeros.

233 4528 342 4597 istaque
356 4527 461 4584 coelesti
480 4529 560 4585 miles
574 4530 722 4599 superabat
737 4542 840 4587 amore.
1168 4528 1282 4586 intende
1297 4528 1376 4585 ducis
1390 4540 1471 4598 quam
1486 4539 1554 4596 cape
1568 4523 1690 4581 formam.

232 4615 333 4672 Obvius
347 4615 453 4672 interea
469 4617 609 4674 robustam
623 4618 777 4690 impingere
792 4625 922 4688 mentem,
1168 4618 1314 4690 Exemplar
1332 4618 1385 4675 erit
1399 4617 1453 4673 vita
1472 4616 1633 4688 proborum.

232 4707 294 4775 lpse
307 4706 390 4762 timor
404 4705 479 4762 saecli
495 4707 629 4774 tentabat,
642 4707 749 4764 casside
764 4706 860 4776 fortes,
1168 4707 1284 4764 Dabitur
1297 4705 1362 4764 forti
1377 4704 1449 4762 fulva
1463 4717 1576 4762 corona.

232 4793 365 4864 Reppulit
378 4794 522 4864 impulsus,
539 4795 602 4852 dum
620 4796 694 4852 nulla
708 4795 816 4853 infensa
833 4796 966 4855 maiorum
1169 4796 1319 4854 1111111111
1336 4802 1363 4853 11
1383 4801 1509 4867 protegat
1523 4800 1598 4862 ante,

233 4885 280 4941 vis
297 4883 388 4955 potuit
407 4889 525 4941 mentem
539 4889 716 4954 prosternere
731 4885 826 4942 militis
838 4887 911 4943 almi.
1169 4887 1202 4943 nt
1214 4886 1321 4958 justitia
1340 4890 1450 4957 postera
1465 4898 1566 4956 purges

233 4973 292 5042 llle,
312 4972 412 5044 inquit,
428 4972 538 5040 manda,
558 4974 639 5030 Pater
657 4974 772 5046 inclyte,
788 4976 871 5033 verba
885 4982 1001 5047 tyranno
1167 4979 1206 5034 11
1224 4989 1259 5033 ne
1278 4981 1394 5043 tumeas,
1414 4979 1505 5031 temne
1524 4972 1655 5030 secunda.

232 5066 385 5133 opponam.
406 5063 488 5120 lubet
503 5061 550 5118 ille
569 5062 669 5132 libens,
690 5077 753 5134 qnae
767 5066 850 5122 rerba
869 5071 984 5137 tyranne
1168 5067 1274 5123 Lanam
1293 5066 1382 5123 retine
1401 5065 1503 5121 robore
1516 5062 1607 5119 fortis.

233 5150 340 5219 infelix,
356 5166 418 5222 quae
433 5152 517 5208 verba
536 5151 645 5209 refersi
663 5166 713 5209 cur
726 5166 804 5210 sacra
819 5157 913 5226 negari
1168 5153 1270 5212 Summi
1294 5154 1387 5224 capias
1402 5155 1477 5224 jussa
1501 5151 1634 5224 magistri.

233 5239 332 5296 Nostra
348 5241 451 5311 jubeat
464 5255 518 5308 me,
535 5255 578 5298 me
597 5240 689 5300 credis
708 5255 854 5313 pavescere
869 5244 984 5311 vultum,
1168 5245 1282 5300 Semant
1301 5241 1435 5316 fragilem,
1456 5241 1479 5297 si
1498 5241 1569 5298 hene
1586 5253 1687 5297 servas.

232 5329 418 5401 fermresque
433 5339 513 5401 putas
527 5331 646 5388 animum
666 5331 776 5401 pulsare
790 5334 933 5390 minaces?
1168 5335 1299 5390 Sermone
1319 5345 1399 5389 sacro
1415 5331 1549 5387 sternitur
1567 5329 1664 5387 hostis.

234 5414 299 5471 Plus
313 5423 339 5472 tc
353 5419 490 5489 torquebo
509 5422 532 5477 si
548 5428 688 5492 torqueas,
712 5420 827 5492 ipsaque
845 5436 939 5492 poenas
1168 5423 1267 5480 Essem
1287 5422 1380 5494 capias
1398 5421 1472 5478 hunc
1492 5421 1541 5477 tibi
1566 5426 1663 5486 tutum,

234 5503 324 5562 Ultrix
338 5521 419 5577 poeua
433 5508 519 5578 dabit,
535 5509 700 5583 feriereque,
721 5523 802 5582 quam
822 5512 907 5569 trahit
924 5527 1000 5581 areu,
1168 5505 1224 5567 Nec
1243 5517 1270 5568 te
1289 5511 1380 5583 subigi
1401 5524 1468 5567 crux
1487 5509 1560 5566 sinet
1579 5507 1661 5565 hosti.

234 5592 337 5652 ’1111111
356 5593 483 5656 infestum
498 5599 578 5656 mites
592 5604 769 5671 superaverat
786 5601 904 5669 hostem,
1168 5601 1225 5658 1111
1244 5601 1292 5672 qni
1310 5601 1429 5668 steterit,
1448 5612 1504 5657 non
1524 5599 1602 5655 timet
1615 5596 1702 5654 illum.
