4036 6162
142 283 193 340 857
662 291 819 349 HISTORIA
837 292 1113 356 uubtoblttlttlsls
1133 327 1169 340 -
1187 299 1252 356 tiu.
1272 300 1306 356 lt.
1779 303 1834 362 ebs

142 408 305 479 pastoralem
329 414 437 478 tenens,
457 411 661 485 episcopalibus
684 416 855 476 vestimentis
876 419 1147 496 indu-Abustorgii
1172 437 1189 480 a
1216 423 1301 480 latere
1329 422 1361 456 ⁸¹⁸
1392 424 1510 495 dextro,
1544 427 1638 484 multis
1665 431 1834 489 aromatibus

141 504 184 554 tus
198 497 240 566 ⁸⁶⁸,
256 513 361 556 summa
375 505 403 556 et
417 499 508 558 infusa
522 501 808 575 ιιιιιιιιιιιιιιιιι
823 509 961 580 apparuit,
1003 514 1152 584 multisque
1186 511 1371 580 orationibus,
1405 513 1522 586 vigiliis,
1556 515 1675 587 hymnis,
1710 519 1832 589 psalmis,

142 586 258 654 «Salve,
275 605 290 640 ι
310 587 451 660 inquiens,
477 607 491 642 ι
516 596 621 648 ιιιιιιι
647 594 787 652 ιιιιιιιιι
810 602 865 655 tuae
889 598 962 655 ιιι10
1003 605 1147 660 missarum
1179 601 1321 659 solemniis
1348 603 1496 675 multisque
1525 603 1678 663 elimosinis
1708 606 1831 665 bonora-

140 675 292 733 elimosioae
307 682 361 734 ιιι
376 684 404 734 et
418 679 545 751 lacrymae
560 687 615 738 tua
635 684 822 757 patientiaque
836 693 883 744 tua
897 694 961 745 ante
1003 701 1062 760 tus,
1096 693 1124 748 in
1157 691 1279 762 pretiosa
1310 691 1393 748 aroba
1427 706 1579 752 marmorea
1611 695 1727 754 mirifice
1760 710 1831 754 cou-

140 766 223 821 beum
235 771 441 836 repraesentatae
456 775 483 823 et
498 769 532 824 ab
547 783 580 826 ιι
596 771 732 828 exauditae
746 781 820 830 sunt.
832 776 918 848 Surge
933 778 962 833 in
1002 781 1078 838 ditus
1102 785 1154 836 est.
1185 781 1242 836 lloc
1265 778 1339 836 facto
1364 780 1482 846 mulier,
1511 796 1573 853 quae
1602 784 1658 840 lieo
1688 791 1828 842 annuente

139 867 218 909 mane
228 859 258 908 tu
268 860 296 910 et
306 855 347 910 ιιι
359 859 423 912 ιιιι
433 856 614 914 cumduobus
625 866 706 916 terrae
717 859 871 920 fossoribus
880 864 922 930 ¹¹¹,
934 871 961 924 et
1002 877 1031 926 et
1054 870 1127 926 beati
1152 867 1266 940 fingenii
1289 869 1397 925 meritis
1418 875 1447 925 et
1472 870 1645 928 orationibus
1662 873 1744 930 saluti
1769 874 1828 945 pri·

138 954 222 1013 perge
245 943 317 1012 apud
342 944 453 1000 beatum
477 947 671 1018 Eustorginm,
697 951 744 1006 ubi
774 966 877 1023 corpus
902 957 962 1026 ejus
1001 959 1083 1015 stinae
1106 956 1214 1013 reddita
1238 963 1294 1024 est,
1319 957 1410 1014 adhuc
1434 959 1554 1014 intanti
1579 959 1630 1016 uiri
1659 960 1826 1020 exaltatione

137 1033 276 1102 quiescit,
300 1046 356 1090 non
379 1034 461 1106 longe
486 1051 500 1092 a
523 1034 599 1094 fonte
619 1039 646 1094 iu
672 1054 727 1110 quo
750 1041 878 1113 baptizati
897 1050 962 1101 sunt
1002 1047 1158 1115 anhelans,
1196 1045 1230 1101 ad
1267 1045 1402 1102 bonorem
1442 1047 1566 1118 ejusdem
1608 1048 1829 1108 decentissimam

137 1127 273 1194 martyres
286 1123 427 1181 Protasius
450 1130 478 1181 et
500 1127 644 1184 Gervasius
662 1136 744 1200 atque
759 1131 902 1190 &nundus
914 1131 962 1190 liei
1001 1135 1136 1194 vulturam
1168 1133 1259 1191 facere
1291 1134 1463 1192 deliberavit.
1506 1139 1657 1208 Propterea
1694 1139 1830 1198 conscilio

137 1210 322 1280 adletbae⁸¹¹3
349 1212 395 1268 ubi
420 1213 563 1272 inveniens
587 1215 677 1273 locum
697 1219 895 1290 aliquantulum
911 1224 962 1279 hu·
1002 1239 1053 1282 sno
1077 1239 1093 1281 a
1116 1224 1176 1281 viro
1204 1223 1293 1290 inito,
1322 1223 1521 1294 aliquantulum
1549 1225 1589 1282 illi
1612 1227 1677 1298 quia
1700 1228 1757 1285 vini
1781 1242 1832 1300 pa·

137 1299 294 1368 midiorem,
311 1315 366 1373 quo
381 1302 481 1360 effosso
496 1317 598 1375 corpus
617 1320 707 1366 meum
730 1309 870 1376 invenies;
896 1312 962 1370 inde
1003 1327 1063 1372 rnrn
1078 1317 1125 1371 aut
1143 1311 1272 1369 frumeuti
1295 1313 1329 1369 ad
1353 1318 1458 1370 tantum
1480 1327 1550 1384 opus
1573 1313 1627 1370 sibi
1649 1321 1832 1388 cognosceret

136 1403 193 1460 quo
207 1389 325 1456 elevato,
339 1391 367 1447 in
382 1392 499 1450 ecclesia
509 1394 583 1451 beati
599 1397 736 1470 Eustorgii
751 1399 884 1457 collocari
900 1417 961 1460 eum
1003 1403 1214 1470 contradicenti,
1226 1401 1336 1458 undem
1351 1401 1425 1458 omni
1440 1416 1489 1473 spe
1501 1403 1529 1459 in
1542 1404 1599 1460 lieo
1614 1403 1677 1472 ιιι,
1688 1418 1831 1463 murorum

136 1477 230 1536 facias.
249 1499 263 1530 s
279 1482 338 1549 Quo
353 1481 450 1538 audito
465 1482 574 1552 mulier,
591 1491 621 1540 ut
641 1493 700 1542 erat
722 1489 849 1546 sanitatis
871 1491 961 1557 avida,
1003 1493 1162 1550 convocatis
1181 1490 1328 1562 magistris,
1344 1503 1439 1546 eorum
1454 1505 1565 1563 quoque
1580 1490 1613 1524 ¹¹⁸
1634 1495 1827 1564 servitoribus,

134 1555 239 1626 auxilio
264 1570 391 1640 corporis
414 1571 494 1628 artxia
519 1573 662 1644 nobilique
681 1575 714 1607 ¹¹¹
738 1578 866 1649 prosapia
889 1587 960 1646 orta,
1003 1595 1073 1652 opus
1104 1580 1252 1652 diligenter
1283 1591 1413 1651 aggressa
1439 1585 1490 1635 est.
1525 1581 1636 1637 Factum
1665 1587 1707 1638 est
1735 1590 1826 1640 autem

136 1656 253 1727 cupiens
283 1658 369 1729 pedes
400 1660 488 1716 sancti
519 1661 594 1718 illius
625 1665 801 1734 deosculari,
841 1667 960 1727 lacrimis
1003 1671 1126 1728 bonitate
1145 1669 1236 1726 divina
1249 1671 1408 1739 praestante,
1424 1680 1495 1738 opus
1513 1681 1618 1725 summa
1633 1683 1696 1726 cum
1712 1669 1831 1741 diligen·

135 1744 231 1802 effusis
253 1744 424 1820 largissimis,
449 1762 563 1806 exorare
583 1749 692 1809 fortiter
715 1756 800 1825 coepit
818 1764 848 1813 ut
861 1755 1040 1818 saltethia
1053 1760 1163 1817 demum
1182 1755 1334 1827 perfectum
1353 1763 1405 1825 est,
1422 1765 1449 1814 et
1463 1757 1555 1813 omnia
1570 1759 1629 1827 ejus
1643 1771 1707 1814 vasa
1726 1764 1780 1814 tam
1800 1758 1829 1814 in

133 1833 177 1889 vel
194 1847 294 1892 nomen
309 1849 388 1892 suum
403 1837 457 1893 sibi
472 1839 636 1896 notifcaret.
654 1843 793 1912 Eugenius
807 1845 959 1905 cuibeatus
998 1846 1136 1905 frumento
1162 1859 1244 1918 quam
1268 1846 1297 1902 in
1321 1845 1406 1910 vino,
1440 1851 1471 1901 ut
1494 1845 1522 1900 in
1546 1845 1641 1916 operis
1669 1845 1829 1916 inceptione

133 1923 280 1994 respondit
295 1924 409 1982 dicens:
428 1945 442 1978 ι
458 1929 544 1984 lleum
563 1942 663 1987 nomen
678 1945 824 2003 meumque
844 1949 957 2008 corpus,
977 2005 978 2010 γ
999 1943 1077 1993 ιιιιι
1101 1935 1202 2008 plena,
1226 1936 1266 1990 sic
1290 1934 1420 1992 omnibus
1443 1948 1525 2004 quam
1549 1941 1662 1991 strenue
1690 1935 1830 2006 magistris

131 2012 155 2068 ιι
171 2013 284 2070 curiose
299 2028 472 2088 quaecunque
482 2018 539 2075 dixi
554 2020 655 2092 egeris,
665 2021 693 2078 ιι
708 2024 878 2097 sarcophago
894 2040 958 2096 pro·
999 2025 1171 2092 refocillatis,
1188 2039 1249 2082 cum
1266 2030 1324 2082 tota
1339 2023 1422 2080 domo
1438 2037 1487 2080 sua
1502 2028 1530 2080 et
1548 2023 1662 2092 familia,
1678 2022 1828 2096 multisque

132 2100 177 2156 ιιι
199 2100 283 2160 dubio
303 2105 436 2175 reperies,
453 2124 467 2158 ι
484 2113 512 2163 ιι
526 2109 564 2164 ιιι
579 2110 676 2166 diceus
690 2118 718 2168 et
737 2123 797 2170 eam
812 2113 856 2170 bis
870 2116 959 2172 omni·
999 2115 1167 2186 pauperibus
1181 2114 1323 2179 recreatis,
1338 2112 1417 2183 quasi
1442 2113 1546 2168 intacta
1571 2110 1688 2168 fuissent
1711 2113 1825 2170 inventa

132 2190 187 2247 bus
197 2190 349 2250 informans
368 2195 493 2251 recessit.
516 2199 552 2253 ut
571 2197 671 2256 mulier
684 2200 771 2256 virum
786 2215 865 2260 suum
880 2205 957 2260 erci·
998 2210 1072 2260 sunt.
1087 2204 1146 2271 Quo
1162 2207 1275 2272 peracto
1290 2207 1415 2258 matrona
1429 2199 1542 2268 nobilis,
1559 2213 1655 2270 parum
1670 2200 1746 2270 quod
1761 2214 1826 2272 ege·

132 2283 207 2346 tans,
223 2287 322 2336 cuncta
345 2295 407 2352 qua
434 2283 492 2353 ipsa
511 2284 616 2342 viderat
640 2293 668 2343 et
690 2289 831 2346 audiverat
846 2293 958 2349 omnino
999 2298 1041 2348 rat
1055 2291 1191 2364 cogitans,
1208 2289 1327 2360 qualiter
1350 2292 1485 2358 perpetuo
1509 2286 1609 2343 festutn
1624 2287 1698 2343 beati
1713 2287 1830 2359 fingenii

133 2366 319 2438 ignorantem,
333 2369 424 2425 omnia
438 2384 489 2439 per
507 2372 633 2430 ordinem
652 2375 678 2432 ci
697 2389 826 2435 enarrare
840 2382 956 2448 curavit,
998 2379 1097 2452 ymnis,
1114 2378 1287 2436 orationibus
1306 2375 1467 2447 crebrisque
1481 2375 1686 2433 visitationibus
1710 2375 1778 2432 cleri
1800 2379 1829 2433 et

132 2468 264 2512 asserens
291 2469 341 2527 per
368 2459 542 2531 semetipsam
567 2464 684 2521 sanitate
713 2466 900 2539 reintegrata,
930 2474 959 2526 et
998 2469 1094 2540 populi
1123 2468 1317 2534 honoraretur,
1347 2466 1432 2536 erepit
1461 2464 1584 2536 cogitare
1615 2464 1824 2536 perplurimum.
1881 2531 1882 2536 .

134 2542 227 2598 locum
255 2544 284 2601 in
312 2560 368 2617 quo
394 2549 482 2605 sancti
510 2564 612 2621 corpus
639 2553 797 2624 quiesceret
818 2558 900 2626 scire,
930 2567 958 2616 et
998 2561 1106 2615 interea
1124 2559 1166 2615 ιιι
1189 2559 1249 2627 ejus
1271 2555 1381 2626 cognita
1406 2554 1528 2626 ejusdem
1544 2552 1696 2623 voluntate,
1717 2553 1753 2610 de
1772 2568 1827 2625 qua

132 2637 236 2687 cuneta
253 2630 384 2691 facturam
408 2636 460 2692 ire.
484 2639 604 2695 landem
629 2641 743 2698 maritus
766 2647 845 2715 quasi
865 2646 956 2704 incre·
998 2648 1052 2704 sibi
1073 2649 1129 2717 jain
1153 2651 1233 2702 antea
1256 2645 1439 2710 intimaverat,
1459 2645 1552 2700 sciens
1566 2642 1641 2700 illam
1657 2642 1824 2714 permultum

133 2719 238 2790 dulus,
281 2721 362 2779 laetus
394 2730 484 2782 ιιιιιι
520 2729 595 2798 quod
629 2733 750 2801 conjunx
781 2732 956 2806 affirmabat,
998 2737 1027 2792 in
1043 2735 1091 2792 bet
1107 2736 1261 2792 timoratam
1271 2733 1398 2800 servitio,
1409 2731 1438 2788 in
1448 2732 1576 2790 omnibus
1590 2732 1619 2788 in
1635 2732 1737 2802 quibus
1746 2745 1823 2789 suam

132 2822 241 2866 summo
274 2809 329 2868 diei
362 2814 526 2884 crepusculo
558 2819 681 2890 acceptis
712 2818 889 2893 fossoribus,
928 2826 957 2882 in
998 2823 1304 2890 noveratvoluntatem,
1320 2821 1478 2878 facultatem
1497 2826 1580 2893 atque
1599 2821 1741 2880 licentiam
1755 2820 1823 2878 ilde·

132 2900 263 2958 omuibus
294 2915 310 2958 a
341 2905 459 2977 coniuge
491 2906 667 2977 admonitus,
696 2914 818 2981 perrexit
849 2915 884 2972 ad
917 2916 958 2975 lo·
997 2915 1061 2972 liter
1074 2929 1107 2971 ac
1121 2914 1219 2971 devote
1239 2912 1345 2969 tribuit.
1361 2910 1411 2968 llla
1428 2925 1494 2968 vero
1509 2911 1559 2967 viri
1575 2911 1617 2968 sui
1632 2909 1756 2968 dominio
1770 2909 1825 2967 im—

132 3003 196 3045 cum
236 2989 378 3049 uelociter.
425 2995 532 3052 interea
579 2998 678 3055 mulier
714 3015 823 3072 quam,
870 3008 956 3063 mari·
997 3005 1120 3076 perantis
1142 3009 1269 3076 accepto,
1289 3003 1448 3060 convocatis
1470 3001 1663 3058 sacerdotibus
1685 3000 1823 3069 humanis,

132 3084 178 3135 tus
207 3077 242 3112 ⁸¹⁸
287 3087 317 3138 ut
361 3089 442 3140 antea
487 3093 667 3144 consueverat
703 3090 836 3149 infirmam
873 3088 1128 3168 atqueCridclicet
1141 3093 1320 3150 humanarum
1343 3091 1432 3163 legum
1449 3089 1590 3160 judicibus
1604 3094 1633 3146 et
1650 3089 1717 3146 viris
1732 3089 1826 3147 multis

131 3182 235 3241 aegram
254 3170 364 3227 domum
383 3172 545 3242 dimiserat,
574 3177 666 3234 sciens
693 3194 743 3250 per
769 3183 861 3239 omnia
880 3184 954 3241 illam
996 3182 1186 3250 nobilissimis,
1212 3181 1318 3252 praedia
1337 3194 1352 3238 ι
1372 3178 1473 3250 quibus
1490 3179 1565 3237 beati
1589 3179 1705 3250 fingenii
1722 3177 1823 3236 festum

131 3271 183 3315 nec
212 3272 376 3318 semovere
400 3276 501 3332 posse,
526 3263 680 3325 fossoribus
702 3275 730 3326 ιι
753 3270 812 3341 ipse
834 3273 869 3329 de
892 3273 954 3331 loco
996 3273 1146 3331 bonoribus
1170 3271 1312 3328 annuatim
1339 3283 1401 3326 cum
1429 3268 1559 3324 omnibus
1583 3267 1730 3322 ordinibus
1753 3266 1825 3323 cele·

130 3347 330 3418 titubantibus,
358 3364 425 3408 sana
450 3360 478 3410 et
505 3354 652 3414 incolumis
680 3358 707 3414 in
740 3360 831 3417 aredio
859 3376 953 3419 eorum
996 3363 1133 3429 braretur,
1147 3360 1286 3430 disposuit
1304 3364 1332 3414 et
1353 3356 1508 3413 firmissime
1524 3353 1672 3410 ordinavit.
1688 3355 1710 3410 E
1724 3355 1826 3424 quibus

129 3435 221 3494 veloci
253 3452 335 3496 eursu
368 3440 489 3497 advenit.
523 3443 628 3511 Quibus
659 3447 737 3503 valde
770 3449 954 3519 mirantibus,
995 3463 1083 3520 usque
1101 3448 1186 3505 bodie
1206 3451 1234 3503 et
1256 3445 1288 3478 ⁸¹⁷
1307 3458 1427 3515 semper,
1448 3444 1505 3500 lieo
1528 3445 1668 3498 annuente
1692 3447 1721 3498 et
1743 3442 1824 3498 beato

129 3524 219 3582 salute
248 3527 363 3598 pristina
391 3529 431 3586 illi
458 3545 474 3587 a
498 3533 555 3590 lico
583 3534 684 3592 collata
709 3550 759 3607 per
780 3539 955 3610 semetipsam
995 3539 1118 3611 Eugenio
1134 3549 1184 3608 pro
1199 3549 1231 3592 ea
1245 3539 1328 3604 atque
1341 3531 1477 3588 universis
1490 3530 1601 3586 cbristo
1617 3529 1725 3587 devotis
1738 3530 1826 3587 iuter·

128 3612 250 3673 fossorio
277 3623 378 3674 terram
404 3620 534 3677 scindens
557 3630 585 3678 et
607 3623 664 3680 illis
687 3624 890 3694 quodammodo
913 3628 956 3684 in·
996 3626 1126 3698 pellante,
1148 3637 1251 3682 summa
1270 3635 1332 3678 cum
1347 3619 1494 3676 devotione
1514 3617 1680 3675 celebratur.
1799 3705 1805 3718 ἱ

126 3703 246 3772 jurians,
266 3706 332 3762 viris
355 3714 446 3766 tamen
472 3709 611 3782 religiosis
632 3726 703 3783 quos
725 3715 785 3784 ipsa
807 3715 956 3774 advocavo-
1036 3714 1076 3771 l5.
1095 3715 1177 3787 (Aoo.
1191 3710 1271 3783 ill.)
1287 3708 1463 3780 Querimonia
1478 3708 1551 3765 beati
1567 3705 1709 3764 Benedicti
1729 3706 1824 3763 archr-

129 3799 171 3850 rat
189 3795 366 3855 adstantibus
390 3798 565 3870 psalmosque
588 3800 712 3860 studiose
731 3807 904 3874 canentibus,
920 3807 955 3866 ad
996 3805 1120 3876 episcopi
1135 3800 1346 3860 llediolaoensis
1360 3797 1393 3831 ⁸¹⁸
1414 3813 1421 3853 ι
1448 3815 1462 3850 ι
1486 3797 1597 3854 Summo
1617 3795 1669 3868 (66)
1689 3795 1824 3854 ⁰oe¹⁰f¹¹¹¹¹

87 3927 93 3938 .
129 3896 235 3954 corpus
256 3886 313 3942 lieo
333 3893 472 3945 annuente
497 3896 657 3960 perventum
679 3896 731 3948 est.
751 3895 801 3962 Qui
821 3895 957 3968 introspi·
996 3892 1145 3960 conditori,
1175 3897 1366 3960 terrarumque
1395 3888 1584 3944 universarum
1611 3885 1727 3955 factori,
1757 3899 1825 3958 gen·

129 3970 248 4043 cientes,
268 3974 348 4043 juxta
369 3981 461 4046 eaput,
484 3985 514 4033 ut
537 3986 650 4036 sanetus
668 3981 812 4050 retulerat,
828 3983 955 4042 laminam
995 3985 1119 4054 tiumqne
1138 3989 1299 4040 cunctarum
1325 3979 1443 4045 auctori,
1469 3983 1658 4035 creaturarum
1679 3975 1825 4034 universa·

130 4061 306 4132 plumbeam,
333 4065 361 4120 ιι
390 4080 444 4136 qua
467 4079 568 4123 nomen
592 4069 652 4138 ejus
676 4077 704 4128 ιι
726 4073 823 4129 mortis
846 4079 956 4146 tempus
995 4087 1056 4131 rum
1066 4069 1266 4139 creatort,coeli
1276 4073 1414 4139 terraeque
1423 4065 1649 4133 stabilimentum,
1661 4063 1823 4138 angelorum

129 4149 270 4222 descripta
295 4159 393 4220 erant,
417 4155 588 4225 gratulantes
615 4157 797 4229 invenerunt,
823 4176 875 4220 nec
899 4177 955 4221 non
996 4169 1024 4219 et
1047 4162 1188 4219 bominum
1206 4175 1239 4217 ac
1257 4159 1322 4217 fidei
1345 4157 1490 4215 oatbolicae
1516 4161 1545 4211 et
1566 4153 1823 4226 sedisapostolicae

131 4252 233 4312 eorpus
256 4241 316 4310 elus
338 4255 371 4298 ac
388 4249 489 4311 vestes,
505 4251 536 4300 ut
559 4245 587 4302 in
611 4245 657 4304 die
671 4261 727 4318 quo
741 4249 832 4307 missae
847 4253 954 4310 suntin
996 4253 1106 4310 unicum
1141 4250 1363 4316 monimentum,
1398 4246 1586 4316 orphanorum
1619 4248 1648 4299 ei
1679 4242 1823 4300 viduarum

132 4336 319 4397 monumento,
343 4332 461 4390 inventae
479 4339 553 4391 sunt.
579 4337 692 4394 lienium
717 4339 746 4395 in
769 4339 867 4399 lectica
890 4357 951 4400 eum
995 4341 1229 4411 ecclesiarumque
1266 4337 1454 4395 universarum
1491 4331 1610 4390 solidum
1652 4330 1824 4388 stabilimen-

132 4416 195 4476 boni
220 4419 271 4476 viri
294 4419 423 4493 religiose
447 4423 630 4494 imponentes,
647 4427 724 4496 iuxta
746 4429 856 4487 arebam
878 4409 1063 4498 beatiDtum,
1085 4430 1158 4486 Patri
1173 4434 1201 4484 et
1219 4426 1288 4484 filio
1310 4439 1344 4482 ac
1362 4426 1463 4482 Sancto
1487 4420 1601 4492 Spiritui
1615 4421 1718 4492 gratias
1732 4418 1823 4478 refero

810 4529 921 4586 imum
944 4530 1135 4588 LECTIONES.

164 4613 195 4648 ιι·
221 4615 470 4676 itua*·.b*.lll.
496 4619 942 4684 inconsummationem.
998 4627 1031 4661 ιιι
1053 4629 1186 4684 immensa
1209 4627 1270 4682 Ber.
1326 4622 1358 4655 ⁸¹⁰
1376 4622 1448 4679 deest
1471 4621 1501 4677 B.
1559 4619 1588 4652 ⁵¹¹
1613 4623 1652 4676 ιιι
1669 4616 1818 4720 b*'.⁸Ber.

132 4687 164 4740 li.
188 4685 359 4746 fossionibus
382 4693 428 4748 ι’.
454 4693 484 4748 ιι.
539 4692 571 4724 ⁸¹¹
597 4693 725 4752 adbelete
746 4697 790 4753 ι’.
816 4697 919 4755 atbleta
946 4701 1008 4756 Ber.
1062 4697 1094 4731 ⁸¹⁸
1119 4697 1276 4768 nobilisque
1303 4697 1334 4754 B.
1358 4697 1421 4751 Ber.
1478 4690 1510 4724 ⁸¹⁸
1531 4691 1603 4791 deest
1622 4691 1706 4774 Ber„
1751 4688 1821 4774 ξίι.

131 4755 217 4814 altare
245 4759 275 4815 B.
331 4759 363 4792 ⁸¹⁸
390 4763 428 4818 ito
453 4764 484 4820 B.
513 4777 609 4821 eorum
636 4780 788 4837 quorumve
819 4770 881 4826 Ber.
914 4783 1066 4843 eorumque
1092 4771 1140 4828 ι’.
1168 4767 1211 4825 Bi.
1267 4766 1299 4800 ⁸¹⁷
1332 4767 1402 4822 deest
1428 4766 1491 4847 lter.
1560 4761 1580 4846 ξ’
1612 4759 1758 4846 llediolanv
1791 4774 1821 4818 ιι

132 4829 249 4899 synodo,
278 4845 311 4888 eo
335 4833 400 4904 quia
424 4847 494 4906 papa
516 4836 713 4894 Constantinus
736 4840 825 4910 ipsum
848 4841 1089 4915 archiepiscopum
1112 4841 1266 4913 privaverat
1294 4840 1504 4920 consecratione
1523 4847 1654 4918 episcopt·
1677 4832 1821 4905 Paprensis

133 4904 229 4958 eontra
242 4903 383 4974 antiquam
398 4907 626 4965 consuetudinem
640 4909 699 4966 ll**.
720 4912 750 4966 B.
765 4910 809 4967 ul.
824 4913 856 4978 Q.
872 4912 900 4968 b.
916 4915 982 4970 Bon.
998 4928 1025 4970 a.
1041 4912 1255 4972 llediolaoensis
1268 4923 1354 5036 super
1374 4911 1517 4979 Paprensts
1531 4919 1655 4977 episcopt
1670 4917 1822 4962 consecra-

134 4971 218 5041 tione,
234 4987 316 5043 quam
330 4977 373 5032 sui
387 4983 578 5036 antecessores
597 4994 684 5051 usque
698 4980 733 5037 ad
747 4982 790 5038 sui
809 4987 918 5054 tempus
938 4985 1031 5056 quiete
1055 4999 1088 5042 ιι
1111 4983 1254 5040 caritative
1273 4995 1305 5039 ce
1317 4981 1490 5045 ebraverant,
1516 4976 1657 5034 residente
1680 4972 1821 5034 cathedrae
1924 4982 1927 4988 “

134 5041 263 5101 Romane
285 5048 466 5106 Corratantino
490 5050 631 5119 pontifice.
656 5052 707 5108 llic
730 5059 822 5110 autem
841 5069 904 5112 cum
923 5057 1015 5113 omnia
1038 5069 1142 5113 summa
1165 5068 1226 5112 cum
1242 5052 1450 5136 dispensatione
1465 5049 1644 5107 ecclesiarum
1658 5051 1777 5130 tractare
1792 5054 1822 5104 ιι

133 5112 249 5173 ιιιιιιι
272 5118 383 5190 negotia
406 5120 521 5188 debuit,
546 5120 615 5178 nibil
634 5121 739 5180 ducens
761 5125 839 5182 orbis
862 5127 948 5184 totius
969 5133 1021 5199 per
1042 5129 1188 5187 bominum
1212 5123 1368 5191 dominari,
1393 5137 1417 5178 ιι
1442 5119 1653 5207 consecratione
1678 5117 1821 5190 Paprensls

134 5184 259 5267 eeclesiae
277 5196 396 5257 careret,
421 5191 528 5248 inlicite
545 5199 573 5248 ιι
592 5192 653 5249 sine
676 5207 758 5251 cansa
781 5198 905 5255 veritatis
928 5197 1000 5256 fastu
1023 5198 1167 5269 injustius
1188 5197 1242 5253 sibi
1265 5196 1340 5253 bunc
1364 5199 1506 5278 usurpavit
1525 5191 1670 5276 bonorem.
1691 5193 1724 5248 lit
1738 5203 1819 5318 zoam

134 5268 193 5312 sroe
217 5259 333 5317 rationis
355 5276 438 5318 eausa
460 5263 618 5333 adquisivit,
638 5265 756 5322 ecclesia
780 5267 885 5327 inlicite
898 5270 1027 5341 spoliata,
1043 5285 1079 5328 m.
1097 5268 1256 5342 pontificale
1270 5269 1458 5326 Romanorum
1472 5279 1496 5322 ιι
1512 5264 1623 5335 legeris,
1639 5262 1728 5320 lector
1762 5275 1821 5318 cnr·

133 5339 197 5398 gne,
213 5332 345 5402 reperies.
361 5331 439 5390 babet
451 5334 516 5394 ι’..
943 5413 1019 5471 OTAE

171 5497 233 5570 (bo)
258 5501 334 5560 lianc
356 5503 510 5562 orationem
537 5503 660 5566 letitiam
684 5520 746 5565 esse
769 5509 895 5580 probavit
912 5511 954 5570 dl.
996 5508 1074 5569 Pauli
1088 5510 1236 5570 Historiam
1255 5509 1352 5581 lang,
1372 5507 1416 5575 vt,
1431 5505 1476 5574 29,
1497 5511 1525 5561 et
1540 5504 1627 5565 uttan
1646 5493 1819 5564 Constantini

135 5566 299 5631 llnmtorius
321 5574 425 5633 anecd.
448 5574 503 5635 ιιι.
528 5577 550 5646 l,
570 5592 598 5649 p.
623 5577 686 5634 240.
715 5578 753 5636 ιιι
781 5593 812 5638 ιι
844 5581 904 5653 ipsa
926 5597 951 5642 v.
996 5596 1085 5655 papo.
