4034 6152
123 287 172 346 933
489 295 493 304 “
536 341 543 356 ,
633 288 790 348 ursanum
808 285 1083 344 mediolanense.
1103 314 1139 330 ··-
1156 286 1219 344 LlB.
1239 285 1285 344 111.
1749 294 1803 354 034

122 411 243 470 sabllitcr
260 416 291 468 ut
313 415 461 483 appareret
484 410 583 482 repleti
599 417 674 478 sunt,
690 416 720 469 ut
740 412 821 468 bouis
839 410 935 477 initiis,
946 414 1041 474 Aest;
1068 410 1143 481 qnod
1161 409 1251 481 culpae
1273 415 1316 468 est
1333 410 1427 482 igitur,
1443 411 1474 468 in
1494 412 1656 483 baptismate
1675 419 1800 488 laxatum

121 501 159 558 sic
181 499 343 557 melioribus
367 499 469 556 linibus
492 501 608 568 carebit,
625 500 659 557 de
686 515 738 571 qua
763 499 940 571 malignitatis
980 498 1054 568 quod
1075 497 1144 570 legis
1158 503 1211 567 est,
1230 498 1257 555 in
1277 499 1406 572 conjugio
1425 500 1542 557 solvitur
1550 501 1592 561 ¹⁹⁷.
1610 525 1624 554 a
1648 506 1715 564 ltcm
1741 510 1803 566 llic·

122 589 264 662 iniquitate
287 589 387 647 doctor
411 594 439 646 ct
463 589 560 647 beatus
584 590 743 648 Ambrosius
765 589 794 646 in
823 588 940 660 epistola
980 601 1140 660 ronymus:
1168 606 1182 641 u
1207 588 1383 646 Sacerdotem
1412 591 1512 661 quaerit
1539 592 1672 664 Ecclesia,
1699 605 1745 654 aut
1768 599 1802 655 de

122 678 297 747 vercellensi,
321 677 388 750 quid
412 677 498 749 dicat,
526 680 669 736 audiamus
692 684 727 749 (ε.
744 677 788 750 tbi
806 698 813 734 :
835 696 850 731 u
865 677 940 734 ilali-
980 673 1164 744 virginitatem
1183 680 1318 744 sanctum,
1334 683 1381 732 aut
1396 677 1430 734 de
1446 682 1618 751 monogamia
1632 689 1801 741 ornatum.»

121 770 209 842 gnitas
241 768 303 838 plus
335 774 419 825 nocet
437 782 519 839 quam
548 769 660 838 malitia,
692 769 757 840 quia
785 766 940 840 malignitas
980 764 1075 821 Laudo
1090 767 1172 834 enim,
1189 765 1287 824 iratres
1302 767 1447 836 karissimi,
1465 769 1539 840 qnod
1559 769 1658 829 iratres
1676 775 1804 832 hrialdus

121 871 170 914 uec
195 870 291 928 puram
311 855 514 927 simplicitatem
534 856 628 924 habet,
645 870 696 913 nec
719 863 841 928 apertam
866 854 941 912 mali·
981 859 1009 909 et
1024 855 1201 928 landulphus
1220 859 1276 928 jam
1300 857 1411 928 populis
1433 859 1614 928 seminarunt,
1629 868 1657 919 et
1674 878 1804 936 conquae-

120 947 195 1012 tiam,
219 944 268 1002 sed
297 944 485 1002 absconditam
519 945 742 1003 malivolentiam.
759 963 774 998 e
799 948 834 1002 nt
854 950 884 1000 ut
905 943 939 1000 ad
981 945 1005 998 ri
1019 941 1052 974 ⁸⁸⁸
1076 959 1091 1000 a
1111 945 1250 1002 desiderio
1266 946 1388 1004 omnium
1409 947 1529 1005 iidelium
1545 951 1805 1011 maximesacevdo-

122 1051 162 1104 εε,
187 1035 288 1106 quibus
313 1034 420 1091 animus
443 1049 521 1092 meus
549 1035 676 1104 intendit,
703 1036 819 1103 veniam,
839 1035 941 1106 quibus
980 1037 1081 1089 tumet
1103 1033 1247 1091 levitarum
1266 1035 1436 1104 castitatem
1456 1038 1506 1095 sed
1522 1041 1610 1110 aquis
1632 1055 1692 1098 esse
1713 1048 1804 1114 potest

120 1124 216 1182 loricis
244 1123 399 1195 quibusque
429 1123 523 1191 armis,
552 1138 641 1195 quove
673 1132 752 1182 scuto
780 1138 796 1180 a
827 1123 939 1192 talibus,
982 1123 1137 1190 continens,
1152 1124 1205 1180 nisi
1220 1125 1293 1181 bens
1307 1124 1370 1182 dett
1382 1145 1396 1175 ε
1412 1131 1442 1182 ει
1455 1127 1493 1183 ait
1508 1129 1674 1200 Augustinus
1688 1131 1717 1187 in
1732 1132 1804 1191 libro

120 1213 244 1286 quanmb
270 1211 382 1282 trustra,
411 1214 512 1270 muniri
527 1212 559 1246 ⁸⁸¹
587 1219 615 1270 et
647 1212 797 1271 deiendere
826 1213 939 1285 possim,
982 1216 1078 1269 contra
1100 1212 1243 1270 Paulinum
1262 1219 1290 1270 et
1313 1213 1474 1286 Eutropium
1489 1215 1521 1248 '⁹'
1544 1220 1579 1284 (c.
1596 1217 1649 1290 ll).
1671 1238 1685 1272 u
1700 1221 1805 1278 Caritas

118 1302 244 1360 studiose
268 1317 330 1360 curn
354 1302 482 1360 omnibus
509 1301 637 1359 hrialdus
656 1307 684 1358 et
712 1301 862 1358 Landulius
884 1314 941 1358 nun
981 1299 1041 1366 liei,
1057 1306 1087 1357 ut
1102 1301 1174 1357 idem
1187 1301 1216 1358 in
1231 1302 1328 1359 eodem
1348 1303 1396 1370 ait,
1408 1318 1471 1375 quae
1486 1305 1690 1366 multitudinem
1709 1324 1806 1380 pecca·

120 1406 172 1461 me,
199 1391 248 1449 sed
274 1391 429 1464 apostolum
456 1397 580 1448 nostrum
607 1391 778 1449 ambrosium
805 1395 940 1460 sanctum,
983 1395 1073 1445 torum
1098 1391 1225 1461 cooperit
1239 1389 1281 1459 ⁶⁰⁰,
1305 1391 1469 1450 diffunditur
1496 1394 1525 1450 in
1544 1396 1676 1454 cordibus
1702 1398 1805 1456 nostris

118 1481 194 1554 quod
214 1482 243 1539 in
262 1481 430 1539 vercellensi
450 1480 568 1554 epistola
587 1480 670 1550 dicat,
686 1481 800 1538 audiant
813 1485 841 1537 et
863 1479 943 1536 intel·
983 1491 1037 1535 non
1060 1494 1109 1550 per
1132 1493 1183 1537 nos
1206 1480 1292 1551 ipsos,
1312 1482 1361 1539 sed
1381 1497 1431 1554 per
1449 1481 1581 1554 Spiritum
1605 1492 1740 1556 sanctum,
1756 1488 1803 1560 qui

119 1572 206 1644 ligant
231 1570 271 1644 (c.
287 1570 335 1643 62)
354 1592 361 1629 :
377 1589 391 1624 u
407 1571 542 1648 Virtutum
562 1575 654 1628 autem
678 1571 808 1642 magister
830 1573 942 1641 aposto·
982 1566 1063 1624 datus
1077 1573 1120 1625 est
1134 1569 1224 1626 nobis.
1239 1589 1253 1623 ε
1273 1571 1306 1626 Et
1321 1570 1386 1627 item
1402 1573 1430 1628 in
1446 1571 1543 1629 rodem
1564 1573 1600 1646 (c.
1616 1573 1665 1647 34)
1683 1596 1690 1632 :
1708 1597 1721 1628 ε
1737 1577 1803 1634 Cum

117 1659 161 1718 lus
179 1665 234 1729 eet,
259 1660 388 1732 quicum
413 1660 546 1732 patientia
572 1659 779 1733 redarguendos
804 1659 886 1717 docet
914 1664 941 1717 ει
981 1671 1031 1713 rex
1051 1659 1143 1728 justus
1169 1658 1273 1714 sederit
1296 1658 1324 1714 in
1349 1659 1450 1716 throno
1474 1676 1531 1718 suae
1560 1664 1720 1734 majestatis,
1741 1665 1804 1736 quis

116 1749 149 1782 ⁸⁸⁸
167 1750 401 1819 contradicentes,
426 1749 479 1821 qui·
497 1749 579 1807 unius
606 1749 699 1807 uxoris
726 1737 813 1807 virum
843 1746 1146 1828 praeci-Egloriabitur
1168 1753 1271 1804 castum
1294 1762 1325 1804 se
1349 1747 1451 1805 babere
1476 1764 1535 1819 cor,
1557 1758 1605 1807 aut
1623 1753 1686 1822 quie
1704 1753 1804 1825 gloria·

116 1840 175 1910 piat
190 1854 262 1908 esse,
283 1852 338 1896 non
359 1839 434 1910 quod
449 1843 572 1897 exortem
587 1838 715 1897 excludat
728 1837 861 1911 conjugii,
877 1853 938 1895 nam
982 1836 1058 1894 bitur
1079 1837 1208 1893 mundum
1228 1852 1258 1894 sc
1282 1851 1343 1894 esse
1365 1850 1382 1894 a
1406 1843 1541 1908 peccator
1570 1841 1645 1897 lunc
1668 1855 1734 1914 ergo
1754 1856 1804 1912 per

117 1927 171 1985 hoc
201 1942 285 2000 supra
313 1927 399 2000 legem
428 1928 561 2000 precepti
590 1933 642 1996 est,
666 1929 715 1986 sed
744 1933 773 1986 ut
802 1926 940 2000 conjugali
981 1927 1041 1998 eius
1066 1927 1283 1985 misericordiam
1306 1927 1374 1998 justi
1396 1928 1430 1983 ab
1456 1927 1511 1985 hiis
1538 1927 1647 1986 liberati
1662 1930 1692 1963 ‘⁰¹
1722 1932 1803 2004 plene

116 2017 282 2076 castimonia
295 2015 410 2074 ιεεει·ιδ
424 2017 575 2075 ablutionis
583 2016 615 2050 '⁸⁵
629 2032 687 2075 euae
701 2015 840 2090 gratiam.
860 2016 940 2074 Nulla
980 2015 1158 2088 perlectoque
1181 2017 1314 2083 mundati,
1331 2016 1475 2088 fulgebunt
1492 2018 1521 2074 in
1544 2033 1630 2092 regno
1653 2021 1742 2078 Patris
1760 2020 1803 2077 sui

116 2106 192 2163 enim
207 2107 288 2180 culpa
300 2108 432 2180 conjvvgii,
443 2107 492 2164 sed
507 2107 551 2164 lex
561 2106 603 2162 ⁵⁸⁶.
619 2101 939 2180 ldeohpoetoluslegem
981 2105 1054 2163 sicut
1068 2106 1122 2174 sol,
1138 2111 1241 2163 etcum
1256 2105 1287 2137 '⁰’
1311 2105 1391 2176 plene
1406 2111 1488 2178 atque
1507 2107 1629 2178 perfecte
1649 2109 1701 2166 erit
1715 2108 1804 2166 eccle·

115 2196 222 2265 posuit,
239 2196 353 2254 dicens:
368 2197 396 2254 Si
412 2197 475 2268 quis
488 2196 548 2253 sine
563 2196 678 2254 crimine
693 2201 736 2254 est
750 2197 832 2254 unius
846 2195 941 2252 uxoris
981 2194 1023 2250 eia
1037 2208 1093 2252 non
1107 2193 1212 2252 habens
1226 2194 1360 2251 maculam
1375 2209 1466 2266 neque
1481 2210 1613 2268 rugam.»
1633 2198 1715 2254 blulta
1730 2200 1803 2255 eninr

114 2286 169 2340 vir.
181 2287 253 2358 Ergo
266 2285 313 2357 qui
328 2286 389 2343 sine
403 2286 518 2343 crimine
531 2290 573 2342 eet
588 2287 669 2343 unius
679 2286 774 2344 uxoris
786 2287 837 2353 vir,
850 2289 941 2342 tenea·
982 2297 1148 2353 percurrens
1174 2284 1204 2340 in
1231 2283 1383 2354 scripturis
1410 2285 1514 2340 sanctie
1542 2285 1644 2342 dixisse
1672 2287 1804 2356 memini;

114 2378 163 2429 tur
187 2373 222 2430 ad
250 2374 338 2444 legem
364 2374 514 2430 sacerdotii
541 2373 751 2446 supradicti⁸³⁷3
778 2374 826 2445 qui
850 2379 941 2429 autem
982 2373 1031 2430 sed
1059 2373 1131 2430 hanc
1154 2373 1295 2445 optionem
1317 2372 1413 2428 damus
1436 2373 1525 2442 vobis,
1546 2375 1669 2445 quamvis
1691 2377 1804 2446 iniuste,

112 2461 264 2518 intraverit
277 2459 310 2493 ⁵⁸⁸
335 2460 504 2534 conjugium,
521 2461 628 2534 culpam
648 2462 759 2533 quidem
783 2461 941 2519 nonhabet
982 2462 1113 2534 quoniam
1138 2476 1195 2521 non
1214 2462 1296 2520 dccet
1319 2461 1374 2518 nisi
1397 2462 1466 2520 solis
1482 2464 1623 2536 episcopis
1642 2466 1694 2524 boc
1715 2466 1805 2525 iacere

112 2548 302 2620 coinquinati,
326 2550 375 2607 sed
403 2551 585 2622 prerogativa
613 2551 722 2608 exuitur
749 2543 940 2608 sacerdotii.»
982 2552 1058 2624 quod
1081 2551 1180 2621 facitis,
1203 2557 1234 2609 ut
1261 2552 1399 2610 licentiam
1420 2553 1505 2610 totius
1529 2553 1648 2612 civitatis
1671 2558 1806 2615 omnium-

110 2639 184 2694 ltem
212 2639 239 2695 in
260 2639 355 2698 eadem
378 2639 495 2712 epistola
523 2639 562 2712 (c.
582 2639 631 2714 39)
650 2661 656 2697 :
675 2659 689 2693 a
708 2642 800 2699 Bonus
818 2639 943 2697 medicus
984 2653 1037 2711 que
1056 2639 1178 2712 plebium
1192 2642 1272 2712 plane
1288 2643 1489 2712 perscmtando
1504 2642 1650 2713 habeatis,
1670 2650 1806 2716 quatenus

110 2727 162 2799 qui
189 2734 219 2784 et
242 2727 359 2786 iortibus
386 2729 567 2787 subtilitatem
582 2727 615 2761 ⁸⁸⁹
641 2730 751 2787 virtutis
778 2742 941 2788 conservare
983 2729 1124 2787 trutinatis
1151 2729 1331 2801 iecinoribus,
1359 2732 1517 2791 homicidiis
1545 2734 1721 2806 parvulorum
1745 2736 1806 2792 sine

109 2817 221 2888 cupiat,
242 2824 270 2874 et
295 2817 410 2874 indrmis
429 2818 619 2875 salubritatem
638 2818 715 2888 dare,
736 2819 798 2876 aliis
816 2819 863 2877 dat
877 2834 943 2878 con·
982 2818 1147 2890 baptismate
1168 2833 1264 2877 necem
1287 2820 1410 2878 feraliter
1429 2829 1457 2879 ει
1475 2823 1640 2880 innocenter
1663 2824 1807 2881 incurren-

110 2905 220 2975 eilium,
236 2905 298 2962 aliis
317 2906 488 2964 demonstrat
512 2906 673 2975 remedium,
690 2907 809 2964 dicens:
834 2909 885 2978 Qui
900 2907 942 2966 in·
983 2907 1067 2976 tibus,
1089 2908 1219 2980 perjuriis
1237 2911 1273 2967 ob
1291 2910 1438 2968 mulierum
1461 2924 1582 2968 amorem
1606 2917 1635 2969 ει
1652 2913 1696 2969 εει
1714 2912 1806 2970 delen·

111 2994 213 3052 bamus
235 3003 288 3062 cst,
313 2994 388 3052 olera
417 2994 573 3063 manducet,
599 2995 716 3066 accipiat
740 3010 872 3066 uxorem;
892 2997 941 3069 qui
983 2996 1100 3066 sionem,
1116 3011 1167 3054 nec
1186 3012 1242 3056 non
1265 2999 1409 3056 adulteriis
1423 3014 1456 3056 ac
1470 3000 1553 3057 variis
1576 2998 1807 3060 fornicationibus

30 3077 37 3098 ⁸
112 3084 226 3141 validus
249 3090 301 3152 est,
331 3083 472 3142 fortiorem
501 3084 610 3141 virtutis
638 3085 730 3142 cibum
753 3085 1038 3158 cxpectat⁸⁰⁰;qtam
1058 3087 1189 3157 iuvenum
1212 3102 1293 3159 quaxn
1316 3088 1452 3161 virginum
1475 3102 1625 3159 sacrarum,
1649 3104 1682 3148 ac
1711 3091 1808 3149 usibus

112 3175 275 3246 meritoque
298 3173 424 3244 adjunxit
444 3194 451 3230 :
477 3175 544 3231 Nam
563 3175 610 3246 qui
625 3175 720 3232 statuit
742 3175 772 3232 in
790 3176 875 3233 corde
888 3189 940 3234 suo
984 3175 1086 3246 quibus
1099 3181 1157 3234 tota
1166 3177 1358 3234 christianitas
1372 3192 1422 3250 per
1435 3179 1531 3236 orbem
1546 3179 1703 3238 universum
1718 3195 1806 3256 usque

112 3264 223 3332 tlemus,
250 3277 305 3321 non
333 3263 439 3321 babens
466 3264 670 3332 necessitatem,
699 3270 863 3336 potestatem
895 3281 943 3322 au·
984 3265 1067 3324 modo
1086 3266 1184 3324 dillusa
1211 3265 1330 3324 ieliciter
1356 3269 1441 3325 heum
1466 3274 1495 3326 et
1522 3268 1662 3327 hominem
1688 3270 1808 3343 diligens

111 3358 170 3411 tem
191 3352 300 3410 habens
318 3367 376 3410 snae
391 3352 559 3423 voluntatis,
588 3359 617 3410 ει
639 3353 685 3410 bic
699 3353 730 3387 ⁸⁹¹
756 3354 890 3425 judicavit
912 3355 942 3413 in
983 3352 1094 3424 iruitur,
1105 3356 1133 3413 in
1145 3355 1252 3426 judicio
1264 3362 1416 3413 vestrarum
1431 3357 1593 3426 animarum,
1605 3363 1635 3414 ut
1648 3371 1805 3428 possumus,

111 3443 202 3502 corde
232 3457 284 3501 suo
312 3457 421 3500 servare
447 3443 631 3516 virginitatem
658 3459 746 3514 suam,
776 3446 847 3502 bene
877 3445 944 3504 iacit
984 3444 1190 3512 committimus,
1207 3450 1237 3499 nt
1263 3443 1433 3513 sacerdotes,
1449 3458 1520 3516 quos
1542 3445 1667 3516 bigamos
1689 3452 1737 3504 εει
1758 3448 1807 3504 tri-

110 3531 155 3598 Μ,
172 3537 202 3590 ει
218 3532 269 3605 qni
283 3546 338 3590 non
351 3532 453 3603 jungit,
473 3532 572 3589 melius
586 3531 662 3600 iacit,
674 3549 690 3589 ε
704 3539 733 3590 ει
747 3535 879 3592 Dominus
893 3549 943 3606 per
983 3546 1078 3603 gamos
1100 3538 1148 3588 εει
1170 3532 1383 3590 concubinarios
1406 3533 1575 3602 invencritis,
1595 3541 1644 3591 aut
1665 3535 1807 3608 deponan-

110 3622 283 3694 prophetam
299 3642 306 3678 ι
324 3640 339 3674 «
354 3620 519 3679 Sacerdotes
536 3619 590 3677 mel
608 3621 714 3678 nubant
727 3623 823 3680 semel.
840 3643 855 3676 e
875 3626 942 3680 item
983 3625 1029 3678 tur
1043 3627 1090 3677 εει
1109 3619 1276 3678 dividantur.
1295 3619 1362 3678 illos
1380 3627 1472 3678 autem
1486 3635 1557 3692 quos
1570 3622 1722 3681 secundum
1740 3638 1808 3682 usus

109 3726 162 3783 per
182 3710 350 3783 prophetam
363 3731 369 3767 :
384 3729 398 3761 ι
413 3708 548 3768 Sacerdos
562 3710 696 3780 virginem
714 3710 797 3768 ducat
817 3725 941 3781 uxorem,
983 3709 1110 3766 ecclcsiae
1134 3710 1218 3767 totius
1242 3710 1324 3766 unius
1348 3710 1443 3767 uxoris
1465 3711 1540 3767 viros
1562 3711 1741 3781 inveneritis,
1770 3726 1806 3772 ne

108 3801 247 3860 similiter
270 3807 298 3858 ct
322 3800 404 3858 levita
431 3799 520 3872 (ιεειι.
536 3815 592 3869 xxx,
610 3799 668 3871 13).
685 3820 699 3854 e
725 3804 760 3858 Δι
774 3809 804 3859 ει
819 3803 876 3873 iam
890 3817 942 3875 ego
983 3799 1094 3855 veniant
1108 3798 1136 3855 in
1153 3800 1230 3871 pejus
1240 3798 1389 3856 dimittite:
1405 3803 1510 3856 ιεειειε
1524 3805 1637 3858 strenue
1651 3801 1806 3873 providete,

108 3890 155 3948 bis
174 3891 273 3949 verbis
291 3890 371 3948 tinem
397 3890 546 3962 imponam,
574 3888 641 3962 quid
664 3889 762 3947 beatus
782 3892 943 3949 Ambrosius
983 3902 1018 3946 ne
1039 3891 1135 3961 jugum
1159 3888 1234 3959 qnod
1254 3888 1342 3946 nostri
1365 3890 1484 3960 majores
1506 3889 1572 3947 olim
1594 3889 1666 3948 ierre
1685 3905 1741 3950 non
1756 3906 1806 3965 po-

108 3981 245 4040 scribens
267 3981 296 4038 in
319 3979 392 4038 libro
416 3979 451 4036 de
475 3977 576 4037 oiticiie
599 3979 684 4049 dicat,
704 3980 796 4038 audite
817 3980 851 4056 (1,
865 3980 939 4054 50):
983 3983 1106 4047 tuerunt,
1122 3977 1242 4034 calorem
1266 3983 1373 4035 naturae
1397 3977 1524 4036 humanae
1538 3992 1620 4049 quam
1634 3980 1672 4036 sit
1689 3980 1724 4038 ad
1743 3994 1807 4053 pec·

110 4071 186 4128 elle
201 4069 380 4142 monogamia
403 4067 595 4126 sacerdotiim
616 4069 683 4141 quid
702 4068 810 4142 loquar,
830 4071 942 4144 quando
983 4067 1101 4125 eandum
1124 4065 1255 4138 proclivis
1278 4073 1489 4140 cognoscentes,
1506 4067 1598 4127 ordini
1620 4077 1718 4128 nostro
1731 4071 1805 4129 into·

108 4173 165 4217 una
193 4163 304 4218 tantum
328 4158 496 4229 permittitur
514 4158 614 4230 copula
636 4165 665 4217 et
688 4172 744 4217 non
762 4160 889 4231 repetita.
910 4161 941 4218 ln
982 4157 1135 4215 lerabiliter
1170 4157 1389 4229 superponatis,
1430 4171 1567 4216 memores
1601 4160 1806 4232 evangeliorum

108 4247 173 4320 ipsc
197 4263 271 4320 erge
293 4247 422 4320 conjugio
442 4247 487 4305 lex
505 4256 557 4318 est,
577 4262 634 4307 non
651 4248 752 4307 iterare
771 4251 940 4324 conjugium,
981 4247 1101 4316 Domini,
1125 4246 1174 4318 qui
1198 4260 1260 4304 curn
1284 4247 1391 4304 videret
1407 4261 1474 4304 suos
1498 4246 1650 4318 discipulos
1672 4263 1688 4304 ε
1710 4250 1805 4305 Phari-

109 4349 163 4395 nec
176 4336 333 4396 secundam
349 4337 470 4410 conjugii
488 4338 583 4396 sortiri
602 4339 845 4410 conjunctionem
866 4340 940 4412 quod
982 4337 1046 4395 seis
1064 4336 1189 4408 legaliter
1207 4334 1335 4408 redargui
1353 4335 1479 4393 dicentes
1495 4355 1503 4390 e
1519 4353 1535 4387 o
1553 4335 1686 4406 Discipuli
1709 4336 1749 4392 tul
1768 4335 1806 4392 ia·

109 4423 143 4456 ”⁸
164 4427 313 4499 plerisque
332 4427 430 4485 mirum
445 4427 563 4486 videtur.
583 4429 651 4485 Cum
669 4428 752 4485 etiam
770 4434 834 4486 ante
852 4425 1069 4500 bapti-petunt,
1084 4425 1159 4495 quod
1175 4438 1231 4482 non
1246 4424 1311 4482 licet
1326 4424 1367 4481 eis
1385 4421 1477 4482 iacere
1492 4422 1614 4480 sabbatis
1629 4423 1738 4494 (dietih
1753 4439 1803 4492 xvv,

107 4531 201 4576 smum
228 4518 329 4575 iterata
352 4517 480 4590 coniugia
498 4517 633 4576 dhatione
645 4515 679 4550 ⁸⁰⁸
708 4518 830 4576 muneris
848 4525 877 4576 ει
897 4533 940 4576 or·
981 4514 1024 4587 2),
1041 4513 1143 4571 vellere
1166 4515 1258 4585 spicas
1272 4520 1301 4570 ει
1319 4512 1505 4581 manducare,
1523 4533 1536 4563 a
1556 4514 1636 4570 lesus
1650 4520 1741 4570 autern
1756 4515 1804 4570 de·

108 4603 269 4664 dinattonis
300 4607 511 4678 prerogativam
538 4605 734 4678 impedimenta
761 4613 940 4679 generentur,
981 4602 1098 4660 tendens
1120 4616 1179 4672 eos,
1196 4608 1227 4659 ut
1248 4602 1446 4674 paetorbonus
1460 4601 1500 4658 ait
1513 4601 1575 4658 eis:
1594 4602 1684 4659 «lion
1699 4600 1805 4674 legistis

106 4707 172 4751 curn
198 4694 286 4753 etiam
309 4694 410 4752 delicta
438 4694 537 4753 obesse
561 4708 617 4753 non
643 4695 761 4764 soleant,
788 4695 813 4752 si
840 4695 941 4753 lavacri
982 4691 1049 4764 quid
1067 4689 1166 4750 iecerit
1188 4690 1272 4748 David
1292 4690 1402 4763 quando
1422 4689 1546 4759 esurivit,
1566 4694 1594 4747 et
1620 4691 1669 4762 qui
1688 4703 1751 4747 cum
1770 4704 1804 4748 eo

107 4785 231 4842 remissa
246 4783 350 4842 tuerint
363 4789 547 4854 sacramento,
562 4784 612 4842 sed
626 4783 782 4857 intelligere
797 4784 940 4856 debemus,
982 4785 1081 4839 eranti
1104 4787 1152 4839 aut
1165 4793 1222 4838 non
1236 4780 1343 4852 legistis
1356 4780 1385 4837 iu
1402 4779 1463 4851 lege
1486 4778 1560 4851 quod
1574 4778 1697 4836 sabbatis
1714 4793 1805 4837 sacer·

106 4873 176 4944 quia
210 4872 366 4944 baptismus
398 4873 507 4945 culpam
538 4874 679 4932 remittere
696 4871 729 4906 ¹⁸⁸
761 4877 863 4945 potest,
897 4871 942 4930 lex
982 4871 1062 4930 dotes
1076 4872 1105 4930 in
1129 4870 1232 4943 templo
1256 4870 1399 4928 sabbatum
1423 4869 1537 4938 violant,
1557 4876 1585 4926 ει
1609 4870 1668 4926 sinc
1688 4869 1803 4927 crimine
1915 4871 1916 4874 ’

106 4961 222 5021 aboleri
238 4975 295 5020 non
310 4968 411 5035 potest.
433 4964 465 5022 ln
490 4963 620 5036 conjugio
639 4977 695 5022 non
719 4962 809 5035 culpa,
824 4963 873 5020 sed
896 4962 942 5020 lex
982 4967 1104 5020 suntin
1136 4963 1253 5018 Naturae
1283 4960 1394 5018 leonum
1420 4958 1511 5029 quivis
1543 4959 1626 5017 homo
1657 4957 1803 5016 humiliare

797 5114 910 5174 VARIAE
933 5115 1125 5173 anemonas.

142 5239 374 5298 ΙΙ’ὶιεεειεεείε
391 5239 490 5300 muniti
503 5243 549 5300 ι’.
565 5239 622 5298 h**.
638 5241 668 5297 n.
683 5239 796 5299 munitis
815 5255 857 5298 me
877 5241 905 5299 d.
932 5240 976 5298 Bi.
1021 5239 1055 5274 ⁸⁸⁸
1077 5240 1177 5299 doceat
1201 5255 1227 5296 c.
1252 5237 1321 5309 εειε.
1367 5235 1400 5270 ⁸⁸⁸
1423 5242 1515 5294 servet
1537 5265 1574 5278 -
1627 5236 1726 5322 atiam'
1770 5279 1802 5320 ³.

104 5311 139 5344 “⁸
169 5311 360 5370 absolutionis
386 5313 437 5369 A*
464 5311 507 5370 Bi.
558 5311 591 5344 ⁸⁸⁸
615 5312 668 5368 liic
693 5317 783 5369 noster
808 5313 950 5370 sententies
975 5311 1012 5369 oti
1029 5317 1074 5370 εει
1093 5313 1187 5369 ambit.
1226 5307 1429 5379 msuscipiendi
1455 5305 1551 5392 vulp..
1630 5306 1740 5366 iteravvt
1795 5349 1803 5364 .

103 5381 139 5416 ⁸⁸·
154 5382 341 5441 stabilitatem
358 5381 474 5455 mindi·
511 5387 622 5455 expetat
702 5424 709 5439 .
748 5383 778 5416 ⁸⁹¹
793 5383 847 5442 hoc
860 5384 896 5442 ib.
936 5383 993 5441 ⁸¹¹1
1023 5389 1070 5443 tur
1083 5387 1111 5440 ει
1129 5383 1177 5455 qul
1191 5381 1366 5439 matrimonio
1392 5380 1469 5451 ungit
1482 5379 1616 5451 virginem
1629 5393 1716 5448 suam,
1733 5379 1804 5438 bene

104 5455 176 5511 iacit
191 5453 431 5512 aeitibrcriaeeei
443 5455 528 5512 Laod.
544 5455 640 5512 εειίείι.
689 5455 761 5514 ”lie
777 5457 939 5514 castimonia
958 5464 1049 5514 autem
1078 5471 1106 5526 q.
1135 5453 1206 5525 mia.
1253 5451 1285 5485 ⁸⁹⁸
1312 5454 1352 5521 Qu
1390 5466 1441 5534 Ιι).
1466 5463 1504 5506 ιε.
1529 5465 1555 5508 v.
1579 5464 1629 5536 cur
1649 5450 1720 5522 utiq,
1772 5451 1806 5484 ¹⁰⁸

104 5526 207 5582 iterati
224 5527 346 5598 conjugii
365 5527 578 5584 adelectionem
594 5525 672 5582 mih
708 5525 742 5559 ¹⁹⁸
760 5527 896 5598 baptismo
916 5527 996 5598 culpa
1011 5526 1112 5584 dimitti
1135 5526 1172 5582 ib.
1209 5523 1311 5581 ”⁷non
1333 5537 1357 5578 s.
1385 5521 1422 5578 ab.
1469 5520 1502 5554 ¹⁸⁸
1524 5523 1653 5606 queruli.
1700 5521 1734 5554 ⁸⁹⁹
1751 5523 1806 5582 Eu·

103 5597 413 5667 tropiumetPaulum
427 5597 497 5668 aab.
536 5597 910 5668 “ammentante
948 5598 978 5629 “¹
994 5599 1028 5654 ab
1044 5597 1071 5653 h.
1094 5599 1113 5653 l.
1127 5596 1219 5652 daem
1233 5594 1271 5655 ib.
1308 5593 1395 5651 “sol
1415 5593 1585 5665 indepti.
