4024 6174
113 215 157 276 tii
766 211 810 272 DE
827 211 935 272 butio
952 210 1125 270 mortino.
1740 211 1795 270 582

112 344 134 402 ei
155 347 239 416 geret.
265 341 322 410 Qua
347 339 400 398 ilde
425 339 538 398 multum
563 339 609 398 ille
634 339 758 408 laetatus,
782 337 856 396 iclicl
880 337 1121 409 estbgontlnus,
1159 334 1437 408 liagedaburgeosis,
1472 335 1706 410 saltzburgensis,
1739 340 1793 398 Pa-

112 439 192 492 morte
216 431 356 488 resolutus
370 429 413 487 ⁸¹⁸.
439 432 551 488 Factum
566 437 609 486 est
623 438 712 486 antem
729 429 782 486 boo
797 428 925 499 proelium
965 427 1207 494 iborbrunnensis‚
1234 426 1503 484 liiidiuisbeimensis
1521 425 1563 484 ⁸⁸¹.
1596 429 1719 501 Cumque
1743 431 1791 502 qui

111 529 232 593 quartum
248 535 321 578 anno
341 521 376 576 ab
401 520 594 577 incarnatione
609 519 715 576 bomini
734 517 811 586 1080,
832 518 926 574 lilibus
966 531 999 571 cx
1023 517 1069 572 illa
1094 523 1172 586 parte
1194 521 1283 582 erant,
1308 522 1455 582 secretum.
1481 517 1558 588 qund
1582 517 1635 574 soli
1654 518 1794 589 principes

110 611 240 678 Octobris,
261 610 329 667 ieria
347 609 374 666 5.
966 605 1104 673 audirent,
1124 605 1227 662 babere
1252 605 1419 676 colloquium
1444 605 1606 674 voluissent,
1627 608 1715 664 nostri
1734 608 1796 664 nul·

144 701 201 755 125.
232 700 339 757 Deinde
369 713 476 756 mense.
495 698 658 764 Decembri,
692 710 753 754 cnm
787 696 927 768 principes
967 693 1022 751 lum
1048 709 1203 752 sermonem
1229 695 1357 752 conierrc
1376 695 1521 764 volebant,
1547 698 1599 754 nisi
1623 712 1705 769 quem
1727 713 1796 756 cun·

111 790 193 848 nostri
209 788 372 860 congregati
388 788 422 844 de
436 792 509 844 statu
531 787 609 860 regni
623 789 666 843 sui
681 793 841 852 tractarent,
861 799 927 842 ecce
967 785 1077 854 ciisqni
1092 793 1289 852 convenerant,
1301 787 1407 858 magnis
1417 793 1445 842 et
1459 789 1560 857 parvis,
1573 788 1668 844 audire
1684 788 1794 846 liceret.

110 879 221 936 nuncius
244 878 340 934 aderat
359 877 407 948 qui
431 876 537 933 diceret
561 876 720 932 lieinricum
744 875 778 932 ad
803 889 869 931 suos
893 873 927 931 de
966 873 1023 927 inm
1049 887 1113 929 vero
1133 872 1263 930 sedecies
1289 889 1322 931 ex
1342 883 1458 946 utraque
1483 884 1561 947 parte
1580 877 1628 933 diu
1646 878 1793 947 tacebant;

110 967 203 1038 proelio
228 979 368 1022 reuersum
389 967 518 1036 jactasse,
538 963 613 1035 quod
638 979 702 1036 rege
721 965 858 1020 &nonum
877 976 927 1021 nc·
967 961 1032 1031 quia
1057 966 1085 1017 ci
1108 963 1212 1029 nostri,
1237 962 1283 1032 qni
1308 961 1398 1032 rogati
1421 959 1478 1016 illis
1506 967 1698 1028 occurrerant,
1727 961 1794 1032 quid

109 1059 162 1114 riso
190 1062 279 1112 totam
308 1056 452 1112 saxoniam
481 1069 539 1110 sure
568 1053 668 1110 ditioni
692 1054 875 1124 subjecisset,
901 1059 928 1109 ci
968 1049 1009 1105 illi
1038 1049 1140 1106 vellent
1167 1050 1370 1119 expectabant;
1401 1054 1429 1104 ei
1458 1047 1498 1103 illi
1530 1062 1586 1104 non
1618 1063 1648 1104 se
1681 1063 1795 1122 rogasse

109 1159 177 1202 nunc
200 1145 326 1202 exercitu
345 1151 513 1216 congregato
537 1143 695 1211 adventare,
720 1143 757 1198 ita
780 1148 810 1198 ut
831 1141 930 1199 Gosla-
969 1145 1092 1206 nostros,
1108 1138 1158 1194 sed
1184 1139 1287 1195 nostris
1310 1144 1422 1210 rogatos
1437 1139 1545 1194 venisse
1560 1139 1646 1195 rideri
1660 1138 1794 1209 volentes,

109 1237 152 1292 ric
174 1234 294 1290 natalem
310 1233 342 1265 ⁰¹³
365 1233 473 1290 Domini
497 1231 659 1288 celebraret.
683 1233 736 1288 Sed
761 1232 848 1288 nostri
873 1244 929 1287 ma·
968 1228 1034 1297 quid
1064 1242 1079 1283 a
1113 1227 1220 1284 nostris
1248 1233 1413 1298 peteretur,
1443 1226 1644 1284 auscultabant.
1675 1228 1794 1284 Tandem

107 1341 156 1398 gno
180 1325 309 1381 exercitu
334 1338 384 1394 per
403 1323 523 1380 triduum
546 1323 676 1390 collecto,
702 1323 727 1378 ei
749 1327 930 1393 perrexerunt
971 1317 1059 1372 nostri
1075 1322 1236 1387 rumpentes
1249 1315 1401 1380 silentium,
1418 1323 1448 1372 ut
1466 1317 1589 1372 omniurn
1611 1317 1716 1374 iaceret
1729 1332 1795 1374 uer-

108 1416 225 1477 obriam,
246 1415 346 1470 virtute
369 1427 445 1469 suam
470 1411 609 1468 del'cusnri
634 1411 760 1482 patriam.
785 1411 863 1479 Quod
883 1411 929 1468 ille
970 1405 1056 1473 bum,
1090 1405 1279 1462 Gerebardnm
1312 1406 1452 1474 petierunt
1483 1405 1721 1477 saltzburgensem
1754 1421 1797 1463 ar·

111 1502 337 1576 cognoscerem,
362 1517 377 1558 a
401 1515 497 1574 magna
520 1516 569 1572 spe
592 1502 703 1568 cecidit,
720 1503 783 1572 quia
798 1502 928 1568 Saxones,
970 1495 1188 1566 cbiepiscopum.
1209 1494 1260 1562 Qui
1284 1507 1413 1564 surgens,
1440 1501 1469 1550 ul
1491 1502 1550 1551 erat
1569 1496 1610 1552 tir
1633 1511 1684 1566 per
1702 1497 1796 1553 omnia

106 1595 166 1650 dum
180 1607 239 1650 non
263 1593 398 1649 baberent
418 1598 566 1656 rectorem,
582 1589 663 1647 iacile
678 1591 749 1648 vinci
768 1605 849 1661 posse
863 1605 929 1662 spe·
971 1585 1093 1655 prudens
1115 1593 1143 1640 et
1162 1585 1304 1650 bonestus,
1321 1591 1349 1640 ei
1372 1582 1472 1640 honori
1498 1598 1580 1654 quem
1604 1585 1718 1656 gerebat
1741 1598 1796 1643 non

107 1683 182 1739 ravit.
210 1684 297 1753 igitur
321 1682 444 1738 exercitu
467 1694 517 1737 suo
540 1679 664 1748 dimisso,
681 1681 852 1751 consilioque
867 1675 1113 1738 moliminum
1135 1673 1281 1730 conferetis
1303 1673 1433 1740 honoris,
1458 1673 1535 1729 vultu
1560 1675 1706 1744 modesto,
1730 1689 1796 1732 voce

108 1780 172 1837 tato,
195 1771 269 1826 misit
283 1769 318 1826 ad
340 1770 463 1826 Saxones
482 1769 588 1839 legatos
602 1766 643 1836 ⁰¹¹,
661 1776 691 1824 ut
705 1769 928 1841 quandoquidem
970 1763 1125 1830 mediocri,
1152 1777 1262 1820 sensum
1287 1761 1411 1833 proludit
1428 1763 1562 1833 sapientis
1586 1772 1613 1818 et
1638 1763 1676 1833 pii
1700 1771 1797 1835 pecto-

108 1860 213 1917 oollcnt
228 1873 289 1916 esse
304 1859 364 1915 sinc
383 1873 459 1930 rege,
475 1857 560 1914 illium
575 1871 654 1914 suum
674 1859 727 1914 sibi
747 1857 871 1914 iacerent
886 1871 929 1914 re·
970 1851 1009 1908 ris
1025 1873 1031 1907 :

107 1965 176 2020 gem,
200 1963 288 2020 seque
316 1949 373 2005 111ss
397 1951 501 2018 jurare,
531 1948 606 2018 quoq
636 1961 783 2018 qumquam
810 1949 927 2006 intraret
1008 1939 1068 1995 127.
1095 1959 1109 1993 c
1125 1941 1255 2011 Episcopi
1269 1939 1441 1998 venerabiles
1456 1941 1597 2012 ceterique
1612 1955 1683 2012 quos
1697 1942 1797 1999 ridetis

108 2046 206 2094 terram
222 2037 358 2096 Saxoniae.
379 2038 427 2095 Cui
452 2037 584 2108 legationi
610 2036 665 2093 dux
688 2039 763 2105 0iio,
779 2038 852 2093 sicut
871 2044 930 2094 erat
971 2028 1068 2086 adesse
1099 2029 1241 2100 principes
1273 2029 1427 2098 S²¹⁰¹li⁰ie
1463 2029 1534 2086 ¹¹³ssss
1567 2043 1680 2100 Olmii
1713 2032 1797 2088 michi

106 2127 204 2184 sollius
229 2129 325 2198 jocose
351 2141 448 2200 magna
476 2129 548 2183 seria
573 2125 605 2160 ‘¹⁸
633 2127 767 2184 nonnullo
790 2127 930 2184 scbemaie
971 2118 1077 2189 didimi
1099 2125 1164 2174 ⁵¹¹¹st
1183 2119 1337 2188 ῑῐῐψῡΰθῐθ,
1355 2119 1751 2188 bu³¹fl¹¹1¹⁵³¹¹iffl⁰⁵0ffl¹lfflffl
1766 2120 1798 2152 ‘⁸'

104 2215 219 2274 ludendi
233 2216 335 2284 velare,
352 2214 495 2286 respondit
515 2237 521 2272 :
549 2219 666 2286 «saepe,
683 2217 788 2284 dicens,
804 2233 838 2273 ex
861 2218 930 2274 bove
972 2208 1025 2262 mei
1049 2207 1186 2264 Siffflffllis
1209 2205 1301 2263 ⁰ffl⁰³0
1321 2207 1435 2264 debeam
1454 2208 1534 2264 V⁰bl⁸
1551 2221 1699 2278 ΘΧ11011118·
1721 2209 1798 2266 Unde

101 2305 172 2360 malo
198 2305 302 2360 malum
324 2303 439 2360 vitulum
464 2302 517 2358 vidi
540 2311 698 2374 generatum
727 2303 778 2372 ⁸⁸¹;
812 2305 931 2376 ideoque
972 2309 1021 2353 tos
1048 2309 1158 2363 omues,
1189 2295 1348 2352 sacerdotes
1371 2297 1462 2353 sancti
1494 2298 1636 2368 ceterique
1669 2300 1800 2368 primates

99 2406 150 2450 uec
172 2393 229 2448 illii
244 2407 296 2448 nec
315 2391 401 2462 patris
420 2391 509 2446 babeo
524 2391 702 2448 desiderium.
721 2413 733 2442 s
972 2386 1077 2453 eximii,
1094 2391 1205 2457 rogatos
1224 2399 1284 2442 esse
1303 2387 1377 2454 volo,
1403 2395 1433 2442 ut
1456 2399 1498 2442 me
1518 2386 1670 2457 dignemini
1693 2387 1801 2458 patien-

135 2481 201 2536 126.
244 2481 393 2536 Transacto
425 2493 490 2536 uero
524 2479 608 2535 natali
641 2481 748 2536 bomini
781 2481 931 2551 proximo,
973 2481 1016 2530 ter
1041 2476 1153 2542 audire,
1181 2483 1209 2532 ei
1227 2489 1318 2532 causac
1342 2475 1494 2544 communi,
1520 2489 1601 2546 quam
1625 2490 1686 2532 snm
1705 2477 1800 2546 jussus

97 2583 156 2639 quo
174 2567 276 2622 loeis·
300 2567 334 2624 ab
355 2567 546 2624 incarnatione
570 2568 676 2623 bomini
697 2569 824 2639 inceptus
837 2569 869 2601 ⁸⁸⁹
887 2583 933 2625 an·
973 2579 1066 2636 agere,
1086 2566 1205 2621 animum
1235 2566 1424 2637 tranquillum,
1446 2580 1502 2637 qun
1526 2580 1620 2622 rerum
1648 2581 1800 2638 agnoscere

104 2673 158 2714 nus
182 2665 254 2724 erat,
283 2658 430 2714 Heinricus
457 2671 540 2713 exrex
568 2657 673 2713 ltaliam
700 2659 866 2729 disponebat
893 2659 934 2714 in·
974 2653 1049 2710 et⁶⁸⁸
1073 2655 1228 2710 examinare
1249 2656 1372 2726 possitis,
1397 2655 1549 2723 adbibere;
1574 2656 1638 2726 quia
1661 2671 1717 2713 non
1736 2657 1799 2728 plus

104 2746 200 2816 gredi,
227 2754 257 2802 ut
280 2747 435 2818 imponeret
458 2747 578 2816 aliquem
603 2747 684 2804 linem
708 2763 799 2805 rerum
823 2761 932 2804 suarum
974 2751 1070 2799 nostra
1088 2758 1169 2814 quam
1196 2753 1295 2811 vestra,
1327 2745 1350 2800 si
1379 2745 1471 2812 vultis,
1496 2746 1624 2814 interest,
1646 2761 1709 2816 quae
1737 2761 1798 2804 sunt

107 2836 189 2906 longo
215 2834 312 2902 labori,
338 2835 445 2892 scilicet
469 2845 498 2892 ut
524 2837 565 2893 rel
590 2836 692 2894 domno
714 2853 782 2908 papa
800 2838 933 2909 Gregorio
973 2833 1099 2890 dicturus
1117 2848 1278 2905 agnoscere.
1304 2836 1400 2893 Vestro
1428 2836 1552 2905 ipsorum
1581 2835 1740 2894 testimonio
1765 2835 1800 2892 il-

107 2924 297 2980 bumiliatione
319 2923 381 2980 dcta
405 2925 522 2994 placato,
546 2926 603 2986 sive
622 2926 647 2981 vl
668 2927 809 2996 tyrannica
824 2935 931 2995 coacto,
974 2922 1073 2978 dedier
1099 2925 1245 2979 innitimur
1267 2922 1309 2990 ⁴⁸⁸,
1340 2925 1404 2995 (iiiii
1428 2937 1487 2991 tos,
1516 2925 1677 2996 quamvlsa
1706 2930 1800 2983 11081111

107 3012 213 3069 vincula
243 3013 346 3080 banni,
380 3014 481 3084 quibus
509 3022 568 3071 erat
595 3013 705 3086 ligatus,
735 3022 859 3082 exueret,
888 3001 1106 3072 vchsocietate
1122 3013 1461 3080 discessistis,avoritaiis
1476 3027 1569 3072 amore
1585 3028 1640 3072 nou
1655 3015 1799 3072 discedere

108 3100 179 3170 qnod
196 3103 285 3173 magis
297 3102 416 3169 uolebat,
432 3104 564 3174 Gregorio
585 3117 635 3173 per
648 3104 701 3158 vim
721 3102 757 3160 de.
776 3105 842 3160 sede
864 3118 932 3174 pon·
972 3101 1155 3158 eonildimus:
1172 3131 1207 3142 -
1221 3109 1324 3170 restro,
1348 3103 1471 3173 iuquam,
1496 3105 1654 3161 testimonio
1680 3105 1799 3176 probare

109 3191 226 3246 tilicatns
250 3193 351 3262 ejecto,
378 3198 406 3247 et
430 3193 458 3248 in
482 3195 541 3264 ipsa
555 3193 621 3250 sede
636 3194 760 3264 Wiperto
774 3196 930 3250 Rauennate
971 3191 1107 3258 volumus,
1136 3193 1247 3262 quantis
1275 3192 1395 3263 injuriis,
1427 3195 1538 3264 quantis
1565 3194 1741 3252 contumeliis
1762 3195 1801 3252 si·

108 3279 264 3348 collocato,
290 3282 338 3350 qui
357 3280 412 3351 lam
437 3295 487 3352 per
510 3282 658 3338 triennium
679 3284 754 3352 juste
777 3283 864 3340 luerat
885 3298 932 3340 ex·
972 3295 1033 3337 mus
1052 3280 1142 3337 aliecti
1165 3281 1229 3338 dum
1255 3289 1314 3338 toto
1336 3283 1439 3349 animo,
1466 3291 1523 3339 tota
1545 3284 1703 3350 voluntate,
1728 3284 1802 3340 sicut

108 3370 347 3436 communicatus,
373 3369 461 3426 libere
483 3369 586 3426 laceret
610 3371 701 3428 omnia
725 3387 788 3442 quae
811 3387 868 3429 snae
892 3379 933 3444 ty·
973 3371 1099 3437 decebat,
1124 3371 1199 3441 regis
1224 3384 1332 3426 eramus
1358 3371 1471 3426 servitio
1499 3371 1628 3440 subjecti.
1658 3372 1713 3426 Vos
1743 3371 1797 3440 ipsi

108 3459 214 3515 ranuidi
246 3458 398 3528 placerent,
428 3473 489 3515 cunr
518 3458 552 3516 de
571 3459 637 3516 sede
667 3460 817 3531 apostolica
843 3462 933 3517 omnis
972 3461 1060 3528 scitis,
1076 3459 1206 3528 quotiens
1230 3458 1389 3529 singillatim
1414 3457 1456 3513 vel
1481 3459 1664 3515 communiter
1680 3467 1800 3516 vestrum

109 3560 161 3603 sure
194 3547 349 3604 voluntatis
381 3547 500 3605 latorem
532 3549 657 3605 baberet.
700 3550 754 3605 Sed
786 3547 933 3606 familiares
974 3549 1121 3620 petivimus
1153 3547 1303 3614 auxilium,
1337 3560 1393 3617 quo
1427 3561 1477 3616 pro
1509 3547 1638 3604 benivola
1669 3549 1801 3605 servitute

108 3633 191 3705 ipsius
213 3650 273 3694 uon
296 3643 384 3693 tutum
409 3637 542 3708 putabant
564 3636 634 3705 lore,
654 3638 809 3694 saxonibus
828 3639 933 3694 recenti
975 3645 1070 3692 nostra
1097 3635 1140 3692 vel
1168 3636 1222 3692 boc
1250 3650 1283 3691 cx
1316 3635 1517 3691 intercessione
1549 3643 1639 3692 restra
1671 3635 1802 3694 redderet

109 3726 203 3792 proelio
236 3726 418 3784 vehementer
451 3727 623 3784 exacerbatis
657 3726 829 3783 invadendos
866 3728 935 3783 lines
975 3728 1056 3785 nobis
1071 3727 1224 3798 praemium,
1242 3734 1272 3783 ut
1295 3741 1310 3782 a
1334 3727 1491 3794 multarum,
1516 3741 1579 3798 quae
1602 3741 1654 3784 nos
1672 3729 1803 3799 importa-

109 3827 170 3872 suos
192 3817 367 3888 relinquere,
391 3832 453 3874 cum
482 3817 516 3874 de
545 3818 663 3874 adventu
687 3816 796 3874 illorum
821 3816 932 3872 dubita·
975 3817 1045 3873 biles
1073 3817 1254 3888 premebant,
1282 3818 1385 3873 levaret
1413 3814 1487 3873 tasce
1519 3817 1714 3874 calamitatum.
1744 3820 1802 3877 lloc

111 3903 208 3962 tionem
240 3906 345 3962 nullam
374 3907 518 3973 baberent,
547 3907 571 3962 si
600 3913 746 3978 pergentes
770 3905 932 3974 lulianam,
975 3909 1039 3978 quia
1070 3923 1144 3980 saepe
1178 3908 1387 3979 postulavimus,
1414 3907 1518 3978 optime
1546 3909 1644 3976 scitls;
1678 3917 1706 3966 et
1734 3911 1801 3980 quid

111 4005 183 4049 suam
207 3996 329 4066 patriam
353 3995 413 4051 sine
429 3995 529 4051 uirtute
548 3994 660 4051 militari
682 3996 862 4051 dimitterent.
886 3995 935 4050 bii-
976 3998 1142 4069 postulando
1157 3997 1334 4068 proiecimus,
1350 3997 1477 4054 simililer
1494 3999 1599 4068 optime
1622 3999 1709 4056 scitis.
1735 3999 1801 4058 lude

111 4091 202 4141 serunt
225 4099 296 4156 ergo
315 4085 488 4155 principibus
511 4087 614 4141 nostris
637 4086 759 4153 nuntios,
781 4086 934 4156 quisingu·
975 4101 1025 4144 vos
1051 4101 1107 4144 non
1133 4089 1300 4154 incusamus,
1333 4087 1397 4158 quia
1425 4101 1477 4144 vos
1505 4101 1556 4158 pro
1586 4097 1679 4146 nostra
1708 4103 1800 4157 causa,

113 4171 164 4229 lare
183 4175 357 4245 colloquium
386 4181 533 4246 rogantes,
558 4180 667 4245 tempus
690 4181 717 4231 ei
741 4175 831 4232 locum
861 4188 941 4244 pre-⁴
975 4178 1098 4249 quamvis
1126 4191 1221 4248 parum
1251 4177 1332 4233 nobis
1360 4177 1522 4246 prodesset,
1556 4191 1631 4247 saepe
1661 4178 1802 4235 laborasse

115 4261 228 4332 inirent,
259 4277 315 4334 quo
336 4277 370 4321 en
389 4270 504 4334 utraque
529 4269 606 4333 parte
630 4264 770 4335 principes
788 4265 879 4331 electi,
900 4262 934 4319 de
978 4267 1157 4338 cognovimns
1170 4265 1212 4322 ⁸⁸³.
1236 4265 1320 4334 Quale
1346 4279 1410 4322 vero
1438 4265 1580 4333 praemium
1595 4272 1698 4321 nostre
1713 4267 1801 4322 dero·

115 4355 250 4410 communi
281 4354 356 4410 bono
381 4353 543 4421 tractaturi,
573 4353 761 4413 convenirent.
791 4333 1048 4412 convene-Diioui
1072 4355 1182 4412 dederit
1200 4355 1335 4420 ultimum,
1360 4351 1427 4422 quid
1451 4365 1522 4421 opus
1545 4358 1587 4407 est
1610 4353 1715 4416 dicere,
1738 4367 1801 4410 cum

117 4450 175 4497 runt
203 4451 299 4499 autem
326 4442 397 4498 ultra
417 4441 527 4498 ilnvium
557 4443 604 4513 qui
632 4443 738 4498 wisara
767 4441 879 4506 dicitur,
909 4443 937 4496 in
978 4445 1152 4502 manilestum
1175 4451 1217 4500 est
1240 4444 1329 4500 oculis
1352 4441 1484 4509 omnium,
1503 4440 1646 4511 quiahoc,
1661 4442 1801 4512 quodba·

116 4529 178 4586 silva
203 4545 270 4604 quae
289 4531 354 4587 inde
382 4531 510 4601 Capuana
536 4538 659 4597 uocatur,
687 4531 750 4600 quia
779 4530 813 4586 ad
842 4530 936 4586 urbetu
979 4534 1210 4601 bnitmaximum,
1226 4534 1307 4589 nobis
1331 4531 1459 4602 rependit
1481 4537 1642 4587 ertitcmunt.
1667 4530 1798 4588 Sacerdo-

117 4632 174 4686 quae
196 4623 292 4692 Capua
322 4619 373 4692 1551
399 4620 556 4675 nominatur
585 4621 723 4690 portinere
750 4622 936 4692 cognoscitur.
980 4630 1022 4680 tes
1036 4637 1153 4695 namque
1168 4636 1224 4679 non
1242 4623 1331 4680 solum
1355 4623 1389 4678 de
1414 4619 1490 4677 nullo
1510 4621 1625 4676 crimine
1645 4621 1798 4689 convictos,

116 4707 305 4767 Convenerunt
331 4715 422 4765 autem
442 4710 565 4780 episcopi
593 4711 650 4778 (oc.
675 4709 761 4776 1081,
790 4711 878 4780 Febr.)
904 4727 938 4769 ex
979 4713 1028 4770 sed
1051 4727 1101 4769 nec
1126 4712 1289 4784 regulariter
1310 4717 1464 4777 accusatos,
1488 4715 1534 4764 aut
1559 4709 1586 4764 in
1606 4708 1801 4767 vinculasicut

117 4795 158 4852 illa
183 4808 264 4869 parte
286 4799 469 4866 coloniensis,
490 4800 675 4868 brennacensis,
692 4801 936 4872 babenbergensis,
979 4803 1101 4859 latrones
1119 4804 1249 4873 conjecit,
1273 4808 1320 4857 ant
1343 4815 1358 4856 a
1381 4799 1494 4856 sedibus
1519 4798 1586 4864 suis,
1611 4813 1682 4870 quos
1700 4813 1800 4869 capere
1904 4791 1914 4804 '

117 4885 273 4956 Spirensis,
298 4888 499 4960 Tmlectensis;
525 4903 558 4944 ex
587 4895 680 4945 nostra
704 4879 769 4946 ¹uero
789 4898 865 4961 parte
884 4893 938 4948 lla-
979 4907 1035 4948 non
1051 4898 1169 4963 poterat,
1185 4891 1307 4948 omnium
1330 4902 1421 4946 rerum
1446 4901 1557 4944 suarum
1581 4889 1671 4944 nudos
1694 4888 1801 4960 elinga-

791 5017 903 5074 VriltlAE
925 5019 1120 5076 incruditus

150 5137 182 5170 '¹⁸
199 5153 232 5196 ac
247 5138 313 5197 iude
328 5139 477 5196 translatus
495 5139 663 5211 llerseburg,
679 5140 761 5197 sicuti
784 5141 867 5199 bodie
885 5149 961 5215 patet
982 5145 1016 5200 ab
1033 5145 1101 5215 ipsis
1123 5141 1276 5199 honorilice
1295 5146 1337 5197 esi
1355 5109 1559 5196 tumulatur.
1614 5137 1647 5171 ⁸¹⁸
1665 5139 1755 5198 natale
1772 5142 1797 5200 1.

118 5205 147 5240 “”
169 5225 232 5282 agn.
249 5211 278 5268 2.
333 5211 365 5244 ⁸¹⁷
389 5212 409 5267 1.
430 5223 531 5289 rogans
550 5216 580 5268 ut
593 5210 621 5265 2.
676 5210 709 5244 ⁸¹⁸
726 5213 799 5270 serie
821 5215 844 5270 l.
900 5214 932 5247 ⁸¹⁹
954 5223 1066 5288 gnatum
1085 5211 1122 5271 ll.
1177 5213 1357 5283 ⁸⁸⁰incipltur
1375 5212 1397 5267 l.
1454 5209 1484 5242 ⁸⁸¹
1500 5208 1756 5270 billinisbeimeosis
1772 5212 1797 5275 i.

118 5277 335 5340 biibesbeimll.
391 5281 544 5340 momnl.
600 5281 709 5341 ⁸⁸’aet
726 5285 818 5344 desum
835 5286 860 5342 1.
878 5285 917 5345 ll.
971 5287 1046 5344 eom
1061 5284 1297 5344 nitimnrl.iude
1311 5284 1425 5341 nitimur
1437 5280 1476 5342 ll.
1531 5279 1681 5354 ⁸⁸⁸agni.

154 5477 216 5556 (ab)
239 5479 418 5556 madungen.
904 5411 1013 5472 Nom
