4160 6196
246 290 297 346 itt
794 279 940 338 JOANNES
957 273 1165 335 enimse.
1184 271 1352 330 umente.
1874 255 1926 316 tto

244 414 381 488 pitulum,
410 414 529 485 hymnus
555 415 584 468 et
606 407 757 468 versiculus
779 417 836 461 non
857 404 998 459 dicuntur.
1022 399 1202 462 ndhnovem
1216 397 1366 453 lectionum
1380 405 1467 466 usqne
1482 397 1545 464 post
1559 393 1682 449 octavam
1697 386 1809 445 Pisone
1825 389 1928 443 eiitoto

243 488 372 554 Primam,
402 487 462 542 sine
492 486 605 556 hymno,
634 480 785 549 antiphona
811 473 925 544 sepelite
948 473 1063 538 Domiti,
1106 477 1271 527 reservetur.
1288 466 1434 523 sciendum
1449 467 1530 521 etlam
1545 463 1619 535 quod
1634 468 1693 518 tres
1706 460 1767 517 dies
1781 458 1830 528 qui
1843 470 1927 528 supra

245 559 362 631 psalmi:
389 560 458 613 Deae
471 557 630 619 iatomtoe;
644 551 720 608 Beati
734 545 912 611 immaculati,-
931 544 1064 611 Reltibee,
1107 542 1174 600 dicti
1188 547 1252 597 sunt
1267 537 1463 596 venerabiliter
1484 537 1556 592 sicut
1578 534 1647 591 festa
1672 532 1761 588 tertiis
1785 530 1928 601 dignitatis

246 633 306 687 sine
322 629 607 710 capitulo-pertotam
626 619 835 702 hebdomadam,
862 618 935 672 sicut
958 622 986 672 et
1009 629 1068 670 ere·
1108 629 1281 695 mmmm,
1296 627 1396 698 ,enqup
1414 639 1479 682 vem
1495 629 1552 681 pes
1576 615 1655 686 323
1681 635 1716 678 ex
1739 631 1816 676 more
1840 617 1930 675 p0m1.

248 710 315 760 tera
330 703 411 758 tiore
426 699 565 755 dicuntur.
582 698 796 764 Responsorium
819 689 854 746 ad
870 701 965 746 cinnes
980 688 1067 743 ltoras
1108 702 1205 759 „scapis
1222 699 1321 757 officii,
1345 699 1385 755 pp
1410 700 1544 768 vespera,
1567 697 1639 751 sicut
1662 692 1763 764 mepte,
1787 691 1930 762 processio

248 795 398 862 pertetam
423 779 503 849 320
528 780 737 846 hebdomadam,
762 777 886 848 exceptis
909 775 1066 832 llatutinisr
1109 775 1143 830 ad
1158 773 1258 838 fontes,
1274 777 1411 842 utsupra.

248 865 313 919 ileo
326 861 392 927 dies,
408 871 468 916 cum
493 849 852 920 Delectationem,
877 847 985 905 ditatur
1003 859 1070 903 con·
1144 844 1286 901 Dominica
1308 841 1338 897 in
1365 841 1445 906 albis,
1475 838 1510 896 ad
1540 839 1642 910 primas
1661 839 1796 906 vesperas
1822 834 1927 960 antlssh.

250 934 333 990 fessio
362 946 411 1001 per
434 935 519 985 totam
542 921 751 989 hebdomadam,
777 920 904 977 Doudoua
925 917 1065 974 uobiscum.
1110 915 1234 984 Alcinio,
1261 913 1331 984 psal.
1356 913 1521 976 Bmedicliie,
1546 917 1599 966 etc.
1624 909 1778 978 Capitulum
1803 906 1877 962 omni
1898 919 1930 960 tis

250 1004 343 1061 Oratio
356 1005 425 1059 Deire
440 1000 483 1070 piri
501 997 627 1054 lodtentc
650 994 702 1050 die.
727 992 772 1048 Sic
795 1005 845 1074 per
864 996 949 1047 totam
964 988 1069 1045 hebdo-
1110 988 1237 1044 sabhatis
1251 997 1338 1056 usqne
1356 983 1390 1040 ad
1411 983 1600 1040 ascensionem
1623 979 1749 1036 Domini:
1765 977 1800 1034 ad
1824 979 1876 1034 ves
1896 991 1929 1031 e·

250 1075 357 1132 medam
371 1073 405 1128 ad
420 1072 543 1140 primam.
560 1069 590 1124 ln
605 1063 727 1134 capitulo
739 1063 822 1120 lectio
838 1061 930 1120 Morio
951 1060 1070 1128 Mondo-
1111 1073 1174 1115 rae:
1195 1059 1226 1116 si
1251 1056 1452 1112 conemreeietts
1476 1069 1534 1109 cum
1557 1053 1670 1111 Christo.
1693 1049 1856 1122 nstrteait

251 1147 317 1202 lete.
332 1146 363 1199 ln
378 1143 430 1198 fine
445 1138 559 1209 capituli
577 1138 660 1206 hujus
683 1134 740 1191 diei
763 1141 792 1190 et
814 1147 863 1190 sex
885 1133 1069 1203 sequentium,
1110 1131 1205 1187 initus.
1231 1130 1317 1200 poni
1343 1141 1391 1200 pro
1406 1125 1494 1194 nobb,
1511 1132 1565 1181 etc.
1592 1126 1714 1196 Hymnus
1734 1121 1835 1178 Obortis
1856 1133 1931 1175 oenoe

251 1219 306 1273 imo
324 1216 353 1270 in
369 1213 495 1270 amnibus
509 1209 667 1281 duplicibus
690 1206 778 1272 festis,
803 1205 924 1275 psalmus
948 1202 1068 1260 Leodete
1111 1200 1266 1259 fenacleo.
1339 1201 1420 1256 Morte
1443 1197 1585 1253 antheum.
1609 1198 1672 1252 bnt.
1699 1195 1816 1264 serpere
1843 1193 1930 1254 late,

250 1287 397 1352 Donatum,
427 1297 515 1339 omnes
538 1285 636 1350 petum,
661 1277 774 1335 dicitur.
797 1275 904 1332 Abhinc
926 1288 1013 1345 usque
1036 1272 1071 1329 ad
1111 1273 1181 1344 psal.
1206 1271 1298 1341 nepti
1326 1287 1332 1300 ·
1363 1313 1369 1326 .
1401 1270 1495 1326 Oratio
1521 1270 1633 1334 Proeto,
1666 1277 1821 1338 pwttmoe,
1850 1263 1933 1318 omni-

251 1364 373 1414 octavam
398 1357 576 1412 Pentecostes
600 1351 634 1407 ad
662 1363 760 1420 aquam
784 1348 957 1404 benedictam
980 1357 1073 1415 asper·
1109 1351 1202 1418 potetis
1216 1346 1296 1398 Deos.
1312 1342 1352 1398 hd
1368 1341 1573 1413 processionem
1587 1337 1808 1409 antiphonaftec
1832 1339 1931 1390 totta.

250 1428 377 1501 gentiam,
394 1425 545 1494 antiphona
559 1423 623 1490 ¹Vidi
645 1435 742 1491 optem
764 1425 899 1475 cantatur.
925 1417 1072 1474 Sciendum
1113 1417 1188 1472 Tune
1215 1420 1366 1470 conventus
1391 1427 1452 1469 oum
1472 1410 1660 1479 thuriferario,
1689 1407 1873 1472 ceroferariis,
1890 1419 1935 1461 ce-

251 1508 341 1557 tamen
357 1497 432 1568 quod
447 1497 540 1552 statim
555 1499 618 1564 post
632 1490 781 1562 capitulum
800 1490 884 1548 dehet
908 1488 1010 1559 pulsari
1038 1486 1073 1543 ad
1114 1488 1239 1544 lehrante
1254 1485 1282 1542 fii
1304 1497 1391 1556 cappa
1405 1484 1504 1550 serica,
1519 1485 1579 1538 sine
1595 1496 1688 1550 cruce,
1713 1477 1838 1536 canendo
1862 1478 1934 1532 hanc

251 1571 469 1642 processionem,
499 1566 601 1623 deinde
626 1563 661 1619 ad
683 1564 811 1619 Tertiam.
836 1563 949 1618 canuti
972 1559 1073 1625 Tertia,
1114 1559 1292 1630 antiphonam
1320 1557 1354 1612 ad
1384 1555 1543 1612 crucifixum
1567 1559 1672 1625 pergat,
1702 1552 1760 1622 uhi,
1784 1549 1936 1607 incensatis

251 1643 378 1700 ordinata
393 1638 581 1708 processione,
597 1635 689 1690 stallin
713 1642 810 1691 cantor
833 1633 949 1702 incipiat
972 1629 1073 1686 dictam
1115 1630 1248 1688 altaribus
1259 1628 1378 1693 duobus,
1395 1633 1458 1698 post
1473 1627 1553 1683 linem
1568 1625 1728 1696 antiphonas
1746 1623 1820 1679 dicat
1843 1633 1936 1678 sacer·

252 1713 431 1782 antiphonam
451 1709 509 1764 Vidi
528 1721 633 1779 optem.
659 1707 726 1762 Dum
745 1712 837 1761 autem
860 1703 951 1759 Tertia
974 1702 1168 1796 decan-Bdos
1190 1713 1317 1757 versum:
1342 1699 1427 1755 Dicite
1449 1700 1478 1753 t'tt
1504 1697 1661 1764 notionibus,
1687 1696 1777 1752 oratio
1800 1695 1873 1750 Deua
1892 1691 1937 1763 pat

250 1789 325 1842 tatur
339 1783 390 1838 hac
404 1782 449 1838 dle
464 1785 492 1838 et
506 1779 634 1836 omnihus
659 1777 759 1834 diebus
772 1779 801 1832 in
816 1775 917 1846 quihus
931 1773 1073 1844 processio
1114 1787 1163 1847 pro
1178 1772 1263 1840 colb,
1278 1771 1332 1826 nisi
1346 1770 1444 1826 festum
1458 1769 1571 1840 aliquod
1587 1773 1715 1825 occurret
1730 1766 1764 1824 de
1779 1778 1835 1837 quo
1852 1775 1938 1834 opor-

251 1857 282 1912 Dt
296 1856 323 1910 in
338 1854 445 1923 cappis,
461 1858 560 1908 cantor
576 1863 626 1920 per
650 1849 765 1906 eborum
789 1861 891 1917 cappas
914 1845 1072 1902 distribuat.
1116 1849 1171 1901 teat
1199 1843 1258 1899 fleri
1291 1843 1432 1910 memoria,
1468 1841 1532 1912 qula
1563 1844 1629 1896 tune
1662 1839 1745 1896 debet
1777 1836 1937 1908 praecedere

251 1929 282 1984 lu
302 1924 480 1996 processione
503 1923 586 1992 huius
600 1921 667 1986 diei,
693 1934 755 1989 que
778 1933 829 1989 per
852 1917 1001 1974 claustrum
1024 1916 1076 1972 du·
1116 1916 1257 1980 memoria,
1273 1914 1308 1970 de
1322 1912 1412 1980 feste;
1429 1913 1531 1968 deinde
1554 1923 1616 1968 cum
1640 1910 1790 1982 antiphona
1814 1909 1849 1964 de
1874 1907 1938 1964 hell·

252 1997 340 2054 cende
354 2003 406 2059 est,
423 1995 531 2051 dicatur
544 1992 695 2062 antiphona
709 1991 785 2048 Sedit
808 1988 941 2059 topeltiet
958 2001 1020 2058 ntia
1035 1987 1075 2042 sie
1117 1989 1189 2060 quiis
1203 1987 1263 2042 Lite
1274 1990 1400 2057 perpetue
1414 1985 1442 2040 in
1463 1984 1577 2040 chorum
1590 1983 1721 2052 redeant,
1738 1981 1802 2038 lude
1817 1991 1939 2052 pronun·

253 2068 433 2140 protrabatur
447 2073 478 2122 ut
491 2068 521 2120 in
535 2063 652 2120 ecclesia
667 2062 738 2119 facta
756 2061 876 2118 statioim
899 2065 962 2115 ante
987 2058 1077 2114 cruci-
1116 2061 1205 2127 tiato,
1221 2069 1276 2113 non
1291 2071 1307 2112 e
1322 2056 1484 2127 presbytero
1499 2055 1548 2112 sed
1564 2055 1671 2122 ultimo,
1691 2067 1772 2110 versu
1792 2054 1848 2107 l'oe
1872 2049 1939 2105 liett-

253 2142 355 2207 Ditum,
389 2152 485 2194 versus
517 2135 640 2206 ejusdem
672 2133 831 2204 antiphona
863 2145 879 2187 a
906 2131 995 2186 trihus
1022 2130 1077 2185 fra·
1118 2133 1180 2197 tite,
1204 2129 1313 2185 dicatur
1336 2127 1424 2183 oratio
1453 2130 1752 2197 Promontoriensis,
1779 2123 1940 2194 componas

252 2212 343 2268 trihus
379 2211 408 2265 in
445 2208 552 2279 pulpito
590 2206 771 2274 decantetur,
814 2203 915 2259 deinde
955 2203 1078 2270 ineoepla
1117 2203 1528 2270 Deceottonctoitinitooraia.
1553 2200 1611 2254 lloc
1636 2197 1718 2254 modo
1743 2191 1939 2266 processioni

253 2297 270 2340 a
306 2281 421 2352 preleio
459 2279 610 2349 antiphona
646 2277 763 2334 tilitates
798 2288 957 2344 teutpert,
1004 2274 1076 2329 cho·
1118 2274 1152 2330 ad
1169 2271 1328 2329 cruelditum
1352 2269 1461 2327 caeteris
1484 2269 1610 2326 sabbatis
1633 2283 1721 2339 usone
1743 2269 1776 2324 ad
1799 2265 1941 2322 ascensio-

253 2368 315 2411 rum
351 2351 561 2422 ingrediantur,
599 2349 699 2405 iterum
736 2360 844 2403 versum
881 2346 975 2400 Dicere
1010 2357 1080 2400 atine
1119 2357 1181 2402 nem
1202 2342 1319 2410 Domini,
1340 2355 1403 2413 quae
1427 2353 1478 2412 pro
1501 2341 1578 2397 nullo
1602 2341 1683 2408 festo,
1708 2339 1814 2396 etiamsi
1838 2335 1940 2406 duplex

255 2432 314 2484 tres
346 2425 380 2480 ³1¹
412 2422 513 2520 bridus
541 2422 708 2518 (ᾏθθθῦῑθῦῑὶ
737 2415 1078 2516 lll⁰¹¹¹¹⁰¹⁵³²⁰f0f⁸¹⁰¹¹¹⁰
1120 2435 1166 2502 sit,
1182 2431 1382 2489 intermittitur.
1396 2431 1496 2487 Tamen
1512 2429 1622 2502 quando
1638 2430 1760 2487 inventio
1781 2417 1863 2489 324
1877 2437 1941 2482 san-

256 2507 745 2577 miseratamiserata
765 2506 840 2563 dicta
862 2509 988 2561 oratione
1011 2504 1077 2569 diei,
1120 2512 1172 2564 ctae
1188 2503 1278 2561 crucis
1292 2504 1319 2559 in
1336 2503 1476 2558 Domlnlca
1500 2501 1633 2569 occurrit,
1658 2501 1692 2557 ad
1719 2501 1853 2571 vesperas
1875 2497 1942 2568 qui-

256 2585 383 2670 puisetur
410 2581 566 2645 classicum,
597 2585 625 2634 et
652 2577 773 2636 officium
802 2578 892 2633 missae
920 2576 1080 2632 solemniter
1120 2579 1183 2635 dein
1206 2577 1240 2632 ad
1263 2573 1423 2632 crucifixum
1448 2575 1513 2642 itur,
1538 2575 1587 2630 sed
1612 2587 1673 2629 cuin
1697 2578 1780 2628 cantu
1804 2570 1837 2627 de
1857 2568 1940 2636 festo,

256 2659 436 2727 imponatur:
465 2651 629 2717 detumescit,
660 2654 714 2706 ete.
742 2651 773 2705 ln
801 2649 949 2705 refectorio
976 2647 1078 2704 lectio:
1121 2651 1193 2706 sicul
1211 2649 1240 2704 ln
1259 2648 1318 2718 ipsa
1338 2643 1485 2702 festivitate
1503 2645 1635 2716 scriptum
1661 2650 1712 2700 est.
1743 2643 1808 2699 Post
1835 2651 1942 2698 emnam

256 2726 348 2786 Matio
361 2721 531 2794 hortatae,
548 2727 575 2778 et
589 2735 731 2778 sermones
745 2721 793 2791 oni
808 2726 972 2792 sequuntur.
1121 2721 1241 2794 psalmus
1255 2720 1384 2776 hft'oerere
1397 2719 1457 2785 atei,
1473 2718 1553 2784 Dete,
1569 2718 1727 2774 resumitur.

292 2799 421 2867 Vespere
447 2794 500 2850 hoe
528 2793 611 2850 modo
635 2799 760 2849 eantur.
790 2793 830 2848 hd
856 2794 989 2861 vesperas
1010 2789 1081 2845 anti·
1157 2793 1188 2847 ln
1213 2790 1340 2846 omnibus
1355 2789 1504 2845 Dominicis
1518 2801 1605 2860 usque
1624 2787 1658 2844 ad
1682 2785 1871 2844 ascensionem
1891 2786 1945 2840 Do-

257 2870 350 2942 phona
368 2865 594 2937 aspernatorem,
610 2809 680 2935 psaq.
704 2864 779 2920 Dicit
803 2864 937 2919 Domitiae.
960 2861 1081 2918 antiit
1123 2863 1200 2930 mini,
1225 2861 1278 2917 nisi
1308 2860 1407 2916 festum
1431 2861 1595 2928 occurrerit,
1619 2860 1656 2915 sit
1674 2859 1756 2916 missa
1775 2853 1946 2913 matutinalis

258 2957 317 2997 ecoe
331 2945 418 3020 tetre,
435 2936 502 3006 psal.
528 2936 684 3018 conpetat.
709 2937 772 2990 Ant.
798 2937 866 2990 Erat
889 2939 984 3000 etitem,
1009 2931 1079 3001 psal.
1123 2936 1158 2991 de
1173 2933 1396 2990 Resurrectione.
1413 2932 1489 2987 Dicta
1504 2932 1645 2987 Dominiea
1659 2931 1688 2987 in
1712 2928 1832 3002 capitulo
1858 2927 1944 2984 lectio

259 3011 650 3077 Betilittvtt.ResD0ns0r1uln
672 3008 738 3062 flet
752 3005 818 3060 diet·
833 3005 937 3060 Deinde
952 3010 1081 3059 mitteret
1124 3008 1186 3064 Oeta
1200 3008 1266 3060 esset
1280 3017 1350 3059 sero.
1365 3003 1395 3059 iii
1419 3002 1567 3059 refectorio
1590 3003 1673 3060 lectio
1697 3003 1760 3058 Com
1783 3003 1849 3055 esset
1871 3013 1944 3056 aero.

260 3083 391 3162 adjuncto
406 3078 490 3134 tertio
504 3078 539 3132 ad
563 3079 665 3147 gradus
687 3077 781 3132 dicant
805 3075 938 3160 tibtote,
965 3063 1220 3144 topelttflfinitis
1248 3073 1375 3131 homeliis
1402 3073 1611 3200 Evanqeliorum
1634 3073 1820 3146 paschalium,
1853 3070 1945 3127 statim

261 3155 375 3234 Domita,
392 3163 459 3232 cum·
478 3153 596 3217 utroque
611 3162 702 3231 versu,
719 3152 815 3228 postea
837 3147 1019 3216 subjungatur
1041 3159 1085 3201 se·
1123 3153 1207 3207 nctus
1225 3146 1414 3219 apostolorum
1437 3147 1617 3217 inepiautur,
1642 3146 1743 3217 quihus
1766 3144 1845 3200 lectis
1868 3145 1945 3212 Apo·

262 3229 376 3306 quentia
395 3223 509 3304 lectione
520 3217 642 3288 porcioli
651 3239 661 3286 ,-
676 3232 730 3288 qua
745 3217 830 3302 .¹¹.¹¹¹¹³
853 3217 913 3273 sine
936 3217 1082 3283 versiculo,
1124 3219 1243 3291 calypsis
1257 3225 1440 3289 apponantur,
1457 3225 1554 3290 postea
1567 3216 1699 3290 Epistola
1713 3217 1855 3274 canonicae
1879 3213 1947 3270 sub-

263 3295 414 3364 antiphona
436 3295 594 3360 imponatur
616 3292 651 3346 El
680 3295 856 3360 respectantes.
889 3290 1014 3344 Dominae
1035 3302 1084 3343 oe·
1123 3295 1283 3364 jungantur.
1783 3325 1787 3332 »

263 3367 372 3432 ibelim
397 3364 487 3448 oratio
509 3361 635 3444 Dotcede,
660 3375 815 3444 ommate.
839 3362 918 3416 Dicto
940 3359 1086 3416 Benedice-
1161 3363 1202 3419 Ab
1216 3361 1267 3417 hac
1287 3361 1427 3417 Dominica
1442 3366 1505 3431 post
1518 3361 1594 3418 albas
1607 3359 1798 3431 Dfdciumpro
1808 3357 1947 3415 defunctis

263 3453 330 3506 moe,
345 3441 436 3518 statim
461 3433 606 3516 ordinetur
629 3445 771 3504 processio
795 3432 848 3488 hoc
871 3431 971 3488 modo:
997 3433 1085 3502 prime
1127 3434 1224 3506 psalmi
1256 3432 1422 3501 familiares,
1443 3437 1471 3488 et
1498 3440 1598 3490 caetera
1631 3447 1694 3504 quer
1718 3447 1768 3504 pro
1792 3429 1947 3488 reverentia

264 3507 397 3592 procedat
416 3506 462 3562 ille
487 3519 535 3588 qui
560 3518 669 3588 crucem
694 3509 780 3572 tenet,
805 3509 959 3588 sequuntur
981 3501 1087 3559 cerofe-
1127 3507 1234 3563 dierum
1248 3504 1404 3560 intermissa
1418 3503 1536 3571 fuerant,
1557 3511 1765 3575 recuperantur.
1782 3503 1840 3560 Hoc
1856 3509 1947 3557 tamen

264 3593 412 3664 rarii'cutn
440 3575 627 3643 thuriferam,
657 3583 720 3648 post
747 3589 818 3646 quos
846 3574 951 3631 incedit
979 3574 1088 3645 bajulus
1128 3583 1252 3648 tempore
1267 3589 1354 3646 usque
1370 3576 1404 3631 ad
1423 3583 1546 3632 octavam
1570 3577 1748 3632 Pentecostes
1771 3579 1829 3630 tres
1850 3571 1948 3646 psalmi

264 3667 338 3710 cerei
352 3650 427 3708 illius
446 3662 508 3734 cum
531 3661 587 3718 quo
610 3646 722 3732 fuerunt
736 3645 1005 3732 fontesconsecrati,
1031 3645 1089 3703 dle·
1128 3649 1163 3706 de
1178 3662 1255 3720 pace,
1277 3649 1340 3718 quia
1364 3659 1426 3703 cum
1450 3648 1635 3718 prostratione
1658 3645 1748 3704 solent
1771 3646 1837 3714 dici,
1862 3645 1950 3700 inter·

265 3735 431 3804 conuseuin
447 3721 653 3802 chrismatorio.
673 3721 748 3775 Tune
771 3719 900 3776 inchoata
923 3719 951 3774 in
975 3717 1088 3774 sinistro
1129 3721 1285 3777 mittuntur.
1313 3718 1531 3786 Genutlemones,
1561 3733 1629 3790 quas
1652 3719 1745 3775 venias
1767 3717 1947 3788 appellamus,

266 3797 352 3880 choro
376 3792 526 3862 antiphona
550 3793 610 3846 Pria
633 3796 724 3846 bvwre
747 3795 843 3856 emma,
869 3797 1021 3846 conventus
1044 3801 1089 3844 or·
1130 3795 1183 3849 hoc
1201 3798 1325 3860 ternpore
1345 3797 1558 3861 postponuntur,
1575 3792 1698 3861 exceptis
1716 3789 1771 3845 illis
1790 3803 1857 3860 quas
1871 3787 1949 3844 acci·

267 3868 332 3922 dine
356 3862 492 3920 cantando
517 3861 650 3932 psalmum
674 3861 803 3944 Lcttdote,
825 3863 919 3944 poeti,
937 3860 971 3915 ad
997 3860 1089 3944 fontes
1130 3865 1209 3934 piunt
1224 3862 1325 3933 illiqui
1340 3861 1645 3918 inchoroineanluvel
1668 3861 1819 3933 psalmodia
1838 3857 1949 3915 fallunt.

267 3933 411 4007 procedat,
427 3946 482 4004 quo
498 3946 559 4016 eum
574 3933 760 4002 pervenerint,
786 3938 935 3987 incensatis
956 3930 1088 3998 fontibus,
1167 3934 1244 3990 Teria
1259 3934 1381 3989 secunda
1404 3933 1597 4003 Rogationum,
1626 3935 1718 3989 statim
1747 3937 1810 4004 post
1831 3930 1952 3986 Pretiosa

269 4012 333 4088 post
352 4005 432 4060 tinem
455 4003 625 4088 antiphonae,
648 4004 709 4060 sine
734 4016 815 4058 versu
836 4009 865 4058 et
887 4003 947 4057 sine
967 4003 1091 4058 Dondttt
1132 4005 1257 4090 pulsetur
1284 4004 1318 4060 ad
1347 4005 1475 4059 Primam.
1506 4005 1570 4061 Post
1599 4005 1749 4078 capitulum
1775 4003 1847 4058 facto
1877 3999 1954 4058 brevi

269 4077 410 4142 seherum,
441 4075 550 4131 dicatur
577 4074 693 4130 collecta
716 4076 827 4140 Prestu,
851 4087 1015 4145 pectenem
1038 4087 1091 4144 qua
1132 4075 1276 4134 intervallo
1292 4074 1417 4202 pulsetur·
1431 4076 1464 4131 ad
1484 4076 1613 4144 Tertiam,
1638 4077 1729 4133 statim
1750 4079 1812 4146 post
1835 4072 1954 4129 Tertiam

271 4163 349 4221 finita
364 4177 425 4219 cuin
439 4162 592 4233 antiphona
614 4162 689 4219 sedit
715 4161 832 4232 capeliis,
855 4162 985 4232 paulatim
1010 4155 1090 4223 322
1132 4147 1251 4206 ministri
1275 4147 1369 4203 ataris
1393 4147 1585 4204 revestiantur.
1610 4151 1677 4204 Post
1698 4149 1807 4204 sermm
1829 4144 1957 4202 Officium

271 4237 438 4322 divertentes
464 4234 603 4318 erucidxo·
623 4235 867 4318 appropinquant,
893 4241 920 4290 et
942 4235 1093 4290 incensatis
1133 4235 1279 4295 Eeoodtoil
1293 4227 1372 4298 325
1388 4237 1421 4292 dc
1435 4235 1538 4310 leeplo,
1555 4242 1610 4294 etc.
1625 4237 1682 4294 llac
1700 4236 1745 4293 die
1765 4240 1828 4307 post
1844 4235 1957 4290 missam

271 4309 310 4391 ihi
325 4308 493 4390 'altaribus'
507 4312 537 4388 et
557 4305 633 4364 finita
661 4306 822 4390 antiphona,
848 4307 956 4362 dicatur
978 4319 1090 4362 versus:
1136 4309 1200 4366 dum
1214 4305 1313 4364 fratres
1327 4310 1355 4364 iu
1370 4308 1562 4366 domnitorium
1581 4323 1682 4381 cappas
1706 4309 1820 4364 induere
1842 4311 1959 4377 propter

271 4383 356 4461 Dicite
384 4394 413 4458 ro
437 4376 595 4462 taberolos,
622 4377 723 4434 deinde
744 4378 840 4462 'oratio
874 4379 945 4434 Dete
973 4379 1016 4449 pot
1043 4381 1341 4453 propprocessionem
1379 4381 1570 4450 perrexerint,
1607 4381 1772 4438 secretarius
1809 4391 1893 4435 unum
1922 4375 1957 4433 de

272 4450 349 4509 tobis
376 4450 476 4522 thom
504 4449 567 4505 inde
591 4450 718 4520 imposita
742 4463 770 4504 in
795 4449 893 4505 dextro
916 4447 1003 4505 choro
1026 4449 1096 4505 anti·
1136 4452 1287 4523 maioribus
1313 4453 1399 4524 signis
1425 4459 1468 4507 ter
1495 4451 1632 4508 modicum
1680 4451 1760 4520 ulset,
1790 4451 1865 4518 lnde,
1896 4463 1958 4505 curn

272 4525 365 4596 pliona
378 4520 546 4604 Respondeas
560 4525 656 4588 celem
677 4533 739 4576 cum
758 4520 863 4604 psalmo
877 4523 910 4577 Iti
924 4522 997 4577 ecito
1010 4519 1097 4577 Israel
1138 4537 1208 4595 opus
1221 4523 1313 4580 fuerit.
1330 4523 1357 4579 in
1373 4524 1488 4579 chorum
1511 4523 1636 4591 redeant,
1661 4525 1771 4581 interim
1796 4533 1893 4580 omnes
1910 4520 1958 4604 qui

274 4596 435 4664 deAEpppto
460 4592 626 4674 rucherum
650 4592 775 4659 redeant,
801 4605 897 4664 sicque
926 4601 987 4664 posi
1012 4591 1097 4648 colle
1137 4597 1165 4652 in
1185 4595 1362 4666 processione
1387 4601 1498 4665 portare
1518 4595 1622 4667 aliquid
1647 4594 1841 4652 debentalbls
1864 4605 1894 4648 se
1918 4605 1961 4646 in-

275 4673 358 4752 ciam,
388 4679 450 4736 quae
479 4677 544 4748 sine·
567 4677 647 4748 versu
677 4672 705 4720 et
731 4665 791 4720 alne
819 4665 944 4720 Drmiam
966 4663 1097 4720 trobisctiit
1139 4667 1234 4724 duent.
1260 4668 1335 4723 Tunc
1361 4665 1487 4722 ordinata
1512 4666 1689 4738 processione
1720 4665 1834 4750 incipiat
1863 4667 1961 4722 cantor

275 4737 393 4820 dicenda
426 4742 489 4818 est,
518 4735 648 4817 videlicet
674 4737 786 4820 Praete
811 4749 968 4807 pominus,
994 4734 1098 4792 cerofe·
1138 4741 1271 4808 Deteret,
1291 4737 1414 4800 Domine,
1439 4749 1501 4792 cum
1525 4751 1605 4794 versu
1629 4739 1699 4794 Deice
1722 4737 1830 4794 cambus
1852 4735 1960 4802 nostrie,

275 4821 342 4863 rarii
356 4807 544 4892 Beoedtcotnis
558 4808 668 4892 Domitio
687 4808 863 4878 subpungant,
889 4813 917 4862 et
938 4808 991 4862 hoc
1014 4807 1097 4862 modo
1139 4817 1167 4867 et
1190 4808 1282 4867 Glomit
1309 4809 1394 4864 Poltt'.
1420 4808 1532 4865 interim
1557 4808 1798 4876 hebdomadarius,
1823 4809 1896 4864 sicut
1920 4810 1963 4861 est

276 4891 364 4946 usque
388 4893 415 4934 in
435 4885 567 4964 quartam·
588 4877 683 4936 feriant
709 4879 836 4962 Vespera
850 4877 1042 4962 decantentur.
1056 4876 1097 4935 ild
1139 4879 1168 4938 lu
1182 4894 1269 4952 cappa
1285 4893 1334 4936 sua
1353 4879 1442 4948 lanea,
1463 4894 1534 4951 aqna
1558 4881 1704 4938 benedicta
1727 4887 1856 4950 aspergat
1874 4879 1964 4947 majus

276 4947 493 5018 completorium
511 4950 662 5034 antiphona
684 4949 809 5034 Allelutit,
835 4949 947 5020 psalmi:
974 4951 1036 5006 Ceto
1058 4951 1099 5004 ia-
1139 4953 1235 5020 altare,
1260 4951 1361 5008 delude
1384 4960 1559 5022 conventum,
1585 4960 1681 5024 postea
1704 4952 1779 5008 dicat
1804 4956 1825 5017 t
1851 4947 1965 5008 Ostende

275 5033 417 5106 nocerem,-
430 5019 465 5102 .¹²¹
488 5025 523 5088 te,
548 5025 667 5089 maine,
689 5033 813 5093 sperent,-
828 5023 897 5077 Ecce
911 5035 998 5088 tooc,·
1022 5023 1100 5077 Nate
1139 5021 1214 5081 tebth
1241 5021 1448 5078 obmeordtoor
1475 5030 1556 5092 lectt,
1583 5025 1709 5081 Demitur
1735 5023 1878 5088 rotheem,
1901 5033 1964 5077 ort-

277 5093 398 5156 diirtttte,
412 5101 473 5146 eine
497 5093 617 5174 capitulo
642 5100 670 5178 et
693 5093 813 5164 hymno;
839 5093 980 5176 Deceliae
1001 5107 1098 5163 prom,
1140 5095 1477 5164 dormeceastre.
1497 5096 1572 5152 Tune
1597 5097 1712 5167 incipiat
1736 5103 1834 5152 cantor
1856 5094 1911 5152 Svr
1932 5091 1964 5146 'te

278 5164 387 5248 dicatur
400 5160 549 5230 confessio,
565 5168 630 5230 ete,
646 5173 719 5220 sicut
734 5177 816 5234 supra
836 5163 939 5220 drotum
957 5169 1008 5221 est.
1139 5166 1233 5222 eoacti.
1255 5165 1401 5222 lioventel
1423 5165 1477 5222 'tur
1491 5168 1668 5238 processione
1685 5166 1837 5239 procedant
1850 5105 1960 5228 maffia,

302 5237 393 5318 ¹Terra
412 5233 544 5291 secunda.
557 5235 691 5318 'Psalmos
720 5238 807 5291 Venite
834 5236 862 5291 in
891 5235 995 5306 duplici
1018 5238 1100 5291 cantu
1140 5243 1294 5308 sequuntur
1308 5251 1357 5307 per
1371 5179 1496 5295 orffinem
1511 5252 1591 5310 aqua,
1613 5254 1679 5296 crux
1699 5245 1727 5296 et
1749 5237 1835 5306 cerei,
1860 5233 1962 5292 deinde

280 5307 389 5388 dicatur
403 5319 453 5390 per
467 5313 524 5362 tres
535 5305 605 5362 dies.
634 5307 663 5363 ln
687 5307 739 5364 hac
761 5307 933 5364 hebdomada
956 5307 980 5362 si
1001 5305 1100 5362 festum
1142 5307 1261 5379 capsulae
1274 5321 1335 5364 cuin
1351 5308 1476 5380 reliquiis
1489 5313 1657 5378 sanctorum,
1679 5315 1774 5382 postea
1798 5314 1960 5371 conventus,

280 5385 364 5433 trium
379 5377 528 5462 lectionum
543 5385 681 5462 occurrat,
697 5380 724 5435 br
744 5379 840 5450 primis
861 5385 981 5450 quatuor
1003 5377 1101 5433 diebus
1142 5379 1257 5454 prelato
1272 5379 1369 5437 ultimo
1384 5383 1579 5455 subsequente.
1600 5383 1690 5439 Finita
1705 5382 1855 5452 antiphona
1870 5375 1965 5450 sequi-

283 5449 317 5504 de
333 5461 366 5506 eo
381 5449 448 5504 nihil
464 5449 522 5516 Det,
538 5455 647 5506 ceteris
665 5464 732 5508 iero
755 5451 854 5509 diebus
876 5450 1100 5508 commemoratio
1143 5459 1189 5508 tur
1207 5454 1412 5522 responsorium
1438 5457 1536 5510 Beolet
1556 5453 1695 5522 Nicotaus,
1720 5453 1784 5511 lnde
1809 5453 1843 5510 de
1867 5455 1965 5507 saneto

217 5529 219 5536 ’
282 5523 398 5585 tantum,
414 5534 476 5591 que
491 5521 1102 5592 commemoratiodicendaestpostultimam
1143 5523 1326 5581 hermelando
1354 5526 1442 5598 ith'r
1466 5524 1609 5594 toretm-
1639 5527 1668 5582 in
1697 5525 1813 5584 introitu
1839 5521 1968 5581 eccleslae

283 5589 428 5648 collectam
446 5608 509 5664 quae
532 5593 634 5652 dicitur
653 5593 685 5650 iii
708 5592 805 5664 choro,
829 5594 990 5653 solemnitas
1011 5598 1102 5650 autem
1143 5595 1231 5653 beatae
1246 5595 1338 5654 llariae
1351 5601 1407 5654 ant.
1428 5595 1506 5654 Almo
1523 5595 1711 5670 nedenptoria,
1736 5595 1757 5659 tl
1779 5597 1843 5654 Pott
1861 5599 1971 5669 portem
