4024 6174
131 269 178 326 453
667 275 829 336 muntiis
847 275 994 336 PRECUH.
1014 307 1050 320 -
1069 279 1251 340 submotis
1745 291 1801 348 asi

132 397 194 452 hanc
206 391 397 454 collectionem
425 394 483 454 iere
506 398 641 472 integrum
664 400 809 458 condatem
833 415 894 460 csse
908 404 1127 467 extenuaveris
1141 409 1397 480 elpersectisaeruia
1418 411 1497 478 tuin
1518 413 1652 474 collector
1670 423 1803 491 reposuit.

130 482 261 554 opusculis
278 485 392 542 loannis
421 487 539 556 abbatis,
569 490 616 560 qui
636 490 778 562 Augustini
797 491 942 548 sententiis
983 507 1039 548 cum
1055 495 1122 552 veris
1136 501 1161 551 et
1172 497 1295 569 perfectis
1313 499 1455 569 prooemiis,
1481 515 1589 572 qaorum
1613 507 1723 576 scothia
1747 511 1805 572 iuri·

129 572 270 629 identidem
298 589 363 630 usus
398 580 450 632 est.
474 577 534 633 Non
562 589 628 648 ergo
652 578 820 648 Augustinus
846 579 941 638 harum
983 583 1223 656 indeprensus.

129 661 325 720 beditationum
351 669 458 732 auctor,
483 666 533 723 sed
561 665 661 738 aliquis
675 667 745 723 alius
758 668 864 724 loanne
878 683 942 738 pos-
1017 671 1152 728 ceterum
1167 673 1267 744 siquis
1288 675 1338 732 has
1358 676 1547 735 ilsditationes
1565 687 1593 735 et
1611 682 1759 750 auctiores,
1775 691 1804 742 et

128 750 216 806 terior.
231 751 360 808 dnselrno
379 767 439 809 eam
454 754 551 810 tribuit
577 755 745 825 Theophilus
771 756 939 824 liaioaudos,
983 758 1195 828 emendatiores,
1221 769 1304 832 atque
1327 763 1397 820 adeo
1421 765 1527 823 meliori
1555 767 1654 824 ordine
1681 768 1803 842 digestas

125 839 172 894 hac
197 838 333 898 adductus
357 841 464 898 ratione
491 841 565 912 quod
599 843 733 900 nonnulla
764 859 797 900 ex
820 845 941 902 anselmi
982 844 1083 902 hahere
1098 847 1224 916 voluerit,
1241 851 1366 908 consulat
1381 853 1504 910 codicem
1519 855 1689 925 lletteusem,
1704 859 1802 928 inquo

125 928 246 998 genuinis
266 929 345 985 libris
372 931 516 1000 desumpta
537 932 603 988 sint.
626 933 725 988 Verum
755 946 844 1002 neque
881 934 941 991 haec
982 932 1119 990 hahentur
1131 937 1264 1008 opuscula
1282 941 1396 996 loannis
1416 941 1532 1012 abbatis,
1548 951 1578 1000 nt
1593 945 1702 1016 quidem
1723 955 1800 1018 puto,

123 1017 189 1072 ratio
212 1016 241 1072 id
262 1018 372 1086 evincit,
397 1032 486 1090 neque
510 1027 563 1076 tam
588 1021 707 1076 duseimi
728 1034 810 1092 quam
828 1022 942 1079 loannis
983 1021 1191 1091 siscionensis,
1217 1029 1295 1098 cujus
1318 1028 1451 1098 epistolas
1471 1036 1527 1088 tres
1540 1031 1655 1090 interius
1673 1034 1799 1094 referam.

122 1103 224 1160 abbatis
242 1106 355 1176 scriptis
377 1111 485 1164 constat
513 1108 573 1164 hec
596 1107 736 1166 collectio.
760 1111 854 1181 Neque
875 1125 940 1166 sane
1018 1112 1104 1179 Nunc,
1129 1115 1257 1183 quoniam
1273 1123 1329 1172 tum
1352 1117 1381 1172 in
1401 1120 1542 1188 opusculis
1559 1123 1681 1192 loannis,
1702 1131 1758 1182 tum
1774 1127 1802 1183 in

122 1192 283 1264 crediderim
305 1195 472 1262 anselmum,
500 1196 638 1253 hominem
662 1204 778 1264 tantum,
802 1212 836 1254 er
854 1199 938 1256 meris
981 1200 1204 1258 lleditatiouihus
1233 1204 1438 1274 augustinianis
1460 1209 1636 1278 reperiuntur
1668 1214 1802 1282 permulta

120 1289 260 1339 auctorum
276 1283 421 1354 aequaiinm
445 1283 543 1356 plagiis
562 1285 649 1343 libros
663 1286 879 1354 consarcinasse,
893 1287 940 1359 qui
982 1303 1044 1360 quae
1062 1290 1157 1348 itidem
1177 1297 1285 1348 exstant
1304 1294 1331 1348 in
1346 1293 1526 1354 contessionc
1546 1299 1620 1368 tidei,
1632 1300 1683 1358 suh
1692 1303 1800 1362 alcuini

122 1384 152 1426 ex
180 1372 303 1442 propriis
326 1373 430 1444 ingenii
463 1373 506 1428 sui
534 1371 656 1430 lontibus
689 1374 801 1444 propria
820 1374 940 1433 condere
982 1377 1092 1434 nomine
1111 1392 1166 1436 non
1186 1379 1223 1436 ita
1242 1381 1348 1450 pridem
1371 1381 1489 1454 vulgata,
1501 1387 1579 1455 juvat
1592 1401 1731 1460 exponere
1749 1393 1824 1458 boc¹

120 1466 196 1516 natus
210 1466 290 1529 erat;
305 1467 363 1528 aut,
379 1461 402 1518 si
426 1461 455 1517 id
470 1467 613 1529 tentasset,
635 1467 689 1519 tam
705 1463 774 1518 male
789 1477 848 1520 rem
863 1478 941 1522 exse·
982 1464 1044 1522 loco
1061 1479 1122 1538 quae
1146 1467 1199 1537 ipsi
1222 1466 1394 1526 confessioni
1419 1471 1589 1531 illustrandae
1608 1481 1717 1550 assequi
1735 1481 1802 1538 mihi

120 1555 243 1605 curtorum
281 1547 374 1606 inisse.
407 1549 538 1620 Quisquis
564 1563 629 1607 vero
656 1551 790 1608 collector
817 1551 865 1609 ille
893 1553 938 1621 sit,
981 1555 1069 1610 licuit.
1086 1555 1158 1624 (Onu
1171 1555 1213 1611 hic
1226 1556 1259 1612 de
1273 1557 1439 1628 consessione
1452 1560 1611 1620 Alcaimcm
1625 1569 1803 1638 erpcsitaruru

119 1643 190 1693 certe
218 1637 371 1694 monachus
402 1636 464 1694 init.
490 1640 574 1709 cujus
597 1639 637 1696 rei
666 1646 857 1712 argumentum
886 1651 938 1710 εει,
981 1658 1011 1699 oe
1034 1645 1071 1700 uit
1099 1643 1278 1714 dluhillooius,
1297 1647 1333 1702 od
1356 1647 1453 1704 calcem
1476 1652 1538 1708 tomi
1565 1652 1758 1725 archadium,
1775 1664 1803 1715 ut

119 1724 190 1796 quod
205 1725 234 1782 in
253 1738 316 1796 cap.
332 1725 582 1796 dhteditationum,
607 1727 653 1786 ubi
674 1730 793 1786 loannes
822 1729 905 1788 hahet
929 1722 973 1786 :B
978 1731 1139 1805 proiciere,
1154 1735 1263 1791 seorsim
1278 1735 1349 1792 edito
1362 1740 1444 1802 aaut.)

118 1865 1803 1906 Μ

550 1989 929 2121 JOANNIS
980 1992 1361 2126 ABBATIS

814 2203 1111 2312 PROLOGUS,

114 2341 169 2406 rid
193 2343 436 2430 imperatricem
449 2346 589 2416 viduam
603 2349 741 2416 Hertrici
759 2349 980 2504 imperotolris,
996 2353 1040 2506 {a
1059 2373 1140 2439 opus
1159 2375 1297 2440 precum
1312 2357 1487 2424 coriorum
1505 2361 1801 2444 circompositum

851 2458 890 2504 em
934 2449 1000 2505 atra
1020 2462 1070 2508 us.

143 2613 259 2672 Dudum
281 2617 404 2688 quidem,
424 2619 535 2676 domina
563 2620 734 2691 imperatrix,
764 2622 814 2678 tihi
844 2627 938 2693 petere
980 2630 1069 2682 tecum
1102 2628 1205 2686 habeas
1235 2631 1411 2699 documenta,
1446 2646 1508 2703 quae
1549 2641 1654 2692 rectum
1693 2633 1802 2704 plenius

107 2702 216 2774 placuit
233 2712 265 2760 ut
286 2720 321 2762 ex
339 2707 489 2778 scripturis
517 2707 674 2780 colligerem
699 2710 855 2766 luculentos
877 2711 938 2766 bre·
980 2715 1127 2772 ostendant
1146 2719 1210 2784 iter,
1235 2734 1284 2789 per
1306 2719 1381 2790 qood
1405 2719 1494 2777 tidelis
1512 2721 1593 2779 vidua
1613 2723 1688 2793 juste
1715 2730 1743 2779 et
1757 2725 1802 2794 pie

107 2806 212 2863 vesque
227 2807 383 2863 sermones,
398 2795 427 2852 in
453 2797 555 2866 quihus
574 2800 653 2869 juxta
673 2797 759 2870 legem
776 2799 883 2856 ordinis
897 2801 937 2856 tui
979 2800 1109 2861 incedere
1125 2805 1234 2862 debeat.
1260 2807 1376 2877 insuper
1394 2815 1422 2866 et
1436 2809 1519 2864 alium
1537 2809 1633 2866 addidi
1646 2823 1801 2868 sermonem

109 2881 214 2952 absque
244 2882 319 2954 grati
344 2884 439 2940 labore
468 2884 575 2941 discere
600 2900 696 2956 posses
722 2901 845 2943 normam
866 2887 936 2945 bene
978 2889 1013 2945 dc
1030 2893 1083 2948 vita
1103 2898 1131 2949 et
1150 2896 1272 2952 moribus
1285 2897 1430 2968 virginum,
1452 2897 1486 2953 ed
1506 2898 1683 2955 instruendas
1701 2901 1802 2957 sancti·

108 2969 231 3025 videndi.
249 2971 343 3028 Omnis
362 2971 434 3028 enim
449 2973 562 3044 gradus,
583 2979 650 3031 astas
664 2982 692 3031 et
705 2989 787 3032 sexus
801 2976 835 3031 ad
850 2974 936 3032 lnior·
978 2979 1111 3036 moniales
1129 2996 1192 3052 qua·
1215 2983 1244 3038 io
1273 2991 1321 3040 tuo
1336 2987 1504 3042 monasterio
1533 2995 1707 3058 congregatas
1725 2995 1799 3046 sunt.

108 3058 257 3114 mationem
272 3060 335 3116 rite
359 3075 417 3116 suae
431 3061 459 3117 in
477 3062 564 3118 sacris
578 3062 677 3119 litteris
694 3063 833 3133 propriam
853 3061 964 3122 habeti}
976 3067 1009 3121 Et
1028 3068 1091 3137 qnia
1111 3075 1138 3125 te
1164 3071 1272 3126 actibus
1296 3073 1493 3130 misericordiae
1512 3075 1633 3132 deditam
1665 3078 1800 3146 comperi,

107 3145 274 3216 doctrinam,
295 3155 325 3204 nt
340 3149 528 3222 unusquisque
553 3151 581 3209 in
594 3152 738 3209 vocatione
753 3167 807 3223 qua
821 3159 934 3212 vocatus
975 3167 1026 3211 nce
1063 3155 1131 3211 illud
1156 3171 1266 3228 qnoque
1290 3173 1333 3214 me
1357 3160 1480 3218 scribere
1508 3161 1606 3232 piguit,
1641 3163 1716 3234 quod
1745 3178 1800 3220 uon

106 3241 145 3291 est
159 3237 318 3295 rectissime
341 3239 493 3308 ambulans,
509 3241 652 3310 peruenire
667 3241 755 3299 valeat
769 3242 804 3298 ad
820 3257 932 3313 regnum
974 3242 1170 3300 ecclesiasticis
1202 3247 1313 3304 divitias
1353 3249 1452 3306 multas
1489 3251 1708 3320 possidentibus,
1750 3253 1799 3310 sed

105 3325 197 3396 inquo
224 3327 325 3384 multae
339 3332 404 3384 sunt
428 3331 592 3388 mansiones.
608 3331 731 3403 lienique
747 3337 809 3402 post
827 3331 932 3388 obitum
972 3331 1072 3400 viduis,
1093 3334 1235 3404 orphanis,
1256 3335 1383 3404 indrmis,
1414 3339 1568 3408 peregrinis
1601 3339 1711 3408 illisque
1736 3354 1798 3407 per·

105 3416 267 3474 reverenda
290 3417 430 3474 memoriae
454 3417 559 3475 domini
573 3420 695 3476 heinrici
720 3420 864 3476 clarissimi
888 3434 932 3476 sa·
973 3422 1088 3478 maximo
1104 3424 1151 3492 qni
1170 3426 1585 3494 veresuntpaupereschristi,
1602 3424 1800 3495 proculdubio

105 3503 266 3577 plantisque
294 3505 480 3576 imperatoris,
502 3506 640 3577 qnondam
661 3508 713 3564 uiri
728 3509 779 3575 tui,
794 3507 931 3564 laudabile
973 3508 1165 3578 dispensandae
1198 3504 1263 3568 sunt
1291 3511 1485 3582 eleemosynae.
1519 3515 1584 3568 llaec
1616 3527 1681 3569 vero
1708 3514 1801 3571 omnia

103 3594 281 3663 propositum
319 3594 465 3653 laboriosas
488 3597 630 3654 viduitatis
657 3597 724 3656 totis
751 3596 873 3667 amplexa
902 3611 932 3652 es
972 3594 1087 3665 iaciens,
1104 3599 1131 3654 in
1143 3597 1285 3655 laboribus
1299 3599 1367 3656 meis
1382 3605 1496 3669 propter
1510 3599 1622 3656 multam
1633 3600 1795 3657 charitatem

102 3680 211 3738 viribus.
237 3685 281 3740 Et
303 3697 459 3754 quanquam
498 3684 642 3750 nobilitas,
667 3698 735 3754 opes
758 3690 786 3741 et
808 3692 876 3740 aetas
898 3683 932 3739 ad
974 3689 1047 3740 tuam
1062 3699 1118 3742 non
1133 3688 1207 3742 sensi
1226 3682 1359 3744 lahorem.

102 3774 291 3841 repetendum
323 3773 470 3830 thalamum
487 3778 513 3830 te
539 3773 698 3842 invimrcnt,
713 3773 827 3831 noluisti
842 3779 932 3830 tamen
1009 3773 1205 3842 obmutescite,
1242 3775 1343 3832 scillaei
1377 3789 1469 3844 canes,
1516 3789 1550 3832 eu
1588 3790 1640 3848 ego
1672 3777 1800 3837 obturata

101 3867 239 3918 cortuum
262 3860 397 3918 inclinare
411 3861 446 3918 ad
461 3862 543 3918 uerba
557 3861 699 3919 hominum
715 3876 766 3932 pro
780 3863 852 3918 ueris
865 3861 933 3918 ialsa
974 3875 1041 3918 aure
1063 3862 1268 3934 obstrepentem
1297 3865 1474 3923 lacerationis
1498 3871 1596 3922 restrae
1611 3867 1715 3924 rabiem
1731 3883 1798 3940 per·

104 3951 358 4021 contendentium
378 3950 427 4008 sed
442 3957 535 4008 crecta
550 3965 670 4020 sursum,
686 3953 818 4008 accinctis
833 3940 934 4008 lu'mhis
975 3950 1108 4008 transibo.
1129 3953 1159 4008 ln
1183 3953 1384 4010 conventiculis
1407 3955 1517 4023 vestris,
1538 3961 1568 4012 ut
1591 3954 1693 4025 ierunt,
1716 3963 1799 4015 sonat

104 4039 202 4097 stetisti
227 4039 342 4098 tortiter
364 4051 449 4110 super
463 4039 548 4112 pedes
563 4045 635 4107 tuos,
652 4045 682 4096 ut
697 4040 862 4110 contemptis
877 4040 934 4098 ille·
975 4039 1066 4096 littera
1082 4041 1142 4098 haec
1156 4043 1191 4099 de
1206 4057 1272 4099 nare
1287 4044 1394 4100 canina.
1411 4046 1477 4100 Cum
1493 4045 1649 4115 proiitearis
1663 4051 1691 4104 te
1705 4061 1799 4105 mona·

105 4127 192 4184 cebris
206 4128 306 4194 carnis
333 4132 362 4184 ει
389 4128 483 4186 mundi
502 4127 606 4184 servias
635 4129 745 4186 Christo
769 4130 884 4186 bomino
904 4129 933 4185 in
974 4129 1065 4197 chum,
1082 4137 1111 4186 et
1138 4132 1297 4190 monastice
1320 4133 1464 4204 religionis
1482 4140 1573 4191 tacere
1587 4135 1624 4190 sit
1644 4138 1797 4207 proprium,

105 4219 241 4286 castitate,
274 4223 305 4274 et
333 4217 443 4274 caeteris
468 4217 608 4276 nobilibus
644 4215 777 4276 matronis
808 4219 934 4290 prebeas
974 4217 1041 4288 quid
1056 4232 1122 4290 ergo
1138 4219 1187 4275 tihi
1203 4225 1231 4276 et
1246 4220 1428 4278 mulieribus?
1446 4222 1523 4278 Unde
1543 4223 1593 4278 tibi
1608 4229 1684 4278 tanta
1701 4230 1799 4281 aucto·

106 4304 214 4376 dignum
249 4306 416 4364 imitationis
453 4307 618 4378 exemplum,
655 4306 785 4364 videlicet
815 4314 847 4362 ut
883 4322 934 4378 per
975 4307 1042 4363 ritas
1066 4315 1095 4363 ut
1117 4309 1145 4364 in
1176 4309 1307 4366 cathedra
1334 4309 1526 4379 magistrorum
1554 4309 1662 4376 sedeas,
1683 4319 1710 4366 ει
1724 4311 1799 4380 ipsas

107 4398 308 4454 continentiam
328 4403 401 4454 tuam
423 4395 458 4452 ad
478 4396 592 4452 meliora
607 4401 773 4466 provocatae,
794 4393 1058 4453 defunctisDetiam
1086 4395 1202 4454 seminas
1224 4398 1328 4468 absque
1347 4397 1449 4454 rubore
1477 4397 1644 4466 conscriptis
1657 4397 1799 4455 schedulis

107 4486 210 4542 maritis
223 4483 440 4552 sertentddem
456 4485 552 4555 eisque
571 4499 621 4555 per
635 4485 749 4542 coeleste
766 4485 932 4542 sacriilcium
974 4485 1096 4542 doceas?
1110 4485 1205 4553 silete,
1221 4486 1314 4542 miseri
1330 4506 1337 4542 :
1356 4485 1418 4542 ideo
1446 4483 1519 4572 igtud
1534 4484 1628 4541 dicitis
1647 4485 1711 4555 qnia
1730 4485 1799 4542 caeci

107 4583 214 4630 necnon
227 4581 258 4630 et
275 4587 327 4644 per
344 4573 469 4630 assiduas
478 4573 665 4644 eleemosynas
680 4580 774 4644 petant
787 4588 803 4630 a
818 4574 933 4631 homino
974 4573 1050 4640 estis,
1067 4573 1308 4630 ducescaecorum.
1319 4573 1428 4640 liedite,
1441 4573 1676 4643 prevaricatores,
1688 4573 1722 4629 ad
1737 4585 1797 4640 cor,

108 4668 287 4730 peccatorum
311 4662 510 4719 remissionem.
531 4663 614 4730 Quam
638 4661 770 4720 decorum
795 4670 822 4721 et
844 4663 933 4719 hone·
975 4665 1002 4716 et
1017 4661 1063 4716 ubi
1079 4662 1197 4731 turpiter
1207 4663 1308 4732 jacetis
1325 4662 1473 4734 diligenter
1487 4660 1671 4718 considerate.
1690 4661 1798 4718 Utinam

107 4755 176 4808 stum
219 4757 276 4820 est,
306 4757 337 4806 ut
368 4751 522 4808 Christiana
562 4752 671 4821 mulier,
716 4757 778 4823 post
820 4753 934 4823 primam
976 4751 1116 4808 maliciosa
1138 4765 1216 4808 mens
1246 4755 1336 4808 rostra
1358 4751 1544 4821 resipisceret,
1569 4757 1597 4806 et
1621 4750 1798 4808 honestarum

106 4840 213 4898 amissae
237 4839 406 4912 virginitatis
435 4841 561 4911 palmam,
581 4843 622 4899 sic
651 4843 783 4912 deinceps
806 4849 881 4899 caste
907 4847 935 4900 et
976 4839 1119 4896 mulierum
1148 4840 1193 4910 pia
1221 4854 1305 4910 opera
1328 4839 1501 4910 aliquatenus
1531 4837 1633 4894 imitari
1662 4838 1796 4895 studeret.

106 4927 197 4986 sobrie
231 4928 346 4986 studeat
377 4928 478 4998 visere,
503 4937 638 5001 quatenus
657 4931 739 4989 unius
770 4931 822 4987 viri
854 4944 933 5000 uuor,
976 4927 1072 4984 Nonne
1091 4928 1191 4985 mulier
1208 4928 1269 4985 haec
1299 4929 1385 4986 totius
1411 4925 1598 4982 venerationis
1630 4925 1711 4998 digna
1744 4932 1797 4994 est,

106 5016 262 5084 opitulante
277 5017 404 5084 homino,
425 5025 452 5073 ct
466 5033 527 5074 esse
542 5025 569 5074 et
579 5018 635 5074 dici
645 5019 742 5076 valeat.
758 5021 934 5076 llancautem
976 5030 1038 5087 qoae
1053 5015 1157 5073 diuitiis
1175 5023 1203 5072 et
1226 5015 1379 5073 honoribus
1403 5013 1525 5084 praetulit
1539 5013 1641 5070 Christi
1655 5019 1799 5076 amorem?

107 5105 186 5161 unius
205 5106 317 5178 copulae
328 5105 475 5178 gloriosam
486 5107 625 5174 virtutem,
637 5106 665 5164 ni
680 5105 771 5176 failor,
787 5107 936 5165 ohservan-
976 5104 1062 5175 lgitur
1074 5119 1136 5161 cnm
1150 5111 1224 5161 esset
1242 5103 1353 5161 domina
1368 5117 1526 5176 regnorum,
1546 5101 1700 5158 humiliavit
1722 5113 1752 5158 se
1770 5105 1799 5158 et

107 5191 167 5250 dam
191 5195 358 5266 pronuntiat
376 5195 424 5254 iila
441 5208 496 5252 una
510 5200 587 5252 costa
601 5209 662 5266 quae
681 5196 751 5254 tulta
765 5202 807 5256 est
821 5197 855 5254 de
870 5211 935 5255 cor·
976 5191 1047 5250 iacta
1061 5199 1103 5250 est
1126 5208 1204 5250 serua
1229 5207 1390 5264 pauperum.
1410 5195 1523 5250 Taceam
1547 5190 1623 5262 quod
1637 5195 1723 5247 totam
1741 5186 1799 5248 iere

108 5292 173 5348 pore
192 5283 260 5352 uiri,
276 5297 310 5342 ex
321 5298 376 5356 qua
394 5283 508 5343 formata
522 5287 564 5339 est
579 5283 685 5341 mulier.
977 5282 1134 5353 peragrarit
1161 5283 1276 5351 ltaliam,
1301 5281 1476 5340 devotissime
1505 5281 1618 5338 visitans
1641 5284 1799 5337 sanctorum

140 5371 272 5443 Cognitis
297 5373 391 5444 itaque
419 5372 472 5444 piis
504 5370 650 5428 desideriis
681 5372 774 5429 cordis
801 5373 852 5440 tui,
873 5387 937 5431 mox
977 5369 1120 5440 reliquias,
1150 5375 1178 5428 et
1210 5369 1329 5428 oderens
1353 5369 1394 5427 eis
1420 5369 1541 5439 pretiosa
1569 5367 1694 5435 donaria,
1714 5365 1801 5439 pluri·

109 5469 223 5527 operam
253 5459 329 5528 dedi,
354 5467 383 5518 et
414 5458 559 5518 nonnullas
592 5471 626 5514 ex
653 5460 794 5530 opusculis
824 5461 936 5518 Patrum
978 5472 1090 5530 masque
1119 5458 1223 5518 iaciens
1248 5457 1436 5530 eleemosynas
1450 5458 1478 5515 in
1497 5457 1614 5516 urbibus
1632 5462 1660 5514 et
1678 5456 1755 5522 vicis,
1772 5459 1801 5514 et

110 5546 270 5604 sententias
295 5548 424 5606 celeriter
446 5547 599 5618 dehoravi;
628 5553 659 5603 nt
685 5547 806 5606 veridica
834 5549 936 5622 ubique
976 5547 1005 5606 in
1020 5548 1149 5606 omnihus
1161 5548 1231 5606 iocis
1244 5547 1279 5604 ad
1298 5562 1361 5619 quae
1379 5547 1513 5606 orationis
1530 5548 1618 5619 gratia
1632 5543 1798 5618 properauit
