4106 6178
261 295 330 352 ,Μ
821 282 966 337 noratur
985 282 1208 340 sannnmnam
1227 265 1384 342 anonim.

326 421 486 483 Marsorum,
504 412 631 483 petimus,
648 422 760 466 munera
776 409 891 478 respice.

362 510 452 565 Locus
466 503 574 568 aeterni,
595 500 678 567 salus,
694 499 794 566 honor,

326 597 430 664 Virtus,
452 591 607 663 imperinm,
629 588 674 644 lux
690 587 751 645 sine
771 588 899 656 termino,

327 689 387 744 lter
406 696 512 756 regum,
533 679 594 749 tibi,
610 677 730 744 Christe,
746 677 794 743 sit,

329 779 436 834 Etcum
450 774 531 828 Patre
545 770 612 836 lieo,
627 765 742 838 Spiritui
757 779 847 823 sacro.
863 769 958 822 amen.

644 857 689 912 lll.

382 955 446 1009 llent
465 948 534 1004 oliuo
552 945 660 1018 humour
678 945 705 1000 iu
724 943 844 1000 laudibus
862 944 954 1015 ipsiue.

434 1038 474 1096 hd
489 1037 578 1093 Patris
593 1034 678 1090 decus
693 1033 790 1103 optimi

397 1127 496 1186 cordis
514 1124 628 1181 vocibus
642 1121 731 1179 intimi

398 1219 506 1275 Sabim
522 1213 646 1271 celebres
660 1212 738 1268 chori

398 1307 506 1364 Laudes
520 1304 630 1374 pangite
650 1301 785 1372 martyris.

435 1395 503 1452 Coeli
522 1393 631 1450 scandit
644 1391 678 1446 ad
694 1391 808 1447 arduum

400 1487 562 1542 Sanctorum
582 1482 641 1538 viee
658 1486 816 1550 martyrum.

400 1576 434 1630 Et
449 1574 522 1644 regis
535 1571 588 1627 sihi
604 1570 700 1626 Filium

399 1665 493 1720 lunxit
507 1661 611 1718 loedore
631 1660 777 1730 virginum.

435 1754 465 1807 ln
485 1753 563 1822 cujus
582 1750 747 1815 diademate,

400 1843 517 1896 Gemma
533 1852 608 1894 more
629 1836 814 1908 hyacinthinae

399 1928 517 1986 Summis
531 1940 581 1998 pro
602 1925 707 1981 meritis
722 1927 800 1990 nitet,

399 2021 464 2085 Quae
483 2016 582 2074 Christi
599 2014 698 2070 meruit
718 2013 780 2068 ilde.

434 2107 560 2163 Coelestis
573 2103 626 2159 sihi
642 2103 761 2174 dignitas

403 2195 470 2250 hivo
489 2192 631 2263 sanguinis
645 2191 732 2246 indita

398 2284 479 2340 Novit
493 2282 599 2337 solvere
615 2280 727 2350 praemia

395 2373 473 2428 hletae
487 2369 621 2440 temporis
640 2369 736 2426 inscia.

432 2463 497 2532 Ejus
515 2460 603 2532 gloria
618 2458 738 2514 circulos

396 2552 511 2620 Semper
528 2549 653 2619 praeterit
667 2560 784 2614 annuos,

396 2640 461 2706 Qua
477 2644 553 2693 tanto
573 2635 604 2692 fit
618 2636 734 2692 amatior

395 2729 441 2783 Est
460 2732 563 2797 quanto
583 2725 743 2795 pretiosior.

432 2816 525 2872 Mundi
544 2815 652 2871 deliciae
671 2820 773 2870 tetrum

395 2906 491 2963 Mortis
506 2904 666 2975 possideant
680 2903 782 2968 locum,

393 2997 477 3066 Cujns
490 2993 621 3065 supplicii
635 3005 722 3063 genus

395 3084 461 3138 Vitae
476 3083 513 3138 sit
528 3082 594 3137 dare
609 3081 762 3150 praemium.

428 3173 480 3227 Ora
496 3184 547 3241 pro
566 3169 675 3226 lamulis
688 3169 754 3235 tuis,

393 3261 494 3331 hlartyr
512 3258 636 3331 germine
651 3257 763 3325 nobilis,

392 3348 478 3406 hiulto
492 3348 614 3404 nobilior
628 3347 714 3418 magis

391 3437 467 3494 Sacri
483 3435 579 3493 tenore
593 3436 745 3506 sanguinis.

426 3524 512 3582 hioles
530 3525 634 3595 dissipa
650 3524 783 3588 criminis.

391 3616 483 3672 Finem
499 3629 582 3685 posce
598 3614 738 3684 periculis,

391 3706 423 3761 Et
438 3705 535 3762 mortis
549 3704 626 3761 lehre
642 3703 788 3776 languidis,

389 3795 428 3850 lia
443 3807 543 3850 munus
556 3793 732 3850 valetudinis.

425 3883 533 3940 Nostris
547 3884 638 3940 insere
654 3883 792 3940 mentibus

388 3971 498 4028 Christo
518 3971 635 4028 reddere
656 3971 789 4040 debitum,

389 4060 428 4114 Ne
447 4071 499 4114 nos
518 4059 601 4116 fortia
614 4059 737 4130 judicum

388 4147 509 4203 Perdant
525 4150 586 4218 jura
603 4149 768 4218 potentium.

423 4237 536 4304 Praesta,
556 4237 691 4293 Conditor
709 4238 821 4307 optime,

386 4326 436 4394 Qui
456 4340 517 4383 oum
532 4327 612 4383 Patre
626 4328 698 4383 heus
711 4340 805 4384 manes

387 4418 453 4473 Cum
472 4421 569 4474 sancto
584 4430 694 4489 quoque
710 4418 840 4484 llamlne,

386 4506 437 4574 Qui
457 4520 556 4579 regnas
569 4507 629 4563 sine
649 4507 774 4567 termine.

422 4597 517 4652 hmen.

635 4687 678 4742 lil.

315 4775 345 4828 ln
363 4775 450 4831 cuncti
469 4775 556 4832 lllctm¹
574 4773 677 4831 obdulie
700 4780 807 4832 acetrum
826 4776 995 4848 sapphicum.

546 4863 788 4937 tlendecassyllab.

349 4953 419 5021 Quid
435 4958 483 5010 tuo
503 4952 585 5010 uobis
604 4955 696 5025 potius
715 4955 825 5026 plaeere

349 5043 379 5097 ln
399 5042 445 5098 dle
459 5041 551 5109 debet,
568 5043 619 5100 tibi
634 5057 715 5114 quam
735 5043 854 5113 decoris,

350 5133 459 5192 Fortius
477 5134 529 5190 niti
549 5135 688 5205 precibus,
704 5135 746 5193 vel
760 5136 879 5208 hymnis,

473 5225 580 5294 Optime
596 5226 711 5281 iiauret

347 5312 385 5367 Tu
400 5313 488 5369 sacris
502 5313 640 5384 quondam
661 5327 730 5384 puer
747 5314 883 5370 institutis

347 5401 491 5457 Maximum
510 5403 574 5458 vitae
589 5402 710 5458 studium
725 5403 866 5473 perennis,

347 5489 424 5544 Unde
440 5491 582 5560 preclaris
597 5491 693 5548 rutilas
709 5491 865 5561 triumphis,

472 5580 523 5636 llic
538 5579 670 5639 didicisti.

1090 411 1117 471 h
1230 411 1266 468 Es
1280 423 1384 467 memor
1397 414 1507 481 quantae
1522 409 1586 468 hdei
1604 410 1688 480 hristl,

1227 505 1293 557 tium
1309 507 1372 556 tuos
1390 499 1481 556 mollis
1495 499 1558 556 tulit
1573 500 1646 556 unda
1659 515 1770 572 gressum

1227 589 1323 645 Excito
1338 602 1420 645 cursu
1439 587 1580 645 Placidum
1600 588 1738 659 prolundo

1354 679 1440 734 Fonte
1455 676 1562 734 levasti.

1228 766 1298 823 illud
1316 774 1358 823 est
1378 767 1450 823 inter
1465 773 1510 823 tua
1530 769 1607 839 signa
1626 767 1706 825 valde

1228 855 1341 911 Dulcius
1356 856 1446 923 nobis,
1467 857 1553 926 quod,
1574 863 1602 912 et
1624 857 1676 913 hac
1696 857 1722 913 in
1738 871 1803 914 arce

1229 943 1369 1016 languido
1389 944 1619 1016 gressumsimul
1639 953 1667 1002 et
1684 945 1821 1018 loquelam

1353 1033 1516 1090 ttestnmsu.

1228 1125 1279 1179 llic
1293 1123 1363 1179 viam
1378 1122 1459 1194 longe
1474 1123 1581 1194 positus
1595 1124 1707 1181 ridebas

1228 1211 1322 1268 Palliis
1335 1218 1457 1278 stratam,
1474 1197 1580 1268 sachius
1596 1226 1748 1282 coruscam,

1228 1302 1311 1368 Quam
1329 1301 1408 1356 Pater
1423 1300 1522 1357 caelum
1537 1301 1702 1358 Benedictus
1720 1303 1785 1358 olim

1352 1391 1453 1446 Noster
1466 1389 1561 1446 adivit.

1229 1481 1306 1548 Quod
1321 1481 1371 1537 tibi
1391 1481 1530 1550 qnondam
1545 1481 1604 1537 lieri
1620 1483 1732 1551 petebas

1229 1570 1300 1640 hege
1315 1570 1366 1626 suh
1381 1583 1435 1640 qua
1450 1581 1502 1626 nos
1515 1571 1598 1627 modo
1613 1571 1734 1640 regulari

1228 1659 1351 1715 Graviter
1365 1659 1460 1714 vivens
1475 1673 1556 1728 prece
1577 1658 1611 1715 da
1631 1673 1751 1729 perenne

1353 1749 1448 1804 Vivere
1469 1748 1559 1816 nobis,

1230 1839 1290 1908 lpse
1306 1836 1435 1894 fundator
1450 1837 1565 1907 placida
1580 1837 1691 1908 quietis,

1230 1928 1317 1998 llulus
1330 1927 1384 1984 hoc
1398 1933 1487 1984 tecum
1503 1925 1584 1984 iaciat
1599 1941 1735 1999 rogamus,

1228 2017 1295 2072 Nam
1314 2014 1388 2086 quod
1404 2021 1540 2086 optamus,
1556 2016 1625 2072 bene
1641 2017 1664 2072 si
1684 2016 1784 2082 velitis,

1353 2107 1434 2161 Ferre
1454 2105 1579 2174 potestis.

1230 2193 1302 2250 velle
1318 2195 1365 2250 det
1379 2193 1457 2250 vohis
1471 2194 1582 2264 pietatis
1600 2199 1698 2250 auctor

1228 2284 1285 2339 lien
1299 2284 1380 2350 bens,
1402 2297 1463 2339 cum
1482 2296 1537 2353 quo
1556 2283 1615 2340 sine
1630 2282 1684 2339 fine
1698 2290 1795 2354 regnet

1229 2371 1314 2428 Filius
1332 2385 1455 2443 compar,
1475 2372 1524 2428 sed
1539 2379 1567 2428 et
1581 2371 1724 2442 utriusque

1351 2462 1470 2532 Spiritus
1483 2460 1580 2517 almus.
1618 2463 1713 2518 hmen.

1518 2552 1548 2606 V.

1362 2643 1429 2696 Item
1447 2639 1562 2710 eiusdem
1580 2643 1699 2695 melium.

1225 2730 1360 2805 Gaudere,
1375 2729 1485 2792 iratres.
1502 2743 1554 2785 uos
1567 2728 1651 2784 hodie
1670 2728 1760 2796 decet,

1191 2819 1224 2874 Et
1242 2833 1360 2888 quaeque
1379 2819 1473 2875 cordis
1487 2819 1576 2874 tristia
1591 2832 1722 2889 spernere

1189 2909 1298 2964 Summa
1318 2909 1390 2964 beati
1404 2909 1499 2965 laetitia
1511 2908 1573 2975 virt,

1191 2997 1248 3064 ilis,
1265 2999 1343 3068 cujus
1357 2999 1424 3054 odas
1440 2997 1583 3068 pangimus
1596 2996 1717 3070 organis.

1224 3089 1289 3143 llaec
1302 3087 1349 3144 illa
1367 3089 1413 3144 lux
1432 3093 1542 3159 estque
1559 3087 1643 3144 subiit
1662 3086 1754 3157 polum

1187 3177 1271 3231 itauri
1286 3166 1393 3233 solutus
1407 3190 1524 3248 corpore
1539 3177 1672 3248 spiritus;

1187 3265 1231 3320 Sic
1246 3266 1319 3336 regis
1333 3273 1393 3322 acta
1412 3265 1510 3322 militia
1528 3265 1571 3322 sni

1187 3354 1279 3410 tantae
1294 3355 1396 3424 quietis
1414 3355 1528 3426 praemia
1548 3354 1670 3423 pertulit.

1221 3442 1348 3500 Coelestis
1362 3443 1432 3500 aulae
1446 3443 1534 3500 lactus
1547 3455 1716 3508 oeconomus,

1187 3531 1302 3588 Praestat
1315 3533 1433 3604 benigne
1453 3533 1535 3604 digna
1549 3532 1717 3603 petentibus,

1186 3622 1235 3688 Qui
1251 3627 1346 3678 nostra
1360 3629 1469 3692 sumpto
1484 3635 1548 3678 mox
1562 3621 1615 3677 sihi
1631 3632 1743 3676 munere

1185 3711 1306 3767 illustret
1320 3712 1391 3768 almo
1411 3718 1524 3782 pectora
1543 3712 1654 3768 lumine.

1222 3800 1272 3856 liic
1286 3799 1419 3857 arderadi
1437 3801 1558 3858 membra
1574 3799 1726 3856 miserrime

1184 3888 1287 3945 collisa
1304 3903 1368 3946 casu
1389 3892 1516 3960 protinus
1530 3891 1635 3961 integre

1185 3978 1294 4035 sanavit
1309 3979 1385 4047 olim,
1401 3993 1462 4036 cnm
1477 3993 1525 4034 sna
1540 3977 1643 4035 saeculo

1186 4066 1317 4138 Fulgehat
1331 4068 1405 4124 omni
1424 4081 1501 4124 mens
1515 4066 1606 4130 simul,
1623 4073 1651 4124 et
1664 4079 1740 4123 caro.

1220 4157 1318 4212 Fracto
1333 4157 1467 4214 medelam
1481 4157 1516 4214 de
1532 4158 1601 4227 pede
1616 4157 1723 4228 Sergio,

1184 4248 1341 4318 humenque
1361 4261 1436 4305 caeco
1450 4248 1606 4317 prebuerat
1619 4247 1688 4304 Lino

1184 4337 1270 4393 Sensu
1290 4345 1400 4394 carente
1414 4338 1555 4394 sustulita
1575 4351 1652 4404 nece,

1183 4427 1302 4498 Eiusque
1317 4428 1384 4484 uixit
1402 4435 1527 4485 mortuus
1542 4427 1575 4483 ad
1592 4441 1711 4497 precem.

1218 4518 1240 4572 0
1254 4518 1346 4574 Maure
1360 4516 1435 4584 ielix,
1455 4532 1623 4588 quesumus,
1640 4525 1728 4585 nure,

1182 4607 1241 4673 Quo
1258 4608 1313 4676 lam
1328 4607 1448 4673 solebas,
1469 4613 1497 4664 et
1516 4607 1599 4665 modo
1620 4607 1740 4678 pleniter

1182 4697 1282 4753 Noscat
1295 4697 1385 4753 Casini
1401 4697 1481 4753 dulce
1496 4698 1585 4754 solum
1600 4697 1651 4753 tibi

1181 4784 1250 4852 Quid
1270 4790 1345 4842 tanta
1359 4787 1446 4857 possit
1465 4785 1552 4858 gloria
1571 4799 1653 4857 quam
1668 4787 1747 4843 cluis.

1218 4876 1269 4931 iao
1283 4889 1339 4946 quo
1354 4883 1467 4948 rogatur
1481 4889 1555 4933 nune
1574 4881 1620 4932 tua
1640 4877 1770 4942 charitas,

1180 4965 1245 5020 Nam
1258 4965 1329 5036 juris
1346 4965 1400 5021 hoc
1419 4964 1466 5022 dat
1480 4965 1588 5036 legibus
1607 4967 1722 5036 aequitas

1180 5053 1285 5112 bebere
1304 5067 1467 5124 quemquam
1483 5068 1533 5124 pro
1549 5055 1636 5125 patria
1651 5055 1720 5111 mori

1181 5145 1220 5199 Tu
1239 5143 1308 5212 vive,
1324 5143 1373 5199 sed
1393 5156 1444 5200 nos
1457 5143 1548 5200 vivere
1562 5143 1605 5200 lac
1622 5143 1682 5200 tibi.

1163 5249 1282 5316 &mlum
1300 5249 1384 5306 ultimi
1403 5249 1586 5306 desiderantur
1604 5249 1734 5317 ammenti,
1755 5255 1779 5307 el
1798 5249 1886 5324 lupiani

1448 5337 1600 5410 conclusio.)
