4024 6174
172 289 222 348 tlt
658 295 848 353 uunrnotbl
866 295 1075 354 PRESBYTERI
1093 294 1372 354 constantiensis
1802 291 1858 350 tta

172 416 270 474 stollca
289 417 356 475 sede
379 417 584 476 decerneretur.
610 420 648 476 nd
669 420 729 477 baec
753 433 849 478 omnes
867 421 1065 485 sollertertln
1089 425 1189 478 terram
1212 419 1303 477 missis
1331 425 1360 475 et
1391 417 1533 485 extinctis,
1562 418 1646 489 buius
1672 417 1859 478 damnationis

173 507 310 579 rogitabat
332 513 359 564 ct
382 509 588 576 commonebat,
608 510 684 566 utin
704 523 849 567 commune
868 513 924 568 lico
944 524 994 582 pro
1035 511 1171 566 sententia
1204 509 1394 574 dilllniretnr,
1431 507 1498 564 satis
1530 507 1631 564 obnixe
1660 507 1857 566 obedientiam

173 595 226 654 hoc
248 597 425 654 devotissime
448 596 653 668 supplicarent,
680 600 809 669 quatinus
832 599 885 656 sibi
909 599 994 657 divini
1035 599 1108 672 regis
1121 599 1244 656 Heinrici
1257 599 1375 670 primum
1392 599 1419 654 ln
1433 597 1488 654 boc
1506 597 1683 666 probaturus,
1700 611 1750 668 per
1768 597 1859 654 domi-

172 685 215 741 sul
239 686 366 756 spiritum
390 686 499 743 consilii
519 687 654 758 inspirare.
674 687 850 760 dignaretur,
875 702 930 760 quo
947 704 994 747 au·
1035 701 1099 744 num
1122 690 1217 755 Deum,
1237 694 1266 744 et
1289 689 1312 743 si
1336 702 1366 744 se
1391 693 1504 754 amaret,
1522 686 1626 758 rogavit
1645 699 1707 742 eum
1727 691 1756 743 ct
1778 687 1860 744 obse·

173 778 299 831 eiurante
325 779 420 832 sancta
452 782 540 832 mater
571 775 696 833 aeociesla
730 791 780 848 par
807 783 849 836 tot
880 779 994 836 bereses
1034 777 1130 846 oravit,
1151 784 1178 834 et
1201 775 1365 848 paternitate
1398 774 1551 846 apostolica
1574 787 1624 844 per
1649 775 1754 846 legatos
1781 775 1858 833 illius

172 863 299 936 scismata
327 871 355 921 et
384 864 537 920 discordias
560 864 756 922 miserabiliter
782 864 934 939 dissipata,
964 868 993 923 in
1034 866 1187 932 admonuit,
1204 871 1235 922 ut
1258 878 1352 936 pacem
1376 863 1483 920 cunctis
1505 863 1671 919 adversariis
1693 865 1752 920 suis
1770 877 1859 936 usque

172 952 281 1010 Christo
298 953 370 1010 uniri
389 959 416 1010 et
430 953 567 1025 pacillcari
582 960 744 1012 mereretur.
1034 954 1068 1010 ad
1085 955 1158 1010 illius
1182 953 1315 1025 colloquii
1334 952 1531 1024 perlectionem
1555 951 1679 1008 baberet.
1705 953 1809 1010 licinde
1828 959 1860 1011 ut

208 1042 252 1098 Sic
272 1040 355 1098 dilata
369 1040 526 1112 huiusmodi
550 1056 637 1114 usquc
661 1045 688 1100 iu
713 1043 855 1100 sabbatum
879 1051 994 1101 senten-
1033 1045 1122 1114 ipsum
1147 1057 1197 1114 per
1211 1045 1302 1102 omnia
1317 1041 1481 1100 honorando
1500 1041 1534 1097 ad
1553 1053 1718 1098 consensum
1737 1055 1858 1099 concor·

173 1131 229 1198 tia,
255 1130 307 1188 alia
330 1132 454 1202 quaedam
469 1146 531 1203 quae
546 1132 680 1190 ecclesie
696 1133 808 1190 utilitati
823 1142 851 1190 et
874 1135 994 1192 necessi·
1034 1133 1087 1191 diae
1102 1134 1256 1191 industrius
1270 1131 1456 1198 contraheret,
1472 1131 1584 1187 nuntios
1598 1143 1664 1187 suos
1678 1145 1739 1187 curn
1760 1129 1860 1203 legatis

172 1221 221 1276 tati
250 1221 373 1290 prolicua
400 1220 528 1289 lucrant,
558 1223 691 1279 canonica
719 1221 862 1294 diligentia
890 1222 993 1280 ibidem
1033 1223 1109 1279 illius
1131 1237 1161 1279 se
1184 1223 1218 1278 ad
1242 1222 1318 1278 illum
1340 1220 1508 1277 directurum
1534 1219 1685 1290 prudenter
1699 1220 1859 1289 destinavit,

172 1308 327 1365 cautissime
351 1315 517 1381 pertractata
544 1316 571 1366 et
600 1310 716 1367 dildnita
744 1317 818 1368 stunt.
851 1313 992 1369 inventum
1033 1317 1074 1380 ut,
1088 1314 1164 1382 juxta
1179 1325 1257 1368 suum
1271 1309 1609 1380 beneplacitum,tempus
1624 1307 1859 1366 etlocumiuturi

171 1402 261 1453 autem
286 1403 314 1454 ct
336 1397 483 1455 dillluitum
507 1407 550 1456 est
574 1400 609 1457 ab
626 1401 781 1472 apostolico
801 1405 829 1457 et
843 1401 951 1458 cunetis
965 1401 993 1458 in
1036 1401 1171 1472 colloquii
1190 1401 1250 1473 ipse
1266 1399 1448 1467 deliberaret,
1472 1405 1500 1455 et
1522 1397 1576 1455 boc
1596 1398 1675 1468 regui
1698 1395 1863 1469 primatibus

169 1485 278 1543 cbristo
309 1501 403 1544 secum
431 1488 641 1546 consulentibus
665 1489 822 1560 hujusmodi
847 1505 897 1562 pro
921 1491 994 1562 regis
1034 1496 1062 1546 ct
1083 1489 1191 1548 cunctis
1210 1489 1276 1546 illuc
1297 1487 1483 1545 convocandis
1504 1486 1694 1544 indubitanter
1714 1487 1860 1544 notillceto

170 1574 292 1632 lleinrici
308 1577 480 1648 querimonia
495 1577 617 1649 prudens
632 1586 660 1636 et
675 1579 825 1637 discretum
842 1581 910 1637 satis
925 1595 991 1637 con·
1036 1586 1064 1634 et
1078 1579 1273 1649 praenuntiato,
1291 1577 1405 1634 nuntius
1424 1575 1593 1647 apostolicus
1612 1577 1726 1632 Romam
1741 1575 1859 1646 rediret,

169 1662 260 1721 silium
276 1686 283 1720 ε
301 1666 375 1735 quod
391 1666 450 1736 ipse
465 1667 583 1723 domnus
603 1669 782 1739 apostolicus,
806 1669 863 1726 sive
887 1683 938 1740 pro
958 1682 993 1727 co
1034 1667 1163 1739 quatinus
1185 1666 1260 1723 sedis
1283 1663 1443 1737 apostolice
1467 1663 1549 1736 legati
1567 1664 1596 1718 in
1616 1663 1669 1720 boc
1688 1663 1818 1720 destinati
1831 1671 1861 1720 et

168 1753 251 1824 legati
266 1755 309 1809 sui
328 1753 433 1824 idonei,
448 1755 476 1812 in
499 1755 683 1814 Tbeutonlcas
697 1765 789 1829 partes
807 1759 942 1825 venirent,
965 1749 1128 1822 etBelecti,
1148 1756 1175 1812 in
1196 1763 1320 1824 tempore
1335 1759 1475 1825 oportuno
1489 1757 1622 1821 rectoque
1636 1751 1736 1808 itinere
1755 1758 1783 1809 et
1806 1751 1862 1822 ipsi

167 1840 225 1898 illic
240 1843 268 1898 iu
285 1842 347 1900 loco
362 1843 410 1915 qui
424 1845 582 1914 aptissimus
596 1845 631 1901 ad
649 1845 703 1903 boc
714 1846 808 1915 luerit,
819 1849 897 1919 regni
908 1848 993 1904 totius
1034 1845 1068 1901 ad
1098 1845 1151 1902 boc
1175 1843 1303 1900 instantis
1323 1855 1413 1898 cause
1441 1838 1662 1897 conventiculum
1686 1839 1863 1897 consultores

169 1931 317 2002 primates,
345 1933 504 2002 sapientes,
534 1940 563 1989 et
590 1935 694 2005 quique
719 1937 865 2005 optimates
892 1942 993 2006 praeter
1034 1933 1201 1990 mediatores
1228 1939 1256 1988 et
1285 1936 1459 1988 correctores
1487 1927 1581 1986 idonci
1605 1929 1791 2000 pervenirent.
1818 1931 1860 1985 lta

168 2025 302 2091 utrosque
325 2035 405 2092 reges
428 2023 497 2092 ipsis
515 2031 704 2091 occurrerent,
730 2031 757 2080 et
780 2024 882 2081 ibidem
897 2025 992 2082 habito
1033 2023 1131 2095 legatis
1153 2021 1239 2093 reglis
1262 2035 1278 2076 a
1302 2033 1332 2076 se
1357 2019 1475 2076 domnus
1498 2017 1679 2088 apostolicus,
1704 2022 1747 2074 set
1766 2025 1859 2074 tamen

170 2107 321 2178 colloquio,
338 2115 396 2165 tuta
410 2111 554 2182 utriusque
569 2111 679 2168 illorum
694 2126 776 2169 causa
793 2113 945 2185 justissime
964 2121 992 2170 et
1032 2113 1137 2182 absque
1160 2109 1312 2181 apostolica
1329 2107 1524 2164 benedictione
1543 2121 1624 2180 quam
1650 2107 1708 2178 rogi
1732 2114 1859 2177 reporta·

168 2197 273 2268 absque
298 2203 478 2270 personarum
497 2201 658 2273 acceptione
678 2201 801 2260 discussa
821 2209 849 2259 et
862 2203 991 2260 ventilata
1028 2187 1141 2268 verint,
1171 2197 1311 2266 dimissis,
1336 2197 1442 2253 idcirco
1462 2195 1526 2266 quia
1549 2194 1620 2252 lama
1637 2194 1737 2266 passim
1759 2209 1823 2251 eum
1844 2209 1861 2251 a

168 2284 203 2341 ab
218 2287 346 2344 omnibus
369 2297 416 2347 aut
438 2289 635 2360 justificaretur
655 2298 703 2346 aut
726 2292 947 2362 improbaretur;
963 2297 991 2347 et
1032 2283 1130 2360 legatis
1143 2286 1305 2358 apostolicis
1319 2285 1583 2341 excommunicatum
1600 2285 1656 2354 jam
1675 2281 1759 2340 luisse
1775 2283 1859 2355 1177),

167 2373 208 2431 sic
224 2377 361 2433 communi
378 2378 507 2449 prudenti
527 2379 735 2452 iustissimoque
751 2381 872 2438 omnium
883 2380 990 2452 judicio
1033 2387 1196 2448 quamquam
1221 2374 1305 2431 dubia
1327 2373 1509 2430 estimatione
1532 2373 1740 2443 predicaverat,
1756 2372 1790 2428 ad
1805 2387 1860 2430 cte-

167 2471 196 2521 at
221 2466 338 2523 consilio
364 2467 597 2540 inrefragabiliter
618 2468 824 2535 decerneretur,
851 2471 989 2540 quomodo
1031 2472 1090 2523 tera
1105 2479 1165 2537 quae
1188 2464 1278 2521 adbuc
1299 2462 1471 2534 synodaliter
1489 2463 1664 2533 exsequenda
1684 2461 1856 2530 restiterant,

168 2567 285 2626 regnum
308 2554 336 2610 lu
361 2569 391 2612 se
414 2556 504 2628 ipsum
524 2562 577 2613 tam
597 2557 791 2614 miserabiliter
805 2558 989 2617 scismaticum
1031 2555 1179 2613 eillcaciter
1197 2567 1227 2610 sc
1242 2552 1411 2610 conterebat.

169 2643 270 2699 lactum
294 2649 322 2700 et
346 2645 497 2716 periurum,
522 2645 564 2702 vel
585 2659 658 2703 nunc
676 2647 772 2704 saltem
798 2659 852 2704 non
878 2650 989 2707 omnino
1066 2643 1205 2701 luendam
1220 2641 1325 2714 syuodo
1341 2639 1477 2697 sententia
1497 2639 1678 2697 anathematis
1693 2641 1756 2698 data
1770 2641 1856 2697 estin

169 2729 352 2799 desolaretur,
378 2733 444 2804 quin
478 2733 572 2804 potius
604 2735 632 2790 in
662 2735 764 2791 cbristt
792 2749 860 2806 pace
888 2737 991 2795 coadu-
1031 2732 1177 2804 episcopos
1195 2732 1394 2796 Ravennatem,
1417 2728 1669 2797 Mediolanensem,
1694 2731 1861 2787 Cremonen·

168 2821 261 2875 natum
295 2827 322 2876 ct
355 2828 546 2892 recuperatum
574 2823 777 2880 rationabiliter
803 2825 990 2883 consolidare·
1030 2836 1087 2879 sem
1106 2821 1139 2854 ’⁸⁰
1142 2818 1374 2888 ,Tarvisiensem
1395 2829 1447 2874 nec
1473 2831 1527 2874 non
1555 2817 1584 2873 iu
1605 2831 1701 2875 omnes
1718 2819 1862 2891 symonia-

167 2914 212 2963 tur
227 2907 318 2980 (170).
1030 2922 1079 2967 cos
1102 2910 1250 2975 hereticos,
1275 2913 1302 2963 ct
1325 2905 1486 2974 Nicolaitae,
1509 2906 1688 2977 pertinaciter
1703 2915 1732 2964 st
1753 2908 1861 2965 inobte-

205 2999 234 3052 tn
249 2997 295 3054 die
310 3013 375 3056 vero
390 2999 496 3055 sabbati
511 2998 628 3057 domnus
642 3001 811 3072 apostolicus
827 3002 948 3075 legitime
961 3007 990 3060 et
1032 3000 1141 3056 dienter
1164 2999 1192 3054 ln
1216 2995 1259 3052 sul
1284 2996 1387 3052 erroris
1401 2995 1515 3054 insania
1530 2995 1670 3052 voluntate
1685 3005 1713 3052 et
1726 2997 1863 3054 industria

169 3085 294 3140 ordinate
317 3087 350 3141 ad
370 3086 423 3142 boc
448 3093 571 3156 paratus,
597 3094 625 3144 et
646 3103 708 3145 cunr
731 3091 790 3146 suis
813 3075 1020 3163 suumganeisl}
1033 3091 1258 3159 perseverantem
1275 3092 1303 3141 et
1325 3083 1483 3156 specialiter
1509 3085 1537 3140 in
1557 3085 1682 3155 eosqui
1702 3083 1864 3142 inlr-abien·

168 3173 301 3245 synodum
335 3175 494 3246 ingressus,
529 3175 676 3233 consilium
708 3179 869 3248 praedictum
902 3180 990 3251 palam
1032 3177 1107 3234 nium
1122 3174 1270 3244 temerarii,
1287 3175 1454 3244 pervicaces,
1470 3179 1499 3230 et
1517 3173 1731 3241 incontinentes,
1756 3175 1858 3232 aecclc·

169 3261 298 3318 omnibus
312 3263 459 3319 enarravit.
485 3265 594 3320 Etcum
614 3264 763 3335 placuisset
775 3269 911 3336 omnibus,
928 3283 991 3327 mov
1032 3267 1157 3323 siasticas
1171 3263 1360 3321 ordinationes
1372 3262 1484 3319 datione
1498 3263 1641 3334 peccunia
1662 3263 1716 3320 sibi
1737 3263 1863 3334 acquisi-

171 3352 324 3422 apostolica
338 3353 501 3409 auctoritate
516 3352 682 3410 fiducialiter
703 3355 840 3428 linguatus
860 3364 887 3415 et
906 3373 991 3415 arma·
1034 3363 1085 3423 tas,
1097 3353 1218 3419 relictas,
1230 3358 1258 3409 et
1272 3350 1441 3408 concubinas
1459 3351 1512 3408 sibl
1528 3351 1691 3408 interdictas
1703 3353 1857 3422 apostatica

168 3447 222 3509 tus,
248 3441 429 3499 anathematis
448 3443 559 3499 vinculo
581 3443 742 3514 sempiterni
763 3449 904 3504 metuendi
924 3451 992 3506 mul·
1033 3443 1247 3518 presumptione
1271 3444 1443 3511 receperant.
1465 3440 1516 3507 Qui
1535 3439 1646 3512 quidem
1666 3453 1781 3498 numero
1803 3455 1859 3498 non

166 3537 243 3601 tum,
268 3530 460 3588 universaliter
484 3545 580 3588 omnes
602 3533 814 3602 condemnavit,
835 3537 891 3594 sive
914 3552 993 3610 reges
1033 3534 1113 3605 pauci
1137 3533 1164 3588 ln
1189 3530 1291 3588 uostris
1313 3529 1437 3600 partibus
1455 3528 1566 3598 publiea
1586 3529 1730 3600 tyrannide
1754 3528 1783 3586 iu
1811 3543 1860 3586 au·

166 3634 216 3677 seu
240 3620 343 3688 duces,
367 3621 524 3692 episcopos,
549 3621 676 3691 clericos,
702 3637 754 3681 nec
782 3639 836 3683 non
862 3641 896 3683 ex
920 3633 990 3696 toto,
1034 3623 1169 3680 tbeuticas
1192 3633 1332 3676 sacrorum
1355 3631 1492 3674 cauontmu
1518 3619 1676 3676 sanctiones
1698 3618 1859 3689 perduelles

167 3710 333 3781 quicumque
348 3709 450 3767 luerint
465 3711 584 3781 majores
599 3718 626 3767 et
646 3711 776 3782 minores,
788 3715 836 3784 qul
852 3718 989 3784 versutiis,
1032 3711 1204 3770 insanissime
1229 3707 1441 3780 consurgebant.
1468 3706 1524 3763 lille
1547 3719 1659 3778 quoque
1679 3708 1785 3778 absque
1806 3723 1858 3779 spe

168 3799 288 3866 artibus,
320 3799 586 3868 machinationibus,
610 3800 777 3859 factionibus
800 3819 848 3861 seu
874 3806 992 3877 ingeniis
1033 3799 1216 3859 restitutionis
1238 3795 1462 3854 inrevocabiliter
1484 3797 1597 3854 omnino
1616 3810 1667 3868 per
1680 3797 1770 3853 datam
1782 3796 1860 3868 judl-

169 3887 348 3958 quibusllbet‚
374 3887 543 3958 colloquium
565 3888 632 3945 iliud
657 3891 814 3948 condictum
839 3907 874 3950 na
902 3893 990 3966 deret,
1033 3891 1128 3949 clalcm
1153 3889 1317 3946 sententiam
1340 3886 1507 3957 quicumque
1526 3887 1639 3943 ordines
1662 3891 1690 3943 ct
1709 3900 1857 3944 consecra·

169 3975 406 4047 qualitercumque
425 3991 458 4033 er
482 3977 574 4035 studio
599 3985 627 4034 et
644 3979 784 4038 voluntate
806 3983 992 4042 detrectarent
1033 3981 1132 4044 tiones,
1156 3981 1272 4048 excepto
1295 3975 1356 4032 solo
1384 3976 1532 4046 baptismo,
1562 3975 1683 4047 adempti
1705 3983 1779 4043 sunt,
1805 3977 1854 4048 qui

169 4071 197 4122 ct
211 4065 386 4136 inpedirent,
412 4069 440 4122 et
464 4066 511 4136 qui
526 4066 623 4138 legatis
642 4070 800 4139 apostolice
815 4073 890 4128 sedis
904 4074 992 4144 quoll·
1032 4081 1082 4137 per
1096 4067 1243 4137 Θ11800105
1257 4061 1349 4120 ⁰ffl⁶¹⁰
1364 4067 1392 4119 θῑ
1406 4063 1571 4120 8111110011
1586 4063 1730 4136 (1101110111,
1746 4073 1857 4136 000510

168 4155 215 4212 bet
235 4155 327 4218 modo,
353 4167 387 4210 no
411 4154 445 4211 ad
471 4155 543 4211 idem
569 4155 737 4228 colloquium
761 4163 905 4230 pervenire
930 4177 992 4234 pos.
1032 4156 1084 4212 lica
1097 4154 1239 4210 sanctione
1261 4152 1390 4222 privatos,
1411 4158 1438 4207 et
1460 4151 1583 4208 nondum
1606 4152 1664 4210 slve
1683 4165 1733 4224 per
1750 4167 1781 4209 se
1805 4167 1855 4210 seu

167 4250 240 4312 sent,
256 4243 477 4312 adversarentur,
498 4245 586 4314 etqui
602 4243 790 4316 diffinitiones,
806 4263 869 4320 quae
888 4251 990 4308 ibidem
1032 4259 1082 4316 per
1104 4248 1209 4300 comum
1235 4242 1321 4311 ipsius
1343 4239 1462 4311 legatum
1486 4241 1578 4297 ordini
1601 4242 1764 4310 restitutos,
1794 4243 1856 4299 ubi·

169 4345 219 4403 pro
244 4333 400 4403 hujusmodi
425 4346 506 4389 causa
530 4338 558 4388 et
585 4334 724 4392 discordia
752 4342 780 4393 et
807 4338 990 4397 seditionibus
1031 4329 1854 4404 0001110000010811111105115111010500701101,

169 4427 222 4479 tarn
247 4421 405 4478 maximlsa
428 4421 526 4494 legatis
549 4423 710 4493 apostolicis
733 4431 761 4483 ct
782 4429 891 4485 ceteris
910 4399 1114 4501 regni-Dimum
1138 4421 1231 4492 potins
1251 4418 1409 4476 deordinari
1434 4423 1677 4489 praesumpserunt.
1703 4419 1856 4476 AEeciesiss

169 4511 331 4584 primatibus
344 4509 522 4582 optimatibus
536 4517 564 4567 et
585 4513 756 4583 sapientibus
773 4517 875 4574 adbuc
897 4517 989 4575 lauda·
1029 4513 1110 4570 etiam
1135 4522 1321 4582 quascumque
1341 4512 1516 4564 consecratas
1537 4508 1571 4563 ab
1596 4509 1650 4575 eis,
1676 4513 1771 4579 utpote
1797 4511 1852 4566 beo

170 4604 290 4658 mentum
320 4600 469 4657 nominatis
497 4605 525 4655 et
553 4600 661 4669 electis,
692 4605 875 4662 communiter
901 4608 930 4663 iu
960 4608 988 4664 id
1018 4613 1177 4672 numquam
1196 4597 1329 4656 canonice
1352 4597 1484 4660 initiatas,
1507 4609 1522 4651 a
1547 4596 1642 4667 primis
1663 4599 1852 4655 reconsecrari

163 4691 258 4761 ‘ipsum
278 4689 513 4746 concordantibus
536 4693 733 4760 statuerentur,
750 4699 844 4750 tenere
863 4703 891 4751 et
912 4697 988 4753 inre·
1030 4697 1171 4762 oportere,
1188 4687 1245 4744 illic
1257 4685 1409 4757 judicatum
1425 4691 1452 4740 et
1466 4689 1596 4741 statutum
1611 4691 1663 4742 cst.

169 4777 339 4850 fragabilltcr
359 4779 504 4836 observare
523 4778 682 4837 relutareut.
703 4784 748 4838 Sic
769 4797 841 4851 cum,
866 4786 989 4843 candelis
1064 4783 1094 4836 lu
1127 4777 1213 4836 laicos
1244 4787 1354 4846 qunque
1386 4775 1583 4845 cuiuscumque
1615 4774 1757 4846 dignitatis
1789 4777 1852 4832 data

169 4867 331 4925 ardentibus
344 4868 379 4925 ab
398 4866 552 4940 apostolico
572 4875 599 4924 et
618 4871 728 4927 cacteris
741 4871 797 4928 suis
811 4872 1001 4946 suffraganeis
1030 4878 1072 4929 est
1094 4867 1230 4927 sententia
1252 4864 1451 4932 anathematis,
1476 4865 1533 4920 sive
1556 4863 1690 4932 clericos,
1716 4875 1769 4922 nec
1794 4879 1851 4922 non

169 4957 196 5013 iu
229 4957 409 5014 anathematis
441 4956 565 5028 praedicti
598 4959 827 5031 complementum
856 4965 989 5023 canonice
1030 4963 1058 5018 in
1096 4971 1191 5016 omnes
1227 4965 1382 5026 personas,
1419 4951 1586 5024 quicumque
1622 4959 1719 5011 contra
1755 4967 1852 5012 sacro·

850 5115 961 5173 VARIAE
979 5110 1175 5174 1007101108.

203 5209 235 5244 ¹⁸⁹
254 5212 430 5270 cremensem
445 5208 478 5266 ed

954 5311 1063 5372 1101111

206 5460 284 5534 (lto)
300 5459 480 5518 beblsetse
521 5458 631 5516 entibus
654 5458 822 5518 conterenda
844 5467 988 5522 suutacta
1029 5464 1053 5518 n
1112 5458 1144 5524 V,
1163 5453 1205 5523 15,
1220 5468 1248 5526 p.
1265 5450 1360 5508 attat
1377 5449 1421 5507 16.
1642 5479 1647 5488 ·

168 5549 250 5596 conc.
274 5536 389 5591 Roman.
415 5548 443 5587 ιι
498 5531 557 5588 ansi
580 5532 674 5616 lill,p
678 5531 770 5589 ..505
795 5535 865 5590 Ante
893 5535 989 5592 oculos
1053 5475 1233 5602 θ1177)1ιι15
1247 5538 1292 5581 au
1312 5522 1389 5590 1077,
1405 5522 1459 5594 col.
1475 5521 1538 5634 101,
1555 5522 1617 5579 toa.

169 5619 280 5682 quoque
301 5605 397 5662 babuit
422 5609 519 5660 auctor
547 5547 674 5674 Gregorii
699 5617 745 5676 ep
774 5605 809 5661 ad
840 5608 990 5666 Germanos
