4034 6152
15 3217 371 3274 *mmmm

90 265 136 324 ear
476 267 501 322 r.
522 267 553 323 a.
575 265 1377 332 runrceuerurssrcnunseonmumrncmmc.
1717 257 1773 338 'osa

90 392 196 450 balteos
211 388 301 445 aldem
316 385 356 442 illl
372 388 433 444 usui
448 389 635 458 opposuisset.
650 405 665 440 u
680 387 840 446 Ambrosius
864 389 908 448 his
918 393 1112 455 Asacerdotes
1127 407 1245 466 unquam
1264 394 1401 454 usitarlut.
1416 395 1455 454 Ee
1475 397 1503 456 ai
1517 397 1589 456 euim
1604 401 1712 462 divinus
1727 403 1773 464 ille

90 464 179 532 utique
194 461 286 518 verbis
301 459 429 542 utebatur
444 458 502 515 illic
522 459 710 531 bellarminus]
722 460 802 544 ,libro
819 475 852 531 pr
863 475 907 518 mo
952 464 1060 532 docter,
1074 465 1245 539 precisoque
1258 479 1292 522 ne
1312 474 1339 522 at
1354 409 1487 537 spumeis
1504 473 1674 530 matrimonia
1689 473 1773 534 iuissc

89 538 123 592 lie
141 531 241 589 ciliciis
263 537 353 600 eapite
378 528 475 585 ultimo
496 549 502 586 :
525 529 700 614 luchensum,
721 545 747 586 tn
771 532 819 598 ult,
834 532 910 588 exhi·
951 543 1076 591 asencto
1096 537 1221 605 apostolo
1239 481 1322 593 Ριιιῗο
1339 540 1501 610 approbata,
1517 543 1540 596 si
1555 551 1696 601 contracte
1716 545 1773 603 iue-

90 605 204 662 bendum
215 610 243 658 at
258 600 460 656 immaculatum
475 601 668 684 ministerium,
681 615 731 657 uec
743 615 760 658 u
774 603 800 658 lo
813 604 909 674 coelu-
950 604 1006 662 rint
1020 606 1054 662 ab
1069 605 1103 662 iis
1118 608 1165 676 qui
1180 620 1242 663 mox
1258 607 1291 664 ad
1306 607 1436 666 Ordinem
1457 613 1568 668 Sacrum
1593 614 1773 686 promovendi

88 676 137 748 gaii
148 675 222 730 coitu
233 671 392 728 violandum
408 673 644 745 cognoscensque
658 673 766 743 integro
779 687 906 744 corpere,
950 683 1052 732 essent.
1078 677 1164 750 nogat
1181 689 1276 733 cerem
1296 693 1374 740 usum
1396 695 1456 736 esse
1472 681 1577 739 licitum
1592 689 1724 760 premetis
1739 687 1774 744 ad

89 751 245 814 incorrupto
270 744 387 813 pudore,
413 743 495 798 alieni
515 744 596 798 etiam
620 744 654 799 ab
682 745 743 813 ipso
766 747 907 801 consortio
950 749 1075 804 ordinem
1090 749 1212 814 sacrum,
1229 763 1379 824 eorumque
1399 754 1502 821 pariter
1521 767 1599 810 usum
1621 769 1672 812 cen
1693 769 1773 815 ruere

88 815 231 886 conjugali,
247 815 319 870 sacri
345 813 490 869 ministerii
515 814 629 884 gratiam
651 813 805 886 recepistis.
828 817 906 882 Qtrod
950 819 1195 890 negatministcrle
1206 819 1370 879 Testamenti
1386 822 1453 878 Novi
1468 827 1590 894 proprio,
1606 841 1660 901 quo
1691 826 1772 901 longe

88 889 146 945 idco
167 900 222 943 non
247 885 397 955 praeterivi,
421 885 485 954 quia
509 884 536 939 ln
562 885 701 955 plerisque
724 886 908 942 abditioribus
949 891 1061 960 majoris
1077 897 1119 945 est
1133 889 1275 960 dignitatis
1290 899 1317 946 et
1336 893 1491 949 sanctitatis
1506 909 1585 966 quarn
1602 911 1662 953 csse
1681 900 1773 958 Testa-

88 959 163 1024 locis,
182 969 245 1013 cum
269 955 450 1012 ministerium
470 961 608 1026 gererent,
624 957 665 1010 vel
681 957 761 1011 etiam
779 956 907 1013 sacerdo·
949 961 1033 1016 menti
1048 960 1155 1016 Veteris
1170 961 1361 1018 ministerium.
1374 965 1406 1018 Et
1421 963 1481 1020 haec
1496 966 1607 1036 quidem
1624 969 1704 1039 plane
1715 973 1770 1040 jhm

87 1033 161 1094 tium,
174 1029 246 1083 ilios
260 1031 452 1096 susceperunt.
466 1043 480 1076 o
497 1025 570 1082 ιιιιιιι
586 1026 613 1080 in
629 1027 747 1096 epistola
761 1026 795 1081 82
811 1029 844 1084 ad
856 1029 906 1083 Ec·
949 1037 1077 1087 constant
1092 1045 1125 1086 ex
1140 1031 1264 1104 ipsismet
1277 1032 1413 1090 Ambrosii
1428 1035 1520 1091 verbis
1534 1037 1590 1107 jam
1605 1053 1687 1109 supra
1703 1043 1771 1097 reci·

87 1101 193 1158 alesiam
206 1097 422 1155 vercellensem:
436 1114 449 1146 u
462 1096 622 1166 ilabentem,
635 1097 733 1167 lnquit,
746 1097 827 1164 illios,
839 1099 908 1154 dixit
949 1103 1023 1168 tatis,
1035 1100 1083 1157 sed
1099 1101 1208 1172 planius
1217 1101 1358 1171 aliquante
1370 1106 1450 1160 etiam
1462 1107 1638 1181 constabunt,
1649 1111 1672 1166 si
1688 1113 1770 1182 paulu

86 1171 241 1242 Apostolus,
257 1183 312 1224 nen
332 1167 476 1224 lactentem
493 1185 507 1219 u
524 1175 578 1223 etc.
600 1169 631 1222 Et
646 1169 675 1222 in
690 1176 773 1238 eaput
789 1171 906 1238 primurn
949 1172 1080 1228 minutius
1094 1173 1208 1243 insuper
1223 1178 1251 1228 et
1269 1175 1423 1231 accuratius
1437 1177 1567 1246 ipsasmet
1587 1183 1772 1242 examinemus

87 1243 185 1310 (verius
212 1242 335 1304 tertium)
368 1238 498 1308 Epistulae
527 1239 622 1308 primia
650 1239 684 1294 ad
712 1240 904 1296 Timotheum:
949 1245 1119 1299 assertiones
1139 1243 1335 1302 historicorum
1353 1258 1424 1316 quos
1443 1244 1524 1304 nebls
1544 1261 1627 1324 supra
1651 1265 1773 1324 eppone·

87 1313 259 1382 «deinceps,
276 1311 376 1382 lnquit,
393 1309 427 1364 ab
443 1324 492 1364 usu
507 1308 616 1366 iemlnae
632 1310 834 1376 cohibentem»
851 1318 905 1367 etc.
948 1315 1054 1370 bamus.

85 1385 189 1440 Etenim
205 1383 268 1437 talia
280 1381 307 1436 in
322 1383 392 1436 hanc
406 1382 493 1435 sancti
510 1381 585 1436 l’auli
601 1381 749 1450 Epistulam
764 1383 908 1460 Gemmeu-
984 1385 1086 1440 llllVll.
1107 1385 1200 1440 llailus
1215 1385 1243 1440 ln
1259 1385 1354 1454 primis
1368 1387 1540 1454 Ambrosium
1556 1393 1697 1448 asserebat
1711 1393 1771 1478 clus

85 1454 151 1510 teria
168 1451 348 1509 bellarminus
361 1451 488 1507 hocloco
501 1451 907 1508 interveresambrosnnostrl
949 1455 1130 1512 dissensionis
1162 1457 1340 1512 constitutum
1374 1456 1459 1515 luisse
1487 1457 1620 1524 arbitrum
1649 1463 1683 1520 ab
1712 1477 1772 1536 equs

86 1524 153 1580 ictus
173 1523 358 1592 computabat,
375 1531 405 1578 ut
419 1535 471 1592 ego
485 1535 597 1592 quoque
612 1535 695 1592 supra
714 1521 903 1580 observabam.
948 1527 1074 1582 Patribus
1097 1525 1219 1592 concilii,
1243 1528 1423 1584 Constantino
1444 1528 1546 1587 olitana
1570 1534 1598 1588 ln
1618 1535 1685 1590 urbe
1705 1549 1771 1592 con·

118 1595 194 1650 xxti.
216 1593 269 1649 Sed
295 1606 381 1662 opere
397 1594 515 1662 pretinm
531 1597 573 1648 est
592 1606 645 1648 una
658 1605 719 1648 curn
735 1595 831 1649 eedem
848 1594 907 1650 Bel·
947 1598 1062 1671 gregati,
1079 1597 1122 1652 cul
1147 1604 1212 1652 tunc
1236 1597 1317 1656 etlam
1342 1599 1401 1668 ipse
1424 1545 1578 1658 Prileressct.
1605 1605 1663 1662 llec
1679 1615 1770 1662 autem

84 1666 199 1721 larmino
214 1664 322 1720 tertiam
337 1675 447 1734 quoque
463 1663 536 1728 tilam
551 1663 725 1719 lnhmbrosii
740 1666 904 1720 testimoniis
948 1667 1058 1723 concilii
1075 1669 1185 1724 nomine
1209 1681 1264 1723 nou
1281 1667 1356 1724 allud
1370 1669 1493 1740 proiecto
1510 1673 1663 1746 intelligere
1680 1679 1770 1745 potuit

84 1738 237 1792 examinare
249 1742 364 1805 partem,
376 1749 456 1804 quam
468 1747 519 1818 ego
532 1734 689 1818 tundebam,
701 1741 771 1818 etex
781 1749 812 1791 ea
823 1736 902 1791 simul
913 1723 936 1780 Β
948 1753 1028 1810 quam
1056 1739 1388 1810 constantinopolitanum
1405 1745 1614 1814 oecumenicum,
1630 1746 1703 1818 qued
1727 1745 1770 1814 (ut

85 1821 142 1862 cum
169 1809 229 1876 lpse
248 1806 444 1888 argumentari.
467 1807 584 1930 Quippe,
610 1813 699 1874 capite
724 1805 772 1861 dio
795 1805 837 1870 19,
853 1819 904 1931 pro
945 1812 1015 1866 bane
1030 1817 1170 1882 competat
1185 1809 1337 1936 listreniuspJ
1357 1825 1429 1868 auuo
1445 1814 1553 1869 bomini
1573 1818 1768 1873 trecentesimo

84 1877 245 1934 elericorum
269 1876 398 1932 celibatu
421 1875 512 1931 subla
558 1876 727 1944 probandum
768 1885 902 1948 nonesto,
945 1880 1115 1951 octogesimo
1142 1881 1230 1954 prime
1259 1883 1318 1937 cele
1340 1889 1426 1938 rutum
1454 1883 1514 1948 luit.
1541 1891 1569 1940 et
1592 1887 1636 1941 cui
1659 1895 1768 1944 carnum

84 1951 165 2004 multa
185 1947 334 2018 collegerat
352 1947 420 2002 Nori
439 1942 605 2010 Testamenti
628 1891 823 2016 pronuntiem
842 1961 903 2003 eum
945 1953 1066 2022 quinqua
1088 1952 1144 2006 ieta
1172 1951 1296 2021 episcopi
1325 1952 1393 2008 cltra
1420 1967 1527 2010 omnem
1552 1959 1769 2014 controversiam

85 2020 273 2088 probationem
287 2031 363 2073 suam
378 2017 419 2072 sic
434 2019 515 2072 etlam
531 2017 701 2073 conllrmarit
717 2037 723 2072 ι
738 2035 751 2069 u
768 2019 903 2075 Praeterea
945 2035 975 2077 ea
992 1967 1103 2078 inurfle
1124 2021 1318 2078 interfuerunt.
1343 2023 1425 2092 htqul
1440 2025 1620 2082 certissimum
1639 2031 1720 2084 ctiam
1736 2042 1769 2084 ex

84 2090 109 2144 ln
127 2090 215 2146 lictori
230 2091 405 2149 ’testamento
421 2088 618 2144 continentiam
634 2087 668 2144 ab
683 2088 815 2144 uxuribus
829 2089 904 2144 ride·
945 2094 1060 2148 advorso
1082 2097 1124 2150 est
1143 2105 1232 2161 neque
1253 2095 1394 2148 Damasum
1419 2107 1515 2168 papam
1546 2110 1636 2166 neque
1654 2099 1771 2154 ambro·

84 2174 141 2216 mus
155 2159 292 2232 imprimis
315 2159 400 2224 luisse
415 2160 573 2228 requisitam
594 2159 622 2214 in
642 2159 676 2213 lls
695 2159 742 2233 qui
764 2161 819 2216 lieo
842 2172 905 2233 pro·
945 2163 1015 2217 sium
1035 2168 1158 2216 nostrum
1183 2161 1240 2216 lllic
1264 2161 1432 2231 interfuisse,
1448 2165 1496 2223 sed
1514 2165 1590 2221 solos
1611 2167 1769 2224 interfuisse

101 2231 252 2301 loquaturi,
264 2231 305 2287 rel
319 2228 504 2300 remallquam
519 2236 640 2284 sanctam
657 2229 798 2286 tractaturi
814 2237 903 2285 erant.
946 2232 1096 2288 orientales
1115 2243 1130 2286 e
1151 2231 1270 2302 scopos,
1291 2245 1323 2287 ac
1347 2241 1494 2314 propterea
1514 2236 1594 2294 ctiam
1614 2250 1669 2293 non
1685 2237 1770 2294 aliurn

83 2245 146 2356 Ram
172 2301 258 2358 Exodi
278 2315 317 2356 ιιι
342 2300 502 2369 precipitur
516 2307 546 2353 ut
565 2299 742 2354 comesturis
764 2313 827 2355 num
844 2313 904 2368 pas·
966 2315 1027 2364 eam
1038 2245 1271 2371 ipsosgtandem
1282 2301 1489 2374 subscripsisse.
1501 2305 1654 2362 concilium
1666 2309 1770 2381 quippe

82 2369 188 2430 chalem
203 2382 284 2426 rencs
300 2382 366 2425 sitos
385 2371 579 2450 accingerent3
606 2380 661 2438 quo
686 2313 903 2439 signffhcabater,
945 2317 1012 2433 alud
1028 2373 1190 2428 auctoritate
1214 2372 1324 2450 quidem
1345 2373 1452 2430 Damasi
1468 2388 1546 2450 papae
1561 2372 1630 2448 (slve
1646 2391 1696 2447 per
1710 2380 1770 2447 elus

82 2449 109 2496 ut
133 2441 283 2512 Gregorius
306 2439 429 2509 exponit,
450 2439 562 2502 bomrila
585 2437 621 2491 22
644 2451 728 2508 super
748 2440 902 2510 Evangelia,
945 2443 1052 2500 litteras
1070 2443 1104 2498 ab
1120 2443 1286 2516 imperatore
1300 2443 1456 2502 'theodosio
1470 2444 1585 2502 seniore
1600 2447 1633 2504 ad
1649 2448 1769 2506 orienta-

14 2539 16 2554 ·
83 2511 186 2567 debere
210 2523 259 2566 ees
282 2511 373 2565 carnis
391 2509 556 2578 voluptatem
581 2508 709 2565 edomare
734 2509 781 2580 qui
806 2523 904 2580 agnum
947 2514 1011 2570 lese
1032 2515 1143 2587 iscepes
1153 2515 1336 2580 transmissas)
1348 2523 1527 2574 consecutum
1539 2516 1772 2592 illucluit;atqul

83 2581 240 2652 paschalem
255 2581 420 2656 comedunt;
437 2580 523 2636 Exodi
536 2593 591 2662 ιιι,
608 2593 668 2635 cum
684 2579 803 2651 populus
817 2579 905 2652 legem
946 2597 1002 2641 nou
1014 2529 1133 2664 fpsemet
1146 2585 1287 2650 Damasus,
1300 2599 1350 2642 nec
1365 2586 1435 2644 alius
1469 2587 1511 2644 uis
1532 2588 1584 2643 iam
1596 2602 1629 2647 ex
1639 2589 1768 2645 occiden-

84 2653 167 2710 alieo
180 2655 345 2720 accepturus
360 2657 443 2717 esset,
456 2649 494 2706 alt
509 2650 565 2706 ilits
575 2651 681 2731 lloqses
693 2670 699 2706 :
711 2651 802 2711 Estote
815 2653 906 2722 persii
946 2655 1047 2711 talibus
1071 2656 1211 2725 episcopis
1226 2654 1291 2712 illuc
1306 2657 1437 2728 perrexit.
1483 2667 1493 2713 t
1510 2603 1570 2714 esec
1585 2661 1695 2729 quidem
1711 2675 1767 2716 om·

14 2749 15 2752 ¹
82 2723 108 2788 io
122 2719 191 2778 diem
205 2723 318 2788 tertium,
334 2727 359 2776 et
377 2735 410 2776 ne
428 2721 638 2804 appropinquans
656 2720 783 2776 ucomhus
801 2723 903 2778 reatus.
946 2727 1020 2782 nium
1036 2726 1117 2784 etiam
1138 2726 1386 2791 ecclesiasticorum
1413 2741 1462 2806 per
1484 2741 1516 2784 ea
1533 2737 1658 2800 tempora
1683 2731 1770 2787 histo·

14 2831 15 2836 η
81 2795 137 2862 Quo
153 2792 313 2848 testimonie
328 2792 415 2848 utitur
429 2792 591 2848 Ambrosius
605 2791 677 2848 libro
694 2791 782 2862 prime
797 2793 834 2848 lle
849 2791 904 2848 olb-
947 2799 1066 2853 ricerum
1083 2810 1219 2853 consensu
1240 2797 1415 2854 testatissima
1440 2805 1513 2858 sunt.
1536 2801 1670 2866 Quocirca
1686 2801 1769 2856 etiam

14 2901 16 2910 .
82 2865 138 2933 elis,
151 2865 242 2933 capite
257 2863 365 2929 ultimo,
377 2863 411 2918 ad
427 2863 595 2938 probandam
612 2863 809 2919 continentiam
823 2863 903 2919 cleri·
946 2869 1126 2924 bellarminus
1140 2868 1179 2923 Dc
1193 2865 1310 2924 conciliis
1324 2874 1349 2924 et
1361 2866 1482 2924 Ecclesia
1496 2865 1567 2926 libro
1583 2869 1682 2942 prime,
1694 2870 1770 2942 capl-

82 2947 217 2990 corum.r
241 2937 329 3006 Atque
344 2933 397 2990 hoc
416 2933 528 3006 quidem
548 2932 615 2989 illud
636 2935 770 3006 estquod
791 2947 842 3004 pro
864 2934 903 2989 rie
946 2943 972 2994 te
983 2937 1010 3005 5,
1023 2945 1199 3014 posteaquam
1210 2939 1544 3010 constantinopolitanum
1556 2941 1610 2996 hec
1621 2941 1769 2998 concilium

14 3019 16 3024 ·
82 3003 130 3061 hoc
141 3007 204 3062 loce
215 3017 267 3062 nos
277 3002 463 3072 intendimus;
479 3003 528 3060 sed
540 3004 718 3060 nibilominus
729 3017 789 3062 curn
803 2949 900 3061 eogere
912 3035 934 3098 G
946 3005 1018 3064 inter
1038 3008 1175 3080 generalia
1191 3013 1218 3064 et
1232 3023 1247 3064 a
1263 3009 1393 3084 pentidcc
1418 3011 1541 3068 liemane
1556 3012 1707 3080 approbata
1722 3026 1768 3067 se-

80 3073 242 3132 bciiarmlne
258 3076 290 3132 ad
303 3075 458 3132 uberiorem
474 3075 664 3148 probationem
681 3075 900 3148 progrediamur.
944 3080 1035 3142 cnudo
1057 3079 1117 3135 loco
1137 3085 1317 3146 numerasset,
1339 3079 1376 3136 ita
1395 3079 1512 3137 subdit:
1532 3099 1545 3130 ι
1561 3082 1608 3138 Est
1626 3094 1692 3138 uero
1712 3083 1769 3138 aui·

80 3147 173 3208 subdit
191 3159 257 3218 crgo
272 3146 423 3273 deinceps:
437 3147 540 3214 «leem,
556 3145 642 3272 Erlxodi
657 3153 753 3272 {lm
769 3147 903 3272 praecpplt
944 3151 1180 3234 madvertendum,
1196 3148 1223 3206 ln
1240 3149 1293 3206 hoc
1308 3150 1427 3207 concilio
1443 3149 1580 3234 nerninem
1600 3147 1719 3210 adluisse
1735 3163 1770 3210 cx

80 3288 217 3354 naculum,
234 3232 406 3350 lemieaiibus
420 3218 838 3371 ellltltlse,¹scgmrertrlpplelsetrggffl
859 3230 902 3344 i:-
944 3219 1357 3364 βιοῖιζξωὲῗιιὲἓξιῗθὲζῗιιιὶιιιῗιῗι
1380 3221 1769 3362 {lpcphdenpanlltlpnmagpgupapg

14 3393 15 3406 .
80 3371 151 3416 mora
167 3359 236 3414 tecti
261 3365 362 3418 essent.
387 3361 445 3435 Quo
461 3365 575 3428 exponit
593 3359 665 3414 Beda
681 3357 752 3415 hhro
767 3364 849 3415 tertre
865 3360 902 3415 be
944 3377 1005 3420 eum
1020 3361 1110 3419 iocum
1126 3361 1287 3418 inritauerat
1301 3363 1448 3435 episcopos
1463 3362 1509 3437 qul
1528 3360 1768 3434 constantinopoli

80 3429 266 3495 tabernaculo,
278 3430 368 3500 capite
379 3443 406 3489 tx
428 3429 609 3500 significatum
626 3441 687 3485 esse
701 3429 903 3490 deberesaeer
944 3440 1139 3500 convenerant,
1156 3437 1234 3488 uteo
1250 3429 1333 3487 modo
1356 3431 1451 3488 ltomee
1466 3429 1655 3491 celebraretur
1673 3430 1770 3500 Conci·

81 3500 155 3557 dotes
169 3501 240 3562 lieri
251 3473 417 3558 Testamenti
432 3507 479 3555 aut
489 3499 610 3570 uirgines
619 3513 690 3566 esse,
701 3503 748 3562 aut
760 3506 902 3560 contracta
943 3505 1009 3560 llum
1034 3502 1233 3573 plenissimum.
1256 3502 1308 3557 scd
1324 3502 1388 3572 qula
1407 3504 1502 3558 Patres
1521 3503 1670 3559 orientales
1700 3503 1770 3560 ustis

80 3585 136 3626 cem
161 3571 296 3628 uxoribus
319 3569 422 3627 ludera
446 3569 614 3629 dissoluisse.
635 3567 714 3636 item,
737 3568 800 3626 libri
820 3571 902 3642 primi
944 3577 978 3630 de
993 3574 1083 3633 causis
1098 3572 1211 3634 {temam
1226 3575 1319 3629 renlrc
1334 3585 1390 3630 non
1415 3579 1575 3645 potuerunt,
1598 3587 1682 3643 accep
1695 3579 1705 3628 t
1719 3577 1770 3644 lta·

80 3638 181 3713 liegum
208 3645 297 3713 capite
312 3657 367 3709 ιιι,
383 3640 473 3697 uoluit
490 3639 666 3697 achimelech
685 3639 816 3699 sacerdos
835 3641 902 3696 dare
943 3658 1034 3700 meses
1058 3644 1261 3701 excusationem
1286 3649 1437 3710 sesemet
1456 3643 1555 3710 animis
1570 3655 1602 3697 ae
1623 3645 1770 3701 sententiis

79 3711 158 3769 hacid
207 3725 275 3770 anes
298 3711 499 3786 propositionis
522 3709 723 3778 comedendos,
749 3711 801 3766 nisl
826 3711 902 3782 prius
944 3715 1005 3784 duae
1026 3713 1080 3770 illae
1095 3714 1193 3786 synodi
1208 3715 1364 3783 conjunctae
1379 3719 1453 3782 sunt,
1473 3729 1505 3769 ac
1521 3715 1544 3770 si
1559 3725 1614 3770 una
1630 3721 1657 3770 ct
1672 3713 1768 3776 eadem

80 3727 260 3840 intellexisset
275 3799 336 3840 eum
350 3781 385 3839 ab
400 3797 485 3844 urere
501 3778 661 3852 aliquandiu
675 3795 705 3836 se
720 3779 900 3848 continuisse
943 3782 1069 3854 luissent.
1098 3789 1187 3856 Atque
1216 3791 1330 3856 propter
1358 3782 1514 3856 huiusmodi
1544 3783 1769 3858 conjunctionem

80 3865 110 3909 ex
143 3869 180 3916 uo
195 3853 308 3911 deducit
329 3852 426 3915 beatus
445 3853 546 3910 liicron
567 3865 627 3908 mus
640 3853 668 3908 in
688 3859 771 3922 caput
785 3848 902 3924 primum
943 3857 1037 3922 habita
1052 3861 1094 3912 est
1112 3855 1233 3926 synodus
1252 3853 1556 3926 constantinopolitana
1573 3864 1627 3910 una
1643 3869 1675 3912 ex
1690 3871 1768 3913 cecu-

81 3921 111 3980 ad
124 3871 215 3982 quum
237 3931 396 3997 perpetuam
420 3922 524 3999 requiri
546 3869 574 3980 fn
598 3921 797 4007 sacerdotibus·
809 3921 902 3979 conti·
943 3927 1058 3990 meuicis
1072 3933 1100 3984 et
1115 3923 1140 3982 ic
1161 3925 1244 3982 itimls
1259 3925 1381 3996 synodis
1397 3927 1464 3983 ilde
1479 3925 1680 3983 Theodoretum
1697 3924 1768 3983 libre

81 3999 197 4054 nentium
214 3998 297 4052 etiam
311 3997 346 4052 ab
361 3995 493 4052 uxoribus
519 3993 567 4065 qul
581 4005 683 4064 corpus
697 3989 798 4049 Christi
825 3993 900 4064 quod
942 4000 1032 4071 primo
1056 3997 1195 4068 llistorrae,
1212 3995 1302 4067 capite
1320 3995 1339 4050 9
1357 4001 1385 4053 ct
1402 3995 1443 4052 li).
1461 4015 1476 4049 e
1501 3997 1639 4062 llacteuus
1667 3998 1770 4054 liettar-

82 4059 125 4122 ilie
154 4081 226 4139 pane
255 4063 454 4138 propositionis
482 4039 706 4192 siquidcahatur,
736 4036 899 4132 coniciunt,
942 4071 1043 4125 minus.
1059 4071 1097 4126 lle
1114 4081 1167 4140 qua
1183 4073 1274 4124 temen
1293 4065 1471 4127 Orientalium
1492 4070 1668 4127 excumtione
1686 4064 1768 4140 paulo

14 4179 15 4184 ,
83 4137 161 4194 edunt
176 4138 294 4208 aliisque
309 4135 430 4198 tradunt.
447 4137 503 4193 ben
516 4147 570 4208 que
585 4147 619 4192 cx
633 4135 705 4194 ltbre
720 4131 809 4209 prime
824 4131 901 4192 Para·
942 4141 1023 4199 aliter
1040 4139 1128 4196 sensit
1155 4137 1289 4195 &conius
1313 4139 1347 4194 ad
1372 4153 1472 4195 aunum
1496 4139 1596 4195 Christi
1619 4135 1681 4194 382.
1706 4139 1767 4196 lion

83 4203 249 4278 ilpemenou‚
265 4207 355 4280 capite
379 4219 443 4264 xxtr
458 4213 486 4263 et
507 4203 587 4265 Lucae
611 4221 631 4274 x,
656 4203 797 4277 colligitur
810 4217 902 4262 sacer-
942 4203 1026 4284 igitur
1040 4225 1069 4268 re
1082 4223 1145 4266 uera
1160 4209 1217 4274 illic
1235 4207 1323 4265 adluit
1337 4209 1507 4276 Ambrosius,
1523 4223 1555 4265 ac
1570 4217 1718 4279 propterea
1732 4224 1767 4266 ue

83 4275 157 4335 dotes
180 4279 287 4337 Veteris
310 4277 475 4335 testamenti
501 4291 550 4348 per
563 4278 637 4334 vicos
656 4291 719 4334 suas
742 4275 901 4333 ministrare
943 4277 1053 4340 concilii
1077 4280 1189 4352 quidem
1218 4280 1293 4335 lilius
1316 4280 1410 4334 Patres
1438 4277 1665 4350 dijudicationem
1692 4277 1767 4335 illius

82 4345 184 4422 soiitos,
206 4357 235 4408 et
258 4357 328 4420 tote,
353 4361 387 4405 eo
417 4355 541 4419 tempora
565 4361 620 4419 qno
649 4348 843 4404 ministrabant
872 4347 1107 4413 lnDdissensioni
1127 4352 1153 4406 el
1169 4349 1222 4408 soll
1241 4355 1424 4408 reservarunt.

82 4419 267 4506 uberuaculn
284 4435 299 4477 a
319 4421 401 4476 demo
424 4425 453 4476 ct
471 4431 557 4475 uxore
576 4413 707 4478 abluisse.
729 4419 768 4474 Ex
783 4432 838 4489 que
853 4419 901 4474 de
979 4422 1093 4480 illlvlll.
1116 4421 1168 4477 Sed
1194 4419 1261 4478 illud
1286 4420 1367 4476 etlam
1390 4416 1444 4480 huc
1463 4417 1570 4474 accedit
1589 4417 1664 4489 qued
1685 4429 1765 4476 nemo

83 4489 182 4549 ducunt
207 4490 323 4549 siricius
346 4504 415 4564 papa
440 4491 467 4546 ln
487 4486 603 4559 epistola
623 4487 656 4544 ad
677 4487 854 4558 dimensum,
875 4495 903 4545 ct
943 4498 1065 4550 ueterum
1084 4492 1249 4562 scriptorum
1269 4489 1419 4548 asseruisse
1433 4499 1552 4560 unquam
1568 4487 1669 4558 legitur
1683 4489 1764 4545 talem

81 4559 255 4622 innocentius
278 4559 383 4635 primus
407 4561 435 4620 lu
458 4573 473 4618 ι
495 4559 576 4616 istola
594 4560 628 4618 ad
648 4555 817 4630 victricium,
838 4573 904 4616 uec·
944 4565 1017 4621 illam
1037 4563 1237 4630 dissensionem
1257 4563 1284 4620 iu
1300 4575 1333 4618 eo
1357 4560 1441 4617 inisse
1464 4558 1584 4624 concilio
1608 4561 1763 4616 excitatam.

14 4675 16 4688 .
82 4631 217 4691 boebede
232 4631 353 4704 incaput
369 4633 457 4703 prlmu
495 4625 902 4711 Ltrcae‚qeedslillitcmpere
943 4635 1021 4704 Quod
1044 4635 1068 4690 si
1092 4633 1259 4692 etiamtunc
1282 4625 1765 4713 ibliuissetexcitatalbiquetunc

83 4717 134 4827 pue
158 4705 350 4761 ministrabant
373 4703 407 4759 ab
427 4703 559 4759 uxoribus
579 4701 765 4766 abstinebant,
790 4701 902 4764 etuulno
944 4708 1047 4778 pariter
1061 4705 1220 4762 Ambrosius
1234 4705 1293 4776 ipsc
1306 4701 1448 4770 adfuisset,
1459 4715 1494 4756 ne
1510 4700 1643 4766 credrbtle
1653 4701 1765 4770 quidem

102 4787 179 4832 acere
203 4781 234 4832 ut
257 4773 417 4832 scerdotes
439 4773 537 4844 nestri,
573 4771 600 4828 ut
615 4785 670 4830 nen
691 4785 740 4844 per
753 4770 837 4845 vices,
853 4772 902 4828 see
943 4771 1114 4837 ridetureos
1132 4777 1269 4832 ratresei
1290 4775 1342 4830 solt
1362 4783 1501 4830 resecrare
1517 4771 1637 4831 votuisse
1652 4771 1705 4828 bec
1722 4775 1767 4843 qu-

83 4856 189 4915 seutpcr
217 4847 385 4915 ministrant,
414 4856 524 4916 semper
546 4785 580 4902 ab
603 4841 736 4900 uxoribus
759 4857 788 4899 se
814 4843 903 4914 couti·
944 4843 1768 4972 dicium,quodalloqeldercsanepravissimaesset.Sicut

83 4925 199 4974 renutu
220 4915 286 4977 llaec
303 4917 341 4972 lbi
356 4913 546 4974 bellarminus.
944 4916 1017 4976 eninr
1033 4919 1069 4978 de
1090 4917 1232 4979 nonnullis
1250 4915 1313 4972 aliis
1333 4917 1449 4972 miuor's
1468 4913 1599 4970 momenti
1618 4910 1701 4970 rebus
1715 4913 1768 4984 ipsi

116 4981 205 5044 illliil.
221 4987 287 5047 Cum
312 4985 398 5060 igitur
416 4985 570 5044 indubitata
593 4983 640 5040 iila
664 4983 751 5040 sancii
766 4983 903 5040 Ambrosii
944 4991 1056 5051 decreta
1085 4990 1228 5046 unanimes
1256 4984 1453 5056 condiderunt,
1478 4983 1518 5042 sic
1542 4987 1623 5045 etiam
1647 4984 1769 5050 uniuersi

81 5058 234 5126 testimoni
258 5059 413 5116 doctrinam
437 5050 572 5130 eiusmodi
597 5053 767 5122 contineant.
785 5067 845 5116 cun
868 5070 903 5111 ue
944 5063 1048 5134 pariter
1074 5060 1255 5131 questionem
1281 5058 1355 5114 ittam
1384 5053 1592 5127 dijudicasset.
1623 5053 1676 5112 aad
1702 5053 1769 5111 broc

81 5139 131 5251 pre
146 5129 303 5186 indubitato
313 5129 394 5184 simul
409 5123 455 5183 lile
466 5119 680 5253 supponaturde
695 5137 835 5182 sacrorum
846 5069 903 5184 {lire
945 5131 1155 5204 progrediamur
1168 5127 1201 5186 ad
1218 5131 1363 5191 rationem.
1379 5139 1433 5199 qua
1452 5133 1593 5198 permotus
1606 5127 1768 5182 ambrosius

91 5210 235 5257 raecorum
251 5200 308 5258 sive
327 5205 480 5260 nostratum
529 5199 687 5254 inisirotuth
703 5196 831 5266 caelibatu
848 5209 903 5253 non
945 5203 1052 5268 altatio
1068 5201 1211 5259 dicebatur
1229 5199 1436 5257 sententiamlu
1452 5205 1630 5257 uxoratorum
1646 5191 1766 5254 laveram

82 5266 290 5344 aitterunqeam
303 5271 443 5344 judicasse
455 5283 535 5343 quam
550 5266 607 5325 suls
621 5269 649 5324 ln
661 5267 740 5332 librls
751 5265 905 5324 luculenter
945 5273 1117 5332 macenorum
1134 5274 1336 5344 pronuntiasse.

82 5342 108 5406 et
130 5353 259 5417 expresse
281 5341 456 5419 iudicaverit,
480 5353 654 5409 consequens
693 5338 799 5396 reiecto
818 5344 859 5397 cst
874 5345 906 5396 ut
981 5342 1072 5402 llltlli.
1089 5342 1333 5409 «Perlectieritae,
1347 5341 1447 5416 inquit,
1459 5353 1513 5396 non
1530 5339 1557 5395 ln
1570 5339 1766 5410 castitatc,scd

82 5407 277 5470 inexcusabilis
301 5409 465 5470 temeritatis
484 5412 512 5467 ct
530 5355 708 5481 impudeetfae
731 5418 824 5467 noum
844 5420 905 5467 era·
945 5415 974 5474 tn
999 5415 1131 5475 chartute
1155 5409 1291 5471 ceusisrn.
1308 5433 1322 5466 l
1347 5412 1503 5471 Orationem
1523 5411 1604 5482 plane
1623 5411 1768 5468 irrationa-

84 5479 147 5538 dere
163 5495 218 5541 non
261 5486 331 5542 ossit
352 5485 395 5552 ⁴ul
415 5496 476 5539 eum
494 5478 673 5539 nihilominus
688 5483 837 5538 contendat
851 5493 906 5549 ma·
946 5475 1040 5554 bilem,
1055 5493 1083 5542 et
1103 5499 1138 5542 ue
1158 5484 1302 5542 ambrosio
1322 5482 1558 5553 indignissimam
1584 5485 1610 5538 et
1638 5487 1668 5538 ut
1687 5473 1766 5538 nihili

85 5499 410 5622 crimontlsssnssefltts,
426 5552 597 5625 quaedraecl,
613 5552 751 5610 ueletiam
768 5557 905 5610 nostrates
947 5572 1060 5628 prorsus
1078 5501 1112 5614 sb
1131 5558 1192 5628 ipso
1212 5554 1374 5622 taciendam,
1395 5553 1435 5610 sic
1453 5554 1534 5610 etiam
1554 5525 1633 5609 nihili
1652 5561 1766 5624 prorsus
