<?xml version="1.0" encoding="UTF-8"?>
<!DOCTYPE html PUBLIC "-//W3C//DTD XHTML 1.0 Transitional//EN"
    "http://www.w3.org/TR/xhtml1/DTD/xhtml1-transitional.dtd">
<html xmlns="http://www.w3.org/1999/xhtml" xml:lang="en" lang="en">
 <head>
  <title>
</title>
<meta http-equiv="Content-Type" content="text/html;charset=utf-8" />
  <meta name='ocr-system' content='tesseract 3.04.00' />
  <meta name='ocr-capabilities' content='ocr_page ocr_carea ocr_par ocr_line ocrx_word'/>
</head>
<body>
  <div class='ocr_page' id='page_1' title='image "./patrologiaecurs128unkngoog_0488.png"; bbox 0 0 4034 6152; ppageno 0'>
   <div class='ocr_carea' id='block_1_1' title="bbox 200 301 1893 376">
    <p class='ocr_par' dir='ltr' id='par_1_1' title="bbox 200 301 1893 376">
     <span class='ocr_line' id='line_1_1' title="bbox 200 301 1893 376; baseline 0.003 -15"><span class='ocrx_word' id='word_1_1' title='bbox 200 322 254 376; x_wconf 78' lang='lat'><strong>96¹1</strong></span> <span class='ocrx_word' id='word_1_2' title='bbox 814 301 982 361; x_wconf 76' lang='lat' dir='ltr'><strong>helhhblll</strong></span> <span class='ocrx_word' id='word_1_3' title='bbox 996 301 1050 358; x_wconf 79' lang='lat' dir='ltr'><strong>hb</strong></span> <span class='ocrx_word' id='word_1_4' title='bbox 1064 303 1266 361; x_wconf 74' lang='lat' dir='ltr'><strong>hebbdhldh</strong></span> <span class='ocrx_word' id='word_1_5' title='bbox 1835 311 1893 366; x_wconf 76' lang='lat' dir='ltr'><strong>soti</strong></span> 
     </span>
    </p>
   </div>
   <div class='ocr_carea' id='block_1_2' title="bbox 145 425 1896 5213">
    <p class='ocr_par' dir='ltr' id='par_1_2' title="bbox 145 425 1896 5213">
     <span class='ocr_line' id='line_1_2' title="bbox 200 425 1892 514; baseline -0.007 -11"><span class='ocrx_word' id='word_1_6' title='bbox 200 447 282 514; x_wconf 91' lang='lat' dir='ltr'><strong>dam,</strong></span> <span class='ocrx_word' id='word_1_7' title='bbox 316 443 358 500; x_wconf 93' lang='lat' dir='ltr'><strong>sui</strong></span> <span class='ocrx_word' id='word_1_8' title='bbox 390 442 589 498; x_wconf 88' lang='lat' dir='ltr'><strong>incrementum</strong></span> <span class='ocrx_word' id='word_1_9' title='bbox 620 432 893 502; x_wconf 79' lang='lat' dir='ltr'><strong>archiepiscopatus,</strong></span> <span class='ocrx_word' id='word_1_10' title='bbox 927 435 955 483; x_wconf 93' lang='lat' dir='ltr'><strong>et</strong></span> <span class='ocrx_word' id='word_1_11' title='bbox 987 425 1139 488; x_wconf 83' lang='lat' dir='ltr'><strong>adhdiam</strong></span> <span class='ocrx_word' id='word_1_12' title='bbox 1153 428 1351 500; x_wconf 79' lang='lat' dir='ltr'><strong>requieseatin</strong></span> <span class='ocrx_word' id='word_1_13' title='bbox 1367 433 1892 501; x_wconf 79' lang='lat' dir='ltr'><strong>pace.tnen.rredtotaausemonnia</strong></span> 
     </span>
     <span class='ocr_line' id='line_1_3' title="bbox 199 515 1893 603; baseline -0.006 -10"><span class='ocrx_word' id='word_1_14' title='bbox 199 533 301 593; x_wconf 84' lang='lat' dir='ltr'><strong>Christi</strong></span> <span class='ocrx_word' id='word_1_15' title='bbox 326 543 477 603; x_wconf 89' lang='lat' dir='ltr'><strong>pauperum</strong></span> <span class='ocrx_word' id='word_1_16' title='bbox 501 524 707 583; x_wconf 79' lang='lat' dir='ltr'><strong>subventionem</strong></span> <span class='ocrx_word' id='word_1_17' title='bbox 733 532 803 590; x_wconf 88' lang='lat' dir='ltr'><strong>quos</strong></span> <span class='ocrx_word' id='word_1_18' title='bbox 826 515 927 573; x_wconf 76' lang='lat' dir='ltr'>Christi</span> <span class='ocrx_word' id='word_1_19' title='bbox 952 527 1023 570; x_wconf 93' lang='lat' dir='ltr'><strong>nun·</strong></span> <span class='ocrx_word' id='word_1_20' title='bbox 1065 515 1422 589; x_wconf 85' lang='lat' dir='ltr'><strong>perintrascriptosversus</strong></span> <span class='ocrx_word' id='word_1_21' title='bbox 1436 521 1464 576; x_wconf 94' lang='lat' dir='ltr'><strong>in</strong></span> <span class='ocrx_word' id='word_1_22' title='bbox 1479 521 1562 578; x_wconf 87' lang='lat' dir='ltr'><strong>archa</strong></span> <span class='ocrx_word' id='word_1_23' title='bbox 1576 521 1643 579; x_wconf 88' lang='lat' dir='ltr'><strong>dieti</strong></span> <span class='ocrx_word' id='word_1_24' title='bbox 1658 524 1893 582; x_wconf 88' lang='lat' dir='ltr'><strong>bominlarchie-</strong></span> 
     </span>
     <span class='ocr_line' id='line_1_4' title="bbox 200 603 1849 693; baseline -0.007 -12"><span class='ocrx_word' id='word_1_25' title='bbox 200 624 255 681; x_wconf 87' lang='lat' dir='ltr'><strong>tios</strong></span> <span class='ocrx_word' id='word_1_26' title='bbox 280 619 476 693; x_wconf 83' lang='lat' dir='ltr'><strong>cognoscebat,</strong></span> <span class='ocrx_word' id='word_1_27' title='bbox 505 615 641 671; x_wconf 86' lang='lat' dir='ltr'><strong>civitatem</strong></span> <span class='ocrx_word' id='word_1_28' title='bbox 671 607 816 666; x_wconf 77' lang='lat' dir='ltr'><strong>Mediolani</strong></span> <span class='ocrx_word' id='word_1_29' title='bbox 841 618 902 662; x_wconf 92' lang='lat' dir='ltr'><strong>cum</strong></span> <span class='ocrx_word' id='word_1_30' title='bbox 927 603 1024 659; x_wconf 90' lang='lat' dir='ltr'><strong>amicis</strong></span> <span class='ocrx_word' id='word_1_31' title='bbox 1065 605 1171 677; x_wconf 88' lang='lat' dir='ltr'><strong>piscopi</strong></span> <span class='ocrx_word' id='word_1_32' title='bbox 1182 605 1273 663; x_wconf 91' lang='lat' dir='ltr'><strong>littera</strong></span> <span class='ocrx_word' id='word_1_33' title='bbox 1282 621 1366 664; x_wconf 88' lang='lat' dir='ltr'><strong>aurea</strong></span> <span class='ocrx_word' id='word_1_34' title='bbox 1375 610 1495 679; x_wconf 88' lang='lat' dir='ltr'><strong>scriptos</strong></span> <span class='ocrx_word' id='word_1_35' title='bbox 1508 609 1630 666; x_wconf 87' lang='lat' dir='ltr'><strong>breviter</strong></span> <span class='ocrx_word' id='word_1_36' title='bbox 1648 609 1849 670; x_wconf 88' lang='lat' dir='ltr'><strong>declarantur:</strong></span> 
     </span>
     <span class='ocr_line' id='line_1_5' title="bbox 200 694 1730 774; baseline -0.008 -3"><span class='ocrx_word' id='word_1_37' title='bbox 200 713 258 774; x_wconf 91' lang='lat' dir='ltr'><strong>suis</strong></span> <span class='ocrx_word' id='word_1_38' title='bbox 272 713 378 768; x_wconf 89' lang='lat' dir='ltr'><strong>intrans</strong></span> <span class='ocrx_word' id='word_1_39' title='bbox 391 709 450 765; x_wconf 90' lang='lat' dir='ltr'><strong>sine</strong></span> <span class='ocrx_word' id='word_1_40' title='bbox 466 703 597 774; x_wconf 89' lang='lat' dir='ltr'><strong>triumphi</strong></span> <span class='ocrx_word' id='word_1_41' title='bbox 616 701 745 770; x_wconf 91' lang='lat' dir='ltr'><strong>elatione,</strong></span> <span class='ocrx_word' id='word_1_42' title='bbox 766 697 860 754; x_wconf 91' lang='lat' dir='ltr'><strong>sedem</strong></span> <span class='ocrx_word' id='word_1_43' title='bbox 884 695 1023 766; x_wconf 87' lang='lat' dir='ltr'><strong>propriam</strong></span> <span class='ocrx_word' id='word_1_44' title='bbox 1066 694 1173 751; x_wconf 82' lang='lat' dir='ltr'><strong>inclitus</strong></span> <span class='ocrx_word' id='word_1_45' title='bbox 1186 695 1231 751; x_wconf 89' lang='lat' dir='ltr'><strong>ille</strong></span> <span class='ocrx_word' id='word_1_46' title='bbox 1243 701 1330 768; x_wconf 86' lang='lat' dir='ltr'><strong>puter,</strong></span> <span class='ocrx_word' id='word_1_47' title='bbox 1344 699 1431 768; x_wconf 82' lang='lat' dir='ltr'><strong>patrie</strong></span> <span class='ocrx_word' id='word_1_48' title='bbox 1445 697 1502 766; x_wconf 84' lang='lat' dir='ltr'><strong>lus,</strong></span> <span class='ocrx_word' id='word_1_49' title='bbox 1515 699 1602 768; x_wconf 80' lang='grc'>616616</span> <span class='ocrx_word' id='word_1_50' title='bbox 1614 705 1730 771; x_wconf 73' lang='lat' dir='ltr'><strong>petron,</strong></span> 
     </span>
     <span class='ocr_line' id='line_1_6' title="bbox 200 777 1679 873; baseline -0.009 -13"><span class='ocrx_word' id='word_1_51' title='bbox 200 808 243 861; x_wconf 88' lang='lat' dir='ltr'><strong>est</strong></span> <span class='ocrx_word' id='word_1_52' title='bbox 261 802 410 873; x_wconf 81' lang='lat' dir='ltr'><strong>ingressus.</strong></span> <span class='ocrx_word' id='word_1_53' title='bbox 435 777 520 866; x_wconf 78' lang='lat' dir='ltr'><strong>lg&#39;itur</strong></span> <span class='ocrx_word' id='word_1_54' title='bbox 542 791 684 849; x_wconf 89' lang='lat' dir='ltr'><strong>victoriam</strong></span> <span class='ocrx_word' id='word_1_55' title='bbox 707 786 893 859; x_wconf 69' lang='lat' dir='ltr'><strong>supradictam</strong></span> <span class='ocrx_word' id='word_1_56' title='bbox 921 783 955 840; x_wconf 91' lang='lat' dir='ltr'><strong>de</strong></span> <span class='ocrx_word' id='word_1_57' title='bbox 982 780 1024 837; x_wconf 94' lang='lat' dir='ltr'><strong>di·</strong></span> <span class='ocrx_word' id='word_1_58' title='bbox 1065 783 1679 862; x_wconf 71' lang='grc' dir='ltr'>161666166ίεί6,116616661666616666166,</span> 
     </span>
     <span class='ocr_line' id='line_1_7' title="bbox 200 870 1619 958; baseline -0.009 -11"><span class='ocrx_word' id='word_1_59' title='bbox 200 892 262 947; x_wconf 89' lang='lat' dir='ltr'><strong>vina</strong></span> <span class='ocrx_word' id='word_1_60' title='bbox 285 884 490 958; x_wconf 91' lang='lat' dir='ltr'><strong>dispensatione</strong></span> <span class='ocrx_word' id='word_1_61' title='bbox 514 880 643 951; x_wconf 88' lang='lat' dir='ltr'><strong>precibus</strong></span> <span class='ocrx_word' id='word_1_62' title='bbox 666 879 744 934; x_wconf 87' lang='lat' dir='ltr'><strong>beate</strong></span> <span class='ocrx_word' id='word_1_63' title='bbox 768 875 880 946; x_wconf 79' lang='lat' dir='ltr'><strong>Agnetis</strong></span> <span class='ocrx_word' id='word_1_64' title='bbox 898 870 1021 942; x_wconf 80' lang='lat' dir='ltr'><strong>virginis,</strong></span> <span class='ocrx_word' id='word_1_65' title='bbox 1065 873 1188 943; x_wconf 76' lang='lat' dir='ltr'><strong>deendor</strong></span> <span class='ocrx_word' id='word_1_66' title='bbox 1200 875 1283 942; x_wconf 82' lang='lat' dir='ltr'><strong>vente,</strong></span> <span class='ocrx_word' id='word_1_67' title='bbox 1295 879 1386 946; x_wconf 80' lang='lat' dir='ltr'><strong>portin</strong></span> <span class='ocrx_word' id='word_1_68' title='bbox 1397 877 1505 948; x_wconf 83' lang='lat' dir='ltr'><strong>pietalis</strong></span> <span class='ocrx_word' id='word_1_69' title='bbox 1519 879 1619 947; x_wconf 81' lang='grc'>666616,</span> 
     </span>
     <span class='ocr_line' id='line_1_8' title="bbox 200 961 1746 1048; baseline -0.008 -12"><span class='ocrx_word' id='word_1_70' title='bbox 200 981 229 1037; x_wconf 90' lang='grc'><strong>16</strong></span> <span class='ocrx_word' id='word_1_71' title='bbox 248 978 327 1048; x_wconf 79' lang='grc'>66166</span> <span class='ocrx_word' id='word_1_72' title='bbox 349 973 419 1030; x_wconf 88' lang='grc'>16616</span> <span class='ocrx_word' id='word_1_73' title='bbox 445 969 612 1042; x_wconf 75' lang='lat' dir='ltr'><strong>prefatorum</strong></span> <span class='ocrx_word' id='word_1_74' title='bbox 636 966 831 1023; x_wconf 89' lang='lat' dir='ltr'><strong>Turrianorum</strong></span> <span class='ocrx_word' id='word_1_75' title='bbox 856 961 939 1018; x_wconf 89' lang='lat' dir='ltr'><strong>modo</strong></span> <span class='ocrx_word' id='word_1_76' title='bbox 961 974 1024 1030; x_wconf 88' lang='lat' dir='ltr'><strong>pre-</strong></span> <span class='ocrx_word' id='word_1_77' title='bbox 1065 961 1213 1035; x_wconf 80' lang='lat' dir='ltr'><strong>intrepidus</strong></span> <span class='ocrx_word' id='word_1_78' title='bbox 1224 968 1327 1034; x_wconf 86' lang='lat' dir='ltr'><strong>postor,</strong></span> <span class='ocrx_word' id='word_1_79' title='bbox 1343 979 1417 1036; x_wconf 82' lang='grc'>66666</span> <span class='ocrx_word' id='word_1_80' title='bbox 1430 965 1521 1022; x_wconf 85' lang='grc'>6661166</span> <span class='ocrx_word' id='word_1_81' title='bbox 1534 965 1608 1023; x_wconf 85' lang='grc'>66116</span> <span class='ocrx_word' id='word_1_82' title='bbox 1626 965 1746 1024; x_wconf 76' lang='lat' dir='ltr'><strong>tumn</strong></span> 
     </span>
     <span class='ocr_line' id='line_1_9' title="bbox 201 1051 1634 1132; baseline -0.009 -7"><span class='ocrx_word' id='word_1_83' title='bbox 201 1069 276 1125; x_wconf 89' lang='lat' dir='ltr'><strong>dieto</strong></span> <span class='ocrx_word' id='word_1_84' title='bbox 300 1064 352 1121; x_wconf 89' lang='lat' dir='ltr'><strong>init</strong></span> <span class='ocrx_word' id='word_1_85' title='bbox 373 1068 458 1119; x_wconf 88' lang='lat' dir='ltr'><strong>strata</strong></span> <span class='ocrx_word' id='word_1_86' title='bbox 482 1059 616 1132; x_wconf 88' lang='lat' dir='ltr'><strong>potentia,</strong></span> <span class='ocrx_word' id='word_1_87' title='bbox 637 1054 782 1128; x_wconf 91' lang='lat' dir='ltr'><strong>pastoralis</strong></span> <span class='ocrx_word' id='word_1_88' title='bbox 796 1052 941 1110; x_wconf 88' lang='lat' dir='ltr'><strong>elementia</strong></span> <span class='ocrx_word' id='word_1_89' title='bbox 956 1063 1023 1120; x_wconf 93' lang='lat' dir='ltr'><strong>pro·</strong></span> <span class='ocrx_word' id='word_1_90' title='bbox 1064 1051 1158 1112; x_wconf 82' lang='grc'>16666</span> <span class='ocrx_word' id='word_1_91' title='bbox 1172 1052 1275 1115; x_wconf 74' lang='lat' dir='ltr'><strong>derisu,</strong></span> <span class='ocrx_word' id='word_1_92' title='bbox 1288 1054 1386 1126; x_wconf 87' lang='lat' dir='ltr'><strong>populo</strong></span> <span class='ocrx_word' id='word_1_93' title='bbox 1400 1053 1489 1111; x_wconf 84' lang='grc'>161666</span> <span class='ocrx_word' id='word_1_94' title='bbox 1503 1055 1634 1125; x_wconf 78' lang='lat' dir='ltr'><strong>queen,-</strong></span> 
     </span>
     <span class='ocr_line' id='line_1_10' title="bbox 201 1138 1747 1224; baseline -0.007 -12"><span class='ocrx_word' id='word_1_95' title='bbox 201 1155 318 1213; x_wconf 80' lang='lat' dir='ltr'><strong>cessisse</strong></span> <span class='ocrx_word' id='word_1_96' title='bbox 342 1163 513 1224; x_wconf 79' lang='lat' dir='ltr'><strong>oognoseens</strong></span> <span class='ocrx_word' id='word_1_97' title='bbox 536 1147 570 1204; x_wconf 92' lang='lat' dir='ltr'><strong>ad</strong></span> <span class='ocrx_word' id='word_1_98' title='bbox 593 1147 641 1202; x_wconf 90' lang='grc'>1161</span> <span class='ocrx_word' id='word_1_99' title='bbox 664 1150 693 1201; x_wconf 94' lang='grc'><strong>61</strong></span> <span class='ocrx_word' id='word_1_100' title='bbox 715 1143 803 1214; x_wconf 90' lang='lat' dir='ltr'><strong>ipsius</strong></span> <span class='ocrx_word' id='word_1_101' title='bbox 816 1141 896 1197; x_wconf 88' lang='lat' dir='ltr'><strong>beate</strong></span> <span class='ocrx_word' id='word_1_102' title='bbox 910 1138 1024 1210; x_wconf 79' lang='lat' dir='ltr'><strong>virginis</strong></span> <span class='ocrx_word' id='word_1_103' title='bbox 1064 1139 1115 1196; x_wconf 88' lang='grc'>1116</span> <span class='ocrx_word' id='word_1_104' title='bbox 1126 1141 1186 1212; x_wconf 80' lang='lat' dir='ltr'><strong>pius</strong></span> <span class='ocrx_word' id='word_1_105' title='bbox 1198 1143 1320 1214; x_wconf 74' lang='lat' dir='ltr'><strong>pmnceps</strong></span> <span class='ocrx_word' id='word_1_106' title='bbox 1334 1148 1358 1198; x_wconf 88' lang='lat' dir='ltr'><strong>et</strong></span> <span class='ocrx_word' id='word_1_107' title='bbox 1370 1143 1461 1215; x_wconf 87' lang='lat' dir='ltr'><strong>presul</strong></span> <span class='ocrx_word' id='word_1_108' title='bbox 1473 1143 1606 1212; x_wconf 83' lang='grc'>66661116,</span> <span class='ocrx_word' id='word_1_109' title='bbox 1624 1145 1653 1200; x_wconf 87' lang='lat' dir='ltr'><strong>in</strong></span> <span class='ocrx_word' id='word_1_110' title='bbox 1671 1159 1747 1218; x_wconf 78' lang='lat' dir='ltr'><strong>quen</strong></span> 
     </span>
     <span class='ocr_line' id='line_1_11' title="bbox 202 1227 1696 1308; baseline -0.009 -4"><span class='ocrx_word' id='word_1_111' title='bbox 202 1247 335 1304; x_wconf 91' lang='lat' dir='ltr'><strong>honorem</strong></span> <span class='ocrx_word' id='word_1_112' title='bbox 356 1243 384 1297; x_wconf 94' lang='lat' dir='ltr'><strong>in</strong></span> <span class='ocrx_word' id='word_1_113' title='bbox 405 1238 521 1297; x_wconf 89' lang='lat' dir='ltr'><strong>ecclesia</strong></span> <span class='ocrx_word' id='word_1_114' title='bbox 544 1235 663 1308; x_wconf 79' lang='lat' dir='ltr'><strong>hyemali</strong></span> <span class='ocrx_word' id='word_1_115' title='bbox 677 1235 757 1290; x_wconf 87' lang='lat' dir='ltr'><strong>beate</strong></span> <span class='ocrx_word' id='word_1_116' title='bbox 773 1233 855 1287; x_wconf 91' lang='lat' dir='ltr'><strong>llarie</strong></span> <span class='ocrx_word' id='word_1_117' title='bbox 870 1227 1024 1285; x_wconf 79' lang='lat' dir='ltr'><strong>construxit</strong></span> <span class='ocrx_word' id='word_1_118' title='bbox 1064 1232 1141 1288; x_wconf 84' lang='grc'>11166</span> <span class='ocrx_word' id='word_1_119' title='bbox 1154 1232 1277 1288; x_wconf 75' lang='lat' dir='ltr'><strong>culmum</strong></span> <span class='ocrx_word' id='word_1_120' title='bbox 1289 1231 1413 1306; x_wconf 78' lang='lat' dir='ltr'><strong>splendor</strong></span> <span class='ocrx_word' id='word_1_121' title='bbox 1426 1239 1583 1290; x_wconf 80' lang='grc'>6666666661</span> <span class='ocrx_word' id='word_1_122' title='bbox 1594 1235 1696 1302; x_wconf 56' lang='lat' dir='ltr'><strong>omniu</strong></span> 
     </span>
     <span class='ocr_line' id='line_1_12' title="bbox 201 1318 1680 1404; baseline -0.007 -14"><span class='ocrx_word' id='word_1_123' title='bbox 201 1332 332 1404; x_wconf 89' lang='lat' dir='ltr'><strong>capellam</strong></span> <span class='ocrx_word' id='word_1_124' title='bbox 345 1373 353 1398; x_wconf 94' lang='lat'><strong>,</strong></span> <span class='ocrx_word' id='word_1_125' title='bbox 378 1343 459 1401; x_wconf 84' lang='lat' dir='ltr'><strong>quam</strong></span> <span class='ocrx_word' id='word_1_126' title='bbox 479 1333 509 1385; x_wconf 93' lang='lat' dir='ltr'><strong>ut</strong></span> <span class='ocrx_word' id='word_1_127' title='bbox 532 1325 648 1383; x_wconf 91' lang='lat' dir='ltr'><strong>inierius</strong></span> <span class='ocrx_word' id='word_1_128' title='bbox 666 1323 833 1387; x_wconf 88' lang='lat' dir='ltr'><strong>continetur,</strong></span> <span class='ocrx_word' id='word_1_129' title='bbox 854 1318 1025 1375; x_wconf 87' lang='lat' dir='ltr'><strong>suidcienter</strong></span> <span class='ocrx_word' id='word_1_130' title='bbox 1065 1321 1121 1388; x_wconf 87' lang='lat' dir='ltr'><strong>Quo</strong></span> <span class='ocrx_word' id='word_1_131' title='bbox 1133 1319 1312 1379; x_wconf 81' lang='lat' dir='ltr'><strong>Mediolanum</strong></span> <span class='ocrx_word' id='word_1_132' title='bbox 1324 1320 1453 1378; x_wconf 81' lang='grc'>66616166</span> <span class='ocrx_word' id='word_1_133' title='bbox 1466 1322 1588 1395; x_wconf 72' lang='lat' dir='ltr'><strong>bunede</strong></span> <span class='ocrx_word' id='word_1_134' title='bbox 1606 1327 1680 1382; x_wconf 82' lang='grc'>16616</span> 
     </span>
     <span class='ocr_line' id='line_1_13' title="bbox 201 1405 1746 1485; baseline -0.008 -5"><span class='ocrx_word' id='word_1_135' title='bbox 201 1421 315 1480; x_wconf 88' lang='grc'>6616611.</span> <span class='ocrx_word' id='word_1_136' title='bbox 339 1419 379 1476; x_wconf 85' lang='grc'><strong>16</strong></span> <span class='ocrx_word' id='word_1_137' title='bbox 403 1418 506 1475; x_wconf 91' lang='lat' dir='ltr'><strong>clerum</strong></span> <span class='ocrx_word' id='word_1_138' title='bbox 534 1413 764 1472; x_wconf 83' lang='lat' dir='ltr'><strong>Mediolanensem</strong></span> <span class='ocrx_word' id='word_1_139' title='bbox 792 1405 1021 1477; x_wconf 84' lang='lat' dir='ltr'><strong>disciplinandum</strong></span> <span class='ocrx_word' id='word_1_140' title='bbox 1067 1411 1181 1482; x_wconf 80' lang='lat' dir='ltr'><strong>Totoque</strong></span> <span class='ocrx_word' id='word_1_141' title='bbox 1194 1409 1310 1482; x_wconf 74' lang='grc'>(16166161</span> <span class='ocrx_word' id='word_1_142' title='bbox 1323 1412 1407 1482; x_wconf 79' lang='lat' dir='ltr'><strong>nepio,</strong></span> <span class='ocrx_word' id='word_1_143' title='bbox 1427 1426 1495 1467; x_wconf 85' lang='lat' dir='ltr'><strong>nuuc</strong></span> <span class='ocrx_word' id='word_1_144' title='bbox 1506 1411 1589 1483; x_wconf 84' lang='lat' dir='ltr'><strong>pollet</strong></span> <span class='ocrx_word' id='word_1_145' title='bbox 1603 1412 1746 1485; x_wconf 70' lang='grc'>66666166</span> 
     </span>
     <span class='ocr_line' id='line_1_14' title="bbox 200 1494 1718 1579; baseline -0.007 -10"><span class='ocrx_word' id='word_1_146' title='bbox 200 1513 229 1569; x_wconf 89' lang='grc'><strong>16</strong></span> <span class='ocrx_word' id='word_1_147' title='bbox 254 1524 332 1568; x_wconf 86' lang='lat' dir='ltr'><strong>saera</strong></span> <span class='ocrx_word' id='word_1_148' title='bbox 357 1507 476 1579; x_wconf 80' lang='lat' dir='ltr'><strong>pagina,</strong></span> <span class='ocrx_word' id='word_1_149' title='bbox 503 1505 645 1562; x_wconf 89' lang='lat' dir='ltr'><strong>doctorem</strong></span> <span class='ocrx_word' id='word_1_150' title='bbox 673 1498 843 1560; x_wconf 90' lang='lat' dir='ltr'><strong>ordinarium</strong></span> <span class='ocrx_word' id='word_1_151' title='bbox 871 1498 899 1552; x_wconf 93' lang='lat' dir='ltr'><strong>in</strong></span> <span class='ocrx_word' id='word_1_152' title='bbox 927 1494 1022 1552; x_wconf 86' lang='lat' dir='ltr'><strong>eadem</strong></span> <span class='ocrx_word' id='word_1_153' title='bbox 1065 1496 1718 1573; x_wconf 75' lang='grc'>01666116666166666166,66666611116066,</span> 
     </span>
     <span class='ocr_line' id='line_1_15' title="bbox 200 1584 1843 1667; baseline -0.007 -9"><span class='ocrx_word' id='word_1_154' title='bbox 200 1613 279 1658; x_wconf 90' lang='lat' dir='ltr'><strong>sacra</strong></span> <span class='ocrx_word' id='word_1_155' title='bbox 302 1598 427 1664; x_wconf 87' lang='lat' dir='ltr'><strong>scientia,</strong></span> <span class='ocrx_word' id='word_1_156' title='bbox 443 1596 491 1667; x_wconf 85' lang='lat' dir='ltr'><strong>qui</strong></span> <span class='ocrx_word' id='word_1_157' title='bbox 510 1597 547 1651; x_wconf 90' lang='lat' dir='ltr'><strong>sit</strong></span> <span class='ocrx_word' id='word_1_158' title='bbox 569 1594 604 1650; x_wconf 92' lang='grc'><strong>66</strong></span> <span class='ocrx_word' id='word_1_159' title='bbox 628 1592 710 1648; x_wconf 90' lang='grc'>6666</span> <span class='ocrx_word' id='word_1_160' title='bbox 724 1587 932 1653; x_wconf 79' lang='lat' dir='ltr'><strong>vicecomitum,</strong></span> <span class='ocrx_word' id='word_1_161' title='bbox 947 1585 970 1641; x_wconf 86' lang='lat' dir='ltr'><strong>si</strong></span> <span class='ocrx_word' id='word_1_162' title='bbox 994 1584 1023 1640; x_wconf 90' lang='grc'><strong>16</strong></span> <span class='ocrx_word' id='word_1_163' title='bbox 1065 1585 1106 1643; x_wconf 90' lang='grc'><strong>01</strong></span> <span class='ocrx_word' id='word_1_164' title='bbox 1119 1585 1215 1643; x_wconf 83' lang='lat' dir='ltr'><strong>dolor!</strong></span> <span class='ocrx_word' id='word_1_165' title='bbox 1230 1587 1264 1643; x_wconf 89' lang='lat' dir='ltr'><strong>ob</strong></span> <span class='ocrx_word' id='word_1_166' title='bbox 1278 1586 1389 1643; x_wconf 82' lang='lat' dir='ltr'><strong>vulnus!</strong></span> <span class='ocrx_word' id='word_1_167' title='bbox 1405 1589 1470 1644; x_wconf 82' lang='grc'>61616</span> <span class='ocrx_word' id='word_1_168' title='bbox 1483 1593 1523 1645; x_wconf 89' lang='lat' dir='ltr'><strong>est</strong></span> <span class='ocrx_word' id='word_1_169' title='bbox 1536 1589 1585 1645; x_wconf 83' lang='grc'>1666</span> <span class='ocrx_word' id='word_1_170' title='bbox 1598 1603 1730 1646; x_wconf 83' lang='lat' dir='ltr'><strong>murmure</strong></span> <span class='ocrx_word' id='word_1_171' title='bbox 1742 1589 1843 1662; x_wconf 71' lang='lat' dir='ltr'><strong>sudus.</strong></span> 
     </span>
     <span class='ocr_line' id='line_1_16' title="bbox 202 1673 1711 1755; baseline -0.009 -8"><span class='ocrx_word' id='word_1_172' title='bbox 202 1689 298 1746; x_wconf 90' lang='lat' dir='ltr'><strong>eadem</strong></span> <span class='ocrx_word' id='word_1_173' title='bbox 322 1689 404 1745; x_wconf 92' lang='lat' dir='ltr'><strong>domo</strong></span> <span class='ocrx_word' id='word_1_174' title='bbox 428 1684 583 1755; x_wconf 85' lang='lat' dir='ltr'><strong>reperiatur</strong></span> <span class='ocrx_word' id='word_1_175' title='bbox 605 1682 740 1753; x_wconf 82' lang='lat' dir='ltr'><strong>ydoneus,</strong></span> <span class='ocrx_word' id='word_1_176' title='bbox 757 1679 786 1735; x_wconf 95' lang='lat' dir='ltr'><strong>in</strong></span> <span class='ocrx_word' id='word_1_177' title='bbox 809 1678 883 1734; x_wconf 85' lang='lat' dir='ltr'><strong>dicia</strong></span> <span class='ocrx_word' id='word_1_178' title='bbox 904 1673 1023 1732; x_wconf 90' lang='grc'>66616616</span> <span class='ocrx_word' id='word_1_179' title='bbox 1067 1675 1168 1732; x_wconf 79' lang='grc'>0161616</span> <span class='ocrx_word' id='word_1_180' title='bbox 1179 1680 1257 1747; x_wconf 87' lang='lat' dir='ltr'><strong>puter</strong></span> <span class='ocrx_word' id='word_1_181' title='bbox 1267 1677 1328 1744; x_wconf 85' lang='lat' dir='ltr'><strong>site,</strong></span> <span class='ocrx_word' id='word_1_182' title='bbox 1344 1683 1492 1748; x_wconf 81' lang='lat' dir='ltr'><strong>repumscut</strong></span> <span class='ocrx_word' id='word_1_183' title='bbox 1505 1679 1614 1750; x_wconf 82' lang='lat' dir='ltr'><strong>spiritus</strong></span> <span class='ocrx_word' id='word_1_184' title='bbox 1627 1681 1711 1734; x_wconf 81' lang='grc'>16161</span> 
     </span>
     <span class='ocr_line' id='line_1_17' title="bbox 202 1749 1634 1839; baseline -0.009 -3"><span class='ocrx_word' id='word_1_185' title='bbox 202 1778 349 1838; x_wconf 88' lang='lat' dir='ltr'><strong>ordinavit.</strong></span> <span class='ocrx_word' id='word_1_186' title='bbox 384 1774 533 1832; x_wconf 84' lang='grc'>1166166166</span> <span class='ocrx_word' id='word_1_187' title='bbox 560 1786 626 1830; x_wconf 88' lang='lat' dir='ltr'><strong>vero</strong></span> <span class='ocrx_word' id='word_1_188' title='bbox 653 1769 741 1827; x_wconf 88' lang='lat' dir='ltr'><strong>sancti</strong></span> <span class='ocrx_word' id='word_1_189' title='bbox 773 1765 957 1824; x_wconf 83' lang='lat' dir='ltr'><strong>Banholomei</strong></span> <span class='ocrx_word' id='word_1_190' title='bbox 989 1749 1153 1821; x_wconf 70' lang='lat' dir='ltr'><strong>sollennes</strong></span> <span class='ocrx_word' id='word_1_191' title='bbox 1166 1765 1276 1821; x_wconf 85' lang='lat' dir='ltr'><strong>undenis</strong></span> <span class='ocrx_word' id='word_1_192' title='bbox 1290 1766 1426 1822; x_wconf 82' lang='lat' dir='ltr'><strong>ternensis</strong></span> <span class='ocrx_word' id='word_1_193' title='bbox 1440 1771 1529 1839; x_wconf 82' lang='lat' dir='ltr'><strong>terque</strong></span> <span class='ocrx_word' id='word_1_194' title='bbox 1543 1767 1634 1824; x_wconf 82' lang='lat' dir='ltr'><strong>diebus</strong></span> 
     </span>
     <span class='ocr_line' id='line_1_18' title="bbox 202 1853 1739 1934; baseline -0.007 -10"><span class='ocrx_word' id='word_1_195' title='bbox 202 1867 346 1934; x_wconf 90' lang='lat' dir='ltr'><strong>buschum,</strong></span> <span class='ocrx_word' id='word_1_196' title='bbox 362 1870 390 1920; x_wconf 93' lang='lat' dir='ltr'><strong>et</strong></span> <span class='ocrx_word' id='word_1_197' title='bbox 414 1861 551 1932; x_wconf 89' lang='lat' dir='ltr'><strong>hospitale</strong></span> <span class='ocrx_word' id='word_1_198' title='bbox 573 1859 661 1917; x_wconf 89' lang='lat' dir='ltr'><strong>sancti</strong></span> <span class='ocrx_word' id='word_1_199' title='bbox 684 1857 779 1915; x_wconf 81' lang='lat' dir='ltr'><strong>iacobi</strong></span> <span class='ocrx_word' id='word_1_200' title='bbox 798 1857 926 1912; x_wconf 88' lang='lat' dir='ltr'><strong>instrata</strong></span> <span class='ocrx_word' id='word_1_201' title='bbox 946 1860 1025 1924; x_wconf 89' lang='lat' dir='ltr'><strong>porte</strong></span> <span class='ocrx_word' id='word_1_202' title='bbox 1067 1853 1167 1924; x_wconf 73' lang='lat' dir='ltr'><strong>Pressit</strong></span> <span class='ocrx_word' id='word_1_203' title='bbox 1180 1853 1287 1910; x_wconf 80' lang='lat' dir='ltr'><strong>ecclesie</strong></span> <span class='ocrx_word' id='word_1_204' title='bbox 1304 1859 1396 1926; x_wconf 87' lang='lat' dir='ltr'><strong>postor</strong></span> <span class='ocrx_word' id='word_1_205' title='bbox 1408 1854 1490 1912; x_wconf 88' lang='lat' dir='ltr'><strong>donus</strong></span> <span class='ocrx_word' id='word_1_206' title='bbox 1503 1855 1683 1912; x_wconf 73' lang='lat' dir='ltr'><strong>Andronium</strong></span> <span class='ocrx_word' id='word_1_207' title='bbox 1696 1855 1739 1913; x_wconf 77' lang='lat'>⁷¹⁸.</span> 
     </span>
     <span class='ocr_line' id='line_1_19' title="bbox 202 1943 1494 2023; baseline -0.012 -9"><span class='ocrx_word' id='word_1_208' title='bbox 202 1959 331 2023; x_wconf 84' lang='lat' dir='ltr'><strong>cumane,</strong></span> <span class='ocrx_word' id='word_1_209' title='bbox 357 1960 386 2010; x_wconf 91' lang='lat' dir='ltr'><strong>et</strong></span> <span class='ocrx_word' id='word_1_210' title='bbox 413 1952 557 2009; x_wconf 87' lang='lat' dir='ltr'><strong>ecelesiam</strong></span> <span class='ocrx_word' id='word_1_211' title='bbox 584 1948 673 2006; x_wconf 88' lang='lat' dir='ltr'><strong>saneti</strong></span> <span class='ocrx_word' id='word_1_212' title='bbox 695 1946 805 2017; x_wconf 79' lang='lat' dir='ltr'><strong>Georgii</strong></span> <span class='ocrx_word' id='word_1_213' title='bbox 828 1945 863 2001; x_wconf 91' lang='lat' dir='ltr'><strong>de</strong></span> <span class='ocrx_word' id='word_1_214' title='bbox 887 1943 1025 2015; x_wconf 77' lang='lat' dir='ltr'><strong>legniano</strong></span> <span class='ocrx_word' id='word_1_215' title='bbox 1457 1972 1494 1982; x_wconf 97' lang='lat'>-</span> 
     </span>
     <span class='ocr_line' id='line_1_20' title="bbox 204 2028 1896 2112; baseline -0.008 -12"><span class='ocrx_word' id='word_1_216' title='bbox 204 2058 266 2100; x_wconf 91' lang='lat' dir='ltr'><strong>cum</strong></span> <span class='ocrx_word' id='word_1_217' title='bbox 290 2043 348 2099; x_wconf 88' lang='lat' dir='ltr'><strong>suis</strong></span> <span class='ocrx_word' id='word_1_218' title='bbox 366 2039 551 2112; x_wconf 88' lang='lat' dir='ltr'><strong>pertinentiis,</strong></span> <span class='ocrx_word' id='word_1_219' title='bbox 567 2036 679 2094; x_wconf 89' lang='lat' dir='ltr'><strong>comuni</strong></span> <span class='ocrx_word' id='word_1_220' title='bbox 698 2048 791 2091; x_wconf 89' lang='lat' dir='ltr'><strong>menso</strong></span> <span class='ocrx_word' id='word_1_221' title='bbox 810 2032 923 2103; x_wconf 90' lang='lat' dir='ltr'><strong>capituli</strong></span> <span class='ocrx_word' id='word_1_222' title='bbox 938 2028 1027 2087; x_wconf 90' lang='lat' dir='ltr'><strong>eccle-</strong></span> <span class='ocrx_word' id='word_1_223' title='bbox 1102 2029 1233 2086; x_wconf 88' lang='lat' dir='ltr'><strong>bominns</strong></span> <span class='ocrx_word' id='word_1_224' title='bbox 1246 2030 1407 2088; x_wconf 82' lang='lat' dir='ltr'><strong>duillelmus</strong></span> <span class='ocrx_word' id='word_1_225' title='bbox 1428 2031 1501 2088; x_wconf 90' lang='lat' dir='ltr'><strong>tilius</strong></span> <span class='ocrx_word' id='word_1_226' title='bbox 1527 2031 1644 2088; x_wconf 87' lang='lat' dir='ltr'><strong>condam</strong></span> <span class='ocrx_word' id='word_1_227' title='bbox 1662 2030 1768 2088; x_wconf 92' lang='lat' dir='ltr'><strong>domini</strong></span> <span class='ocrx_word' id='word_1_228' title='bbox 1789 2030 1896 2086; x_wconf 86' lang='lat' dir='ltr'><strong>Thome</strong></span> 
     </span>
     <span class='ocr_line' id='line_1_21' title="bbox 145 2113 1896 2198; baseline -0.008 -8"><span class='ocrx_word' id='word_1_229' title='bbox 145 2113 152 2130; x_wconf 75' lang='grc'><em>’</em></span> <span class='ocrx_word' id='word_1_230' title='bbox 202 2135 251 2190; x_wconf 82' lang='lat' dir='ltr'><strong>sim</strong></span> <span class='ocrx_word' id='word_1_231' title='bbox 273 2129 493 2196; x_wconf 87' lang='lat' dir='ltr'><strong>llediolanensis,</strong></span> <span class='ocrx_word' id='word_1_232' title='bbox 514 2142 567 2198; x_wconf 89' lang='lat' dir='ltr'><strong>que</strong></span> <span class='ocrx_word' id='word_1_233' title='bbox 594 2126 684 2183; x_wconf 89' lang='lat' dir='ltr'><strong>minus</strong></span> <span class='ocrx_word' id='word_1_234' title='bbox 712 2123 852 2181; x_wconf 90' lang='grc'>661661666</span> <span class='ocrx_word' id='word_1_235' title='bbox 880 2126 949 2183; x_wconf 84' lang='lat' dir='ltr'><strong>erat,</strong></span> <span class='ocrx_word' id='word_1_236' title='bbox 974 2133 1025 2190; x_wconf 84' lang='lat' dir='ltr'><strong>pro</strong></span> <span class='ocrx_word' id='word_1_237' title='bbox 1067 2118 1101 2174; x_wconf 92' lang='lat' dir='ltr'><strong>de</strong></span> <span class='ocrx_word' id='word_1_238' title='bbox 1120 2117 1244 2176; x_wconf 87' lang='lat' dir='ltr'><strong>Posterla</strong></span> <span class='ocrx_word' id='word_1_239' title='bbox 1267 2119 1303 2176; x_wconf 91' lang='lat' dir='ltr'><strong>de</strong></span> <span class='ocrx_word' id='word_1_240' title='bbox 1326 2119 1442 2176; x_wconf 77' lang='lat' dir='ltr'><strong>tradate</strong></span> <span class='ocrx_word' id='word_1_241' title='bbox 1469 2118 1522 2176; x_wconf 87' lang='grc'>1611</span> <span class='ocrx_word' id='word_1_242' title='bbox 1545 2120 1703 2191; x_wconf 88' lang='lat' dir='ltr'><strong>capellanus</strong></span> <span class='ocrx_word' id='word_1_243' title='bbox 1726 2119 1896 2177; x_wconf 79' lang='grc'>6666666116</span> 
     </span>
     <span class='ocr_line' id='line_1_22' title="bbox 202 2208 1895 2282; baseline -0.008 -3"><span class='ocrx_word' id='word_1_244' title='bbox 202 2221 361 2279; x_wconf 88' lang='lat' dir='ltr'><strong>cottidianis</strong></span> <span class='ocrx_word' id='word_1_245' title='bbox 377 2217 620 2274; x_wconf 86' lang='lat' dir='ltr'><strong>distributionibus</strong></span> <span class='ocrx_word' id='word_1_246' title='bbox 634 2213 781 2272; x_wconf 86' lang='lat' dir='ltr'><strong>concessit.</strong></span> <span class='ocrx_word' id='word_1_247' title='bbox 806 2213 1025 2282; x_wconf 79' lang='lat' dir='ltr'><strong>inaugmentum</strong></span> <span class='ocrx_word' id='word_1_248' title='bbox 1067 2208 1171 2265; x_wconf 79' lang='lat' dir='ltr'><strong>domim</strong></span> <span class='ocrx_word' id='word_1_249' title='bbox 1188 2208 1321 2266; x_wconf 83' lang='lat' dir='ltr'><strong>iohannis</strong></span> <span class='ocrx_word' id='word_1_250' title='bbox 1345 2223 1423 2280; x_wconf 75' lang='lat' dir='ltr'><strong>pape</strong></span> <span class='ocrx_word' id='word_1_251' title='bbox 1448 2209 1530 2276; x_wconf 87' lang='lat' dir='ltr'><strong>xlttl,</strong></span> <span class='ocrx_word' id='word_1_252' title='bbox 1551 2223 1658 2267; x_wconf 88' lang='lat' dir='ltr'><strong>necnon</strong></span> <span class='ocrx_word' id='word_1_253' title='bbox 1681 2209 1844 2280; x_wconf 80' lang='lat' dir='ltr'><strong>preposibas</strong></span> <span class='ocrx_word' id='word_1_254' title='bbox 1859 2209 1895 2265; x_wconf 86' lang='lat' dir='ltr'><strong>de</strong></span> 
     </span>
     <span class='ocr_line' id='line_1_23' title="bbox 204 2296 1895 2383; baseline -0.008 -16"><span class='ocrx_word' id='word_1_255' title='bbox 204 2324 314 2383; x_wconf 85' lang='lat' dir='ltr'><strong>quoque</strong></span> <span class='ocrx_word' id='word_1_256' title='bbox 339 2322 432 2366; x_wconf 90' lang='lat' dir='ltr'><strong>mense</strong></span> <span class='ocrx_word' id='word_1_257' title='bbox 456 2307 499 2363; x_wconf 93' lang='lat' dir='ltr'><strong>sni</strong></span> <span class='ocrx_word' id='word_1_258' title='bbox 518 2305 771 2374; x_wconf 84' lang='lat' dir='ltr'><strong>archiepiscopatus</strong></span> <span class='ocrx_word' id='word_1_259' title='bbox 795 2299 985 2372; x_wconf 85' lang='lat' dir='ltr'><strong>possessiones</strong></span> <span class='ocrx_word' id='word_1_260' title='bbox 998 2302 1027 2354; x_wconf 90' lang='lat' dir='ltr'><strong>et</strong></span> <span class='ocrx_word' id='word_1_261' title='bbox 1067 2297 1186 2354; x_wconf 85' lang='lat' dir='ltr'><strong>Posiono</strong></span> <span class='ocrx_word' id='word_1_262' title='bbox 1209 2296 1280 2365; x_wconf 83' lang='grc'>(167)</span> <span class='ocrx_word' id='word_1_263' title='bbox 1308 2298 1344 2355; x_wconf 91' lang='grc'><strong>66</strong></span> <span class='ocrx_word' id='word_1_264' title='bbox 1371 2299 1509 2369; x_wconf 79' lang='lat' dir='ltr'><strong>hungaria</strong></span> <span class='ocrx_word' id='word_1_265' title='bbox 1538 2311 1570 2354; x_wconf 90' lang='lat' dir='ltr'><strong>ac</strong></span> <span class='ocrx_word' id='word_1_266' title='bbox 1597 2298 1824 2369; x_wconf 78' lang='lat' dir='ltr'><strong>archipresbyter</strong></span> <span class='ocrx_word' id='word_1_267' title='bbox 1851 2311 1895 2354; x_wconf 87' lang='lat' dir='ltr'><strong>ec·</strong></span> 
     </span>
     <span class='ocr_line' id='line_1_24' title="bbox 203 2385 1894 2468; baseline -0.009 -11"><span class='ocrx_word' id='word_1_268' title='bbox 203 2407 290 2457; x_wconf 91' lang='lat' dir='ltr'><strong>terras</strong></span> <span class='ocrx_word' id='word_1_269' title='bbox 313 2398 400 2468; x_wconf 92' lang='lat' dir='ltr'><strong>ipsius</strong></span> <span class='ocrx_word' id='word_1_270' title='bbox 424 2394 597 2466; x_wconf 88' lang='lat' dir='ltr'><strong>pulcerrimis</strong></span> <span class='ocrx_word' id='word_1_271' title='bbox 617 2391 733 2449; x_wconf 85' lang='lat' dir='ltr'><strong>edificiis</strong></span> <span class='ocrx_word' id='word_1_272' title='bbox 756 2390 907 2454; x_wconf 90' lang='lat' dir='ltr'><strong>decoravit,</strong></span> <span class='ocrx_word' id='word_1_273' title='bbox 931 2386 1027 2444; x_wconf 92' lang='lat' dir='ltr'><strong>videli·</strong></span> <span class='ocrx_word' id='word_1_274' title='bbox 1067 2385 1151 2442; x_wconf 89' lang='lat' dir='ltr'><strong>clesie</strong></span> <span class='ocrx_word' id='word_1_275' title='bbox 1182 2385 1270 2442; x_wconf 87' lang='lat' dir='ltr'><strong>sancti</strong></span> <span class='ocrx_word' id='word_1_276' title='bbox 1302 2386 1436 2442; x_wconf 85' lang='lat' dir='ltr'><strong>lobannis</strong></span> <span class='ocrx_word' id='word_1_277' title='bbox 1469 2385 1503 2443; x_wconf 89' lang='lat' dir='ltr'><strong>de</strong></span> <span class='ocrx_word' id='word_1_278' title='bbox 1536 2387 1680 2454; x_wconf 88' lang='lat' dir='ltr'><strong>llodoetia,</strong></span> <span class='ocrx_word' id='word_1_279' title='bbox 1711 2391 1742 2443; x_wconf 89' lang='lat' dir='ltr'><strong>et</strong></span> <span class='ocrx_word' id='word_1_280' title='bbox 1771 2385 1894 2442; x_wconf 84' lang='lat' dir='ltr'><strong>ecclesie</strong></span> 
     </span>
     <span class='ocr_line' id='line_1_25' title="bbox 202 2475 1896 2554; baseline -0.008 -9"><span class='ocrx_word' id='word_1_281' title='bbox 202 2494 247 2545; x_wconf 90' lang='lat' dir='ltr'><strong>cet</strong></span> <span class='ocrx_word' id='word_1_282' title='bbox 273 2486 419 2545; x_wconf 80' lang='lat' dir='ltr'><strong>excellenti</strong></span> <span class='ocrx_word' id='word_1_283' title='bbox 447 2499 510 2540; x_wconf 90' lang='lat' dir='ltr'><strong>aree</strong></span> <span class='ocrx_word' id='word_1_284' title='bbox 533 2482 700 2554; x_wconf 77' lang='lat' dir='ltr'><strong>Angleriam,</strong></span> <span class='ocrx_word' id='word_1_285' title='bbox 728 2494 792 2536; x_wconf 90' lang='lat' dir='ltr'><strong>arce</strong></span> <span class='ocrx_word' id='word_1_286' title='bbox 820 2480 901 2535; x_wconf 89' lang='lat' dir='ltr'><strong>etiam</strong></span> <span class='ocrx_word' id='word_1_287' title='bbox 924 2476 1026 2533; x_wconf 89' lang='lat' dir='ltr'><strong>deeora</strong></span> <span class='ocrx_word' id='word_1_288' title='bbox 1066 2475 1278 2532; x_wconf 72' lang='lat' dir='ltr'><strong>mediolanensis</strong></span> <span class='ocrx_word' id='word_1_289' title='bbox 1300 2475 1457 2532; x_wconf 91' lang='lat' dir='ltr'><strong>ordinarius</strong></span> <span class='ocrx_word' id='word_1_290' title='bbox 1479 2481 1507 2532; x_wconf 88' lang='lat' dir='ltr'><strong>et</strong></span> <span class='ocrx_word' id='word_1_291' title='bbox 1530 2475 1709 2542; x_wconf 85' lang='lat' dir='ltr'><strong>cimiliarcha,</strong></span> <span class='ocrx_word' id='word_1_292' title='bbox 1729 2476 1896 2533; x_wconf 77' lang='lat' dir='ltr'><strong>mosaicus·</strong></span> 
     </span>
     <span class='ocr_line' id='line_1_26' title="bbox 201 2563 1893 2643; baseline -0.007 -10"><span class='ocrx_word' id='word_1_293' title='bbox 201 2576 338 2634; x_wconf 77' lang='lat' dir='ltr'><strong>travalias</strong></span> <span class='ocrx_word' id='word_1_294' title='bbox 362 2572 453 2643; x_wconf 88' lang='grc'>(163),</span> <span class='ocrx_word' id='word_1_295' title='bbox 479 2572 575 2643; x_wconf 91' lang='lat' dir='ltr'><strong>pulcro</strong></span> <span class='ocrx_word' id='word_1_296' title='bbox 600 2570 682 2627; x_wconf 86' lang='lat' dir='ltr'><strong>ellam</strong></span> <span class='ocrx_word' id='word_1_297' title='bbox 705 2567 863 2625; x_wconf 81' lang='lat' dir='ltr'><strong>Cassianum</strong></span> <span class='ocrx_word' id='word_1_298' title='bbox 887 2565 958 2638; x_wconf 85' lang='grc'>(161)</span> <span class='ocrx_word' id='word_1_299' title='bbox 982 2579 1025 2622; x_wconf 89' lang='lat' dir='ltr'><strong>ca·</strong></span> <span class='ocrx_word' id='word_1_300' title='bbox 1066 2577 1120 2634; x_wconf 83' lang='lat' dir='ltr'><strong>que</strong></span> <span class='ocrx_word' id='word_1_301' title='bbox 1148 2563 1266 2621; x_wconf 90' lang='lat' dir='ltr'><strong>ecclesie</strong></span> <span class='ocrx_word' id='word_1_302' title='bbox 1298 2565 1386 2622; x_wconf 87' lang='lat' dir='ltr'><strong>sancti</strong></span> <span class='ocrx_word' id='word_1_303' title='bbox 1416 2565 1551 2622; x_wconf 80' lang='lat' dir='ltr'><strong>iohannis</strong></span> <span class='ocrx_word' id='word_1_304' title='bbox 1583 2564 1618 2622; x_wconf 92' lang='lat' dir='ltr'><strong>de</strong></span> <span class='ocrx_word' id='word_1_305' title='bbox 1651 2567 1748 2622; x_wconf 84' lang='lat' dir='ltr'><strong>castro</strong></span> <span class='ocrx_word' id='word_1_306' title='bbox 1780 2565 1893 2636; x_wconf 88' lang='lat' dir='ltr'><strong>seprio.</strong></span> 
     </span>
     <span class='ocr_line' id='line_1_27' title="bbox 201 2651 1893 2735; baseline -0.007 -13"><span class='ocrx_word' id='word_1_307' title='bbox 201 2665 293 2733; x_wconf 88' lang='lat' dir='ltr'><strong>stello,</strong></span> <span class='ocrx_word' id='word_1_308' title='bbox 310 2663 445 2735; x_wconf 88' lang='lat' dir='ltr'><strong>preciosis</strong></span> <span class='ocrx_word' id='word_1_309' title='bbox 459 2662 541 2717; x_wconf 90' lang='lat' dir='ltr'><strong>etiam</strong></span> <span class='ocrx_word' id='word_1_310' title='bbox 562 2660 677 2731; x_wconf 80' lang='lat' dir='ltr'><strong>burgum</strong></span> <span class='ocrx_word' id='word_1_311' title='bbox 693 2657 823 2730; x_wconf 77' lang='lat' dir='ltr'><strong>legniani</strong></span> <span class='ocrx_word' id='word_1_312' title='bbox 844 2654 978 2726; x_wconf 87' lang='lat' dir='ltr'><strong>pallaciis,</strong></span> <span class='ocrx_word' id='word_1_313' title='bbox 993 2669 1025 2710; x_wconf 92' lang='lat' dir='ltr'><strong>ao</strong></span> <span class='ocrx_word' id='word_1_314' title='bbox 1066 2651 1169 2714; x_wconf 85' lang='lat' dir='ltr'><strong>Deinde</strong></span> <span class='ocrx_word' id='word_1_315' title='bbox 1183 2652 1312 2710; x_wconf 84' lang='lat' dir='ltr'><strong>dominus</strong></span> <span class='ocrx_word' id='word_1_316' title='bbox 1325 2653 1452 2710; x_wconf 86' lang='lat' dir='ltr'><strong>Clemens</strong></span> <span class='ocrx_word' id='word_1_317' title='bbox 1466 2667 1535 2724; x_wconf 88' lang='lat' dir='ltr'><strong>papa</strong></span> <span class='ocrx_word' id='word_1_318' title='bbox 1549 2655 1583 2710; x_wconf 87' lang='lat' dir='ltr'><strong>Vl</strong></span> <span class='ocrx_word' id='word_1_319' title='bbox 1597 2655 1787 2724; x_wconf 84' lang='lat' dir='ltr'><strong>pronuntiarit</strong></span> <span class='ocrx_word' id='word_1_320' title='bbox 1801 2654 1893 2725; x_wconf 89' lang='lat' dir='ltr'><strong>ipsum</strong></span> 
     </span>
     <span class='ocr_line' id='line_1_28' title="bbox 202 2741 1894 2822; baseline -0.007 -11"><span class='ocrx_word' id='word_1_321' title='bbox 202 2755 285 2812; x_wconf 87' lang='lat' dir='ltr'><strong>etiam</strong></span> <span class='ocrx_word' id='word_1_322' title='bbox 308 2751 438 2809; x_wconf 89' lang='lat' dir='ltr'><strong>domibus</strong></span> <span class='ocrx_word' id='word_1_323' title='bbox 458 2751 575 2822; x_wconf 78' lang='lat' dir='ltr'><strong>burgum</strong></span> <span class='ocrx_word' id='word_1_324' title='bbox 599 2749 633 2805; x_wconf 92' lang='lat' dir='ltr'><strong>de</strong></span> <span class='ocrx_word' id='word_1_325' title='bbox 647 2747 743 2804; x_wconf 89' lang='lat' dir='ltr'><strong>hbiate</strong></span> <span class='ocrx_word' id='word_1_326' title='bbox 770 2744 837 2817; x_wconf 88' lang='grc'>(165)</span> <span class='ocrx_word' id='word_1_327' title='bbox 858 2745 944 2816; x_wconf 76' lang='lat' dir='ltr'><strong>magis</strong></span> <span class='ocrx_word' id='word_1_328' title='bbox 958 2756 1026 2800; x_wconf 87' lang='lat' dir='ltr'><strong>con·</strong></span> <span class='ocrx_word' id='word_1_329' title='bbox 1066 2741 1207 2798; x_wconf 87' lang='lat' dir='ltr'><strong>dominum</strong></span> <span class='ocrx_word' id='word_1_330' title='bbox 1243 2741 1415 2800; x_wconf 87' lang='lat' dir='ltr'><strong>Guillelmum</strong></span> <span class='ocrx_word' id='word_1_331' title='bbox 1453 2741 1636 2812; x_wconf 86' lang='lat' dir='ltr'><strong>patriarcham</strong></span> <span class='ocrx_word' id='word_1_332' title='bbox 1672 2742 1708 2799; x_wconf 89' lang='lat' dir='ltr'><strong>ad</strong></span> <span class='ocrx_word' id='word_1_333' title='bbox 1743 2743 1894 2800; x_wconf 77' lang='lat' dir='ltr'><strong>ecclesiam</strong></span> 
     </span>
     <span class='ocr_line' id='line_1_29' title="bbox 199 2831 1894 2916; baseline -0.006 -16"><span class='ocrx_word' id='word_1_334' title='bbox 199 2843 362 2916; x_wconf 65' lang='lat' dir='ltr'><strong>eruentibus</strong></span> <span class='ocrx_word' id='word_1_335' title='bbox 385 2846 413 2898; x_wconf 91' lang='grc'><strong>61</strong></span> <span class='ocrx_word' id='word_1_336' title='bbox 440 2838 559 2896; x_wconf 89' lang='lat' dir='ltr'><strong>decoris.</strong></span> <span class='ocrx_word' id='word_1_337' title='bbox 588 2838 781 2895; x_wconf 88' lang='lat' dir='ltr'><strong>Possessiooes</strong></span> <span class='ocrx_word' id='word_1_338' title='bbox 808 2840 837 2892; x_wconf 90' lang='lat' dir='ltr'><strong>et</strong></span> <span class='ocrx_word' id='word_1_339' title='bbox 860 2834 969 2892; x_wconf 86' lang='lat' dir='ltr'><strong>divitias</strong></span> <span class='ocrx_word' id='word_1_340' title='bbox 995 2833 1025 2888; x_wconf 91' lang='lat' dir='ltr'><strong>in</strong></span> <span class='ocrx_word' id='word_1_341' title='bbox 1066 2831 1417 2903; x_wconf 82' lang='lat' dir='ltr'><strong>constantinopolitanam,</strong></span> <span class='ocrx_word' id='word_1_342' title='bbox 1441 2831 1494 2888; x_wconf 93' lang='lat' dir='ltr'><strong>sibl</strong></span> <span class='ocrx_word' id='word_1_343' title='bbox 1517 2833 1546 2888; x_wconf 87' lang='lat' dir='ltr'><strong>in</strong></span> <span class='ocrx_word' id='word_1_344' title='bbox 1575 2832 1736 2890; x_wconf 85' lang='lat' dir='ltr'><strong>comendam</strong></span> <span class='ocrx_word' id='word_1_345' title='bbox 1763 2831 1894 2903; x_wconf 82' lang='lat' dir='ltr'><strong>predicta</strong></span> 
     </span>
     <span class='ocr_line' id='line_1_30' title="bbox 200 2919 1893 3001; baseline -0.005 -15"><span class='ocrx_word' id='word_1_346' title='bbox 200 2932 263 2990; x_wconf 91' lang='grc'>1666</span> <span class='ocrx_word' id='word_1_347' title='bbox 286 2932 421 2989; x_wconf 80' lang='lat' dir='ltr'><strong>cosorezo</strong></span> <span class='ocrx_word' id='word_1_348' title='bbox 447 2927 539 3001; x_wconf 86' lang='grc'>(166),</span> <span class='ocrx_word' id='word_1_349' title='bbox 560 2927 699 2998; x_wconf 80' lang='grc'>66116666</span> <span class='ocrx_word' id='word_1_350' title='bbox 719 2925 772 2980; x_wconf 87' lang='grc'>6116</span> <span class='ocrx_word' id='word_1_351' title='bbox 787 2923 895 2980; x_wconf 89' lang='grc'>6616616</span> <span class='ocrx_word' id='word_1_352' title='bbox 914 2928 942 2977; x_wconf 86' lang='grc'><strong>61</strong></span> <span class='ocrx_word' id='word_1_353' title='bbox 961 2934 1026 2990; x_wconf 91' lang='lat' dir='ltr'><strong>pos·</strong></span> <span class='ocrx_word' id='word_1_354' title='bbox 1066 2921 1158 2978; x_wconf 93' lang='lat' dir='ltr'><strong>omnia</strong></span> <span class='ocrx_word' id='word_1_355' title='bbox 1189 2919 1319 2978; x_wconf 80' lang='lat' dir='ltr'><strong>benefitia</strong></span> <span class='ocrx_word' id='word_1_356' title='bbox 1351 2921 1541 2978; x_wconf 89' lang='lat' dir='ltr'><strong>concedendo.</strong></span> <span class='ocrx_word' id='word_1_357' title='bbox 1580 2922 1722 2978; x_wconf 84' lang='lat' dir='ltr'><strong>Postremo</strong></span> <span class='ocrx_word' id='word_1_358' title='bbox 1758 2921 1893 2978; x_wconf 90' lang='lat' dir='ltr'><strong>dominns</strong></span> 
     </span>
     <span class='ocr_line' id='line_1_31' title="bbox 198 3008 1893 3088; baseline -0.007 -12"><span class='ocrx_word' id='word_1_359' title='bbox 198 3021 338 3077; x_wconf 89' lang='lat' dir='ltr'><strong>sessiones</strong></span> <span class='ocrx_word' id='word_1_360' title='bbox 365 3016 615 3088; x_wconf 90' lang='lat' dir='ltr'><strong>archiepiscopatui</strong></span> <span class='ocrx_word' id='word_1_361' title='bbox 653 3012 792 3084; x_wconf 85' lang='lat' dir='ltr'><strong>aquisivit.</strong></span> <span class='ocrx_word' id='word_1_362' title='bbox 825 3011 944 3066; x_wconf 79' lang='lat' dir='ltr'><strong>landem</strong></span> <span class='ocrx_word' id='word_1_363' title='bbox 978 3008 1024 3064; x_wconf 95' lang='lat' dir='ltr'><strong>ille</strong></span> <span class='ocrx_word' id='word_1_364' title='bbox 1068 3008 1324 3082; x_wconf 77' lang='grc'>116666611168)</span> <span class='ocrx_word' id='word_1_365' title='bbox 1349 3008 1893 3068; x_wconf 79' lang='grc'>166661611166666666616666611-</span> 
     </span>
     <span class='ocr_line' id='line_1_32' title="bbox 199 3083 1891 3178; baseline -0.004 -14"><span class='ocrx_word' id='word_1_366' title='bbox 199 3107 438 3178; x_wconf 89' lang='lat' dir='ltr'><strong>spiritualissimus</strong></span> <span class='ocrx_word' id='word_1_367' title='bbox 465 3110 553 3174; x_wconf 91' lang='lat' dir='ltr'><strong>pater,</strong></span> <span class='ocrx_word' id='word_1_368' title='bbox 582 3104 662 3174; x_wconf 87' lang='lat' dir='ltr'><strong>cujus</strong></span> <span class='ocrx_word' id='word_1_369' title='bbox 689 3107 746 3157; x_wconf 85' lang='lat' dir='ltr'><strong>tota</strong></span> <span class='ocrx_word' id='word_1_370' title='bbox 771 3099 889 3157; x_wconf 89' lang='lat' dir='ltr'><strong>intentio</strong></span> <span class='ocrx_word' id='word_1_371' title='bbox 908 3111 1023 3156; x_wconf 88' lang='lat' dir='ltr'><strong>conver·</strong></span> <span class='ocrx_word' id='word_1_372' title='bbox 1036 3083 1176 3154; x_wconf 81' lang='lat' dir='ltr'><strong>Glelmnm</strong></span> <span class='ocrx_word' id='word_1_373' title='bbox 1189 3099 1224 3154; x_wconf 86' lang='lat' dir='ltr'><strong>ad</strong></span> <span class='ocrx_word' id='word_1_374' title='bbox 1243 3099 1510 3170; x_wconf 86' lang='lat' dir='ltr'><strong>archiepiscopatum</strong></span> <span class='ocrx_word' id='word_1_375' title='bbox 1529 3101 1645 3158; x_wconf 91' lang='lat' dir='ltr'><strong>ecclesie</strong></span> <span class='ocrx_word' id='word_1_376' title='bbox 1664 3098 1891 3166; x_wconf 77' lang='lat' dir='ltr'><strong>mediolanensis,</strong></span> 
     </span>
     <span class='ocr_line' id='line_1_33' title="bbox 199 3187 1893 3261; baseline -0.004 -9"><span class='ocrx_word' id='word_1_377' title='bbox 199 3197 309 3253; x_wconf 87' lang='lat' dir='ltr'><strong>tebatur</strong></span> <span class='ocrx_word' id='word_1_378' title='bbox 327 3193 361 3250; x_wconf 92' lang='lat' dir='ltr'><strong>ad</strong></span> <span class='ocrx_word' id='word_1_379' title='bbox 384 3195 481 3260; x_wconf 90' lang='grc'>11666,</span> <span class='ocrx_word' id='word_1_380' title='bbox 502 3189 604 3247; x_wconf 91' lang='lat' dir='ltr'><strong>carnali</strong></span> <span class='ocrx_word' id='word_1_381' title='bbox 620 3190 719 3261; x_wconf 91' lang='lat' dir='ltr'><strong>copula</strong></span> <span class='ocrx_word' id='word_1_382' title='bbox 733 3188 786 3247; x_wconf 92' lang='lat' dir='ltr'><strong>sibi</strong></span> <span class='ocrx_word' id='word_1_383' title='bbox 802 3190 967 3260; x_wconf 86' lang='lat' dir='ltr'><strong>conjunctos</strong></span> <span class='ocrx_word' id='word_1_384' title='bbox 981 3188 1022 3243; x_wconf 94' lang='lat' dir='ltr'><strong>di·</strong></span> <span class='ocrx_word' id='word_1_385' title='bbox 1064 3187 1232 3244; x_wconf 89' lang='lat' dir='ltr'><strong>comendans</strong></span> <span class='ocrx_word' id='word_1_386' title='bbox 1256 3188 1309 3245; x_wconf 90' lang='lat' dir='ltr'><strong>sibi</strong></span> <span class='ocrx_word' id='word_1_387' title='bbox 1333 3189 1546 3258; x_wconf 88' lang='lat' dir='ltr'><strong>patriarchatum</strong></span> <span class='ocrx_word' id='word_1_388' title='bbox 1567 3195 1596 3247; x_wconf 87' lang='grc'><strong>61</strong></span> <span class='ocrx_word' id='word_1_389' title='bbox 1618 3189 1672 3246; x_wconf 85' lang='lat' dir='ltr'><strong>alia</strong></span> <span class='ocrx_word' id='word_1_390' title='bbox 1690 3188 1826 3246; x_wconf 84' lang='lat' dir='ltr'><strong>benedeia</strong></span> <span class='ocrx_word' id='word_1_391' title='bbox 1843 3204 1893 3246; x_wconf 91' lang='lat' dir='ltr'><strong>su·</strong></span> 
     </span>
     <span class='ocr_line' id='line_1_34' title="bbox 199 3275 1893 3350; baseline -0.004 -8"><span class='ocrx_word' id='word_1_392' title='bbox 199 3293 258 3342; x_wconf 89' lang='lat' dir='ltr'><strong>tare</strong></span> <span class='ocrx_word' id='word_1_393' title='bbox 286 3297 341 3340; x_wconf 92' lang='lat' dir='ltr'><strong>non</strong></span> <span class='ocrx_word' id='word_1_394' title='bbox 363 3282 491 3348; x_wconf 88' lang='lat' dir='ltr'><strong>studens,</strong></span> <span class='ocrx_word' id='word_1_395' title='bbox 518 3295 568 3336; x_wconf 92' lang='lat' dir='ltr'><strong>sua</strong></span> <span class='ocrx_word' id='word_1_396' title='bbox 590 3277 727 3350; x_wconf 87' lang='lat' dir='ltr'><strong>disposuit</strong></span> <span class='ocrx_word' id='word_1_397' title='bbox 750 3278 779 3334; x_wconf 90' lang='grc'><strong>16</strong></span> <span class='ocrx_word' id='word_1_398' title='bbox 803 3278 876 3334; x_wconf 88' lang='grc'>1666</span> <span class='ocrx_word' id='word_1_399' title='bbox 899 3275 1021 3334; x_wconf 90' lang='grc'>66666.</span> <span class='ocrx_word' id='word_1_400' title='bbox 1064 3275 1207 3345; x_wconf 87' lang='lat' dir='ltr'><strong>pradieta;</strong></span> <span class='ocrx_word' id='word_1_401' title='bbox 1227 3289 1281 3347; x_wconf 85' lang='lat' dir='ltr'><strong>que</strong></span> <span class='ocrx_word' id='word_1_402' title='bbox 1305 3277 1447 3336; x_wconf 87' lang='lat' dir='ltr'><strong>translatio</strong></span> <span class='ocrx_word' id='word_1_403' title='bbox 1471 3278 1541 3336; x_wconf 87' lang='lat' dir='ltr'><strong>lacta</strong></span> <span class='ocrx_word' id='word_1_404' title='bbox 1566 3278 1618 3337; x_wconf 88' lang='lat' dir='ltr'><strong>luit</strong></span> <span class='ocrx_word' id='word_1_405' title='bbox 1645 3277 1724 3334; x_wconf 85' lang='grc'>1361.</span> <span class='ocrx_word' id='word_1_406' title='bbox 1748 3279 1893 3336; x_wconf 73' lang='grc'>1666661-</span> 
     </span>
     <span class='ocr_line' id='line_1_35' title="bbox 198 3365 1892 3446; baseline -0.005 -16"><span class='ocrx_word' id='word_1_407' title='bbox 198 3371 340 3446; x_wconf 90' lang='lat' dir='ltr'><strong>llospitale</strong></span> <span class='ocrx_word' id='word_1_408' title='bbox 368 3369 478 3443; x_wconf 88' lang='lat' dir='ltr'><strong>quidem</strong></span> <span class='ocrx_word' id='word_1_409' title='bbox 508 3382 627 3436; x_wconf 91' lang='lat' dir='ltr'><strong>novum,</strong></span> <span class='ocrx_word' id='word_1_410' title='bbox 660 3368 740 3437; x_wconf 83' lang='lat' dir='ltr'><strong>cnjus</strong></span> <span class='ocrx_word' id='word_1_411' title='bbox 766 3365 896 3423; x_wconf 78' lang='lat' dir='ltr'><strong>fundator</strong></span> <span class='ocrx_word' id='word_1_412' title='bbox 925 3366 1023 3422; x_wconf 84' lang='lat' dir='ltr'><strong>extite·</strong></span> <span class='ocrx_word' id='word_1_413' title='bbox 1063 3371 1145 3422; x_wconf 90' lang='lat' dir='ltr'><strong>natus</strong></span> <span class='ocrx_word' id='word_1_414' title='bbox 1166 3379 1231 3423; x_wconf 88' lang='lat' dir='ltr'><strong>vero</strong></span> <span class='ocrx_word' id='word_1_415' title='bbox 1255 3365 1382 3423; x_wconf 92' lang='lat' dir='ltr'><strong>dominus</strong></span> <span class='ocrx_word' id='word_1_416' title='bbox 1400 3367 1560 3426; x_wconf 87' lang='lat' dir='ltr'><strong>Gnillelmus</strong></span> <span class='ocrx_word' id='word_1_417' title='bbox 1574 3367 1695 3438; x_wconf 89' lang='lat' dir='ltr'><strong>optinuit</strong></span> <span class='ocrx_word' id='word_1_418' title='bbox 1718 3366 1892 3436; x_wconf 82' lang='lat' dir='ltr'><strong>patriarcha·</strong></span> 
     </span>
     <span class='ocr_line' id='line_1_36' title="bbox 196 3453 1891 3532; baseline -0.005 -13"><span class='ocrx_word' id='word_1_419' title='bbox 196 3466 249 3530; x_wconf 86' lang='lat' dir='ltr'><strong>rat,</strong></span> <span class='ocrx_word' id='word_1_420' title='bbox 279 3474 375 3532; x_wconf 81' lang='lat' dir='ltr'><strong>magna</strong></span> <span class='ocrx_word' id='word_1_421' title='bbox 403 3459 578 3530; x_wconf 87' lang='lat' dir='ltr'><strong>possessione</strong></span> <span class='ocrx_word' id='word_1_422' title='bbox 606 3457 634 3512; x_wconf 94' lang='lat' dir='ltr'><strong>in</strong></span> <span class='ocrx_word' id='word_1_423' title='bbox 663 3455 725 3514; x_wconf 91' lang='lat' dir='ltr'><strong>loeo</strong></span> <span class='ocrx_word' id='word_1_424' title='bbox 753 3453 887 3512; x_wconf 77' lang='lat' dir='ltr'><strong>trivulzio</strong></span> <span class='ocrx_word' id='word_1_425' title='bbox 912 3455 1022 3525; x_wconf 85' lang='lat' dir='ltr'><strong>jacente</strong></span> <span class='ocrx_word' id='word_1_426' title='bbox 1064 3457 1122 3512; x_wconf 91' lang='lat' dir='ltr'><strong>tum</strong></span> <span class='ocrx_word' id='word_1_427' title='bbox 1140 3469 1166 3512; x_wconf 90' lang='lat' dir='ltr'><strong>a.</strong></span> <span class='ocrx_word' id='word_1_428' title='bbox 1189 3455 1375 3524; x_wconf 73' lang='lat' dir='ltr'><strong>thalmi,</strong></span> <span class='ocrx_word' id='word_1_429' title='bbox 1396 3462 1422 3512; x_wconf 91' lang='grc'><strong>61</strong></span> <span class='ocrx_word' id='word_1_430' title='bbox 1442 3457 1710 3528; x_wconf 88' lang='lat' dir='ltr'><strong>smhiepisoopatum</strong></span> <span class='ocrx_word' id='word_1_431' title='bbox 1728 3469 1756 3511; x_wconf 89' lang='lat' dir='ltr'><strong>a.</strong></span> <span class='ocrx_word' id='word_1_432' title='bbox 1774 3455 1794 3509; x_wconf 87' lang='lat' dir='ltr'><strong>e</strong></span> <span class='ocrx_word' id='word_1_433' title='bbox 1811 3470 1851 3512; x_wconf 91' lang='lat' dir='ltr'><strong>m.</strong></span> <span class='ocrx_word' id='word_1_434' title='bbox 1872 3456 1891 3510; x_wconf 82' lang='lat' dir='ltr'><strong>t</strong></span> 
     </span>
     <span class='ocr_line' id='line_1_37' title="bbox 198 3543 1891 3619; baseline -0.003 -11"><span class='ocrx_word' id='word_1_435' title='bbox 198 3551 322 3619; x_wconf 90' lang='lat' dir='ltr'><strong>dotavit;</strong></span> <span class='ocrx_word' id='word_1_436' title='bbox 346 3548 381 3605; x_wconf 89' lang='lat' dir='ltr'><strong>de</strong></span> <span class='ocrx_word' id='word_1_437' title='bbox 405 3549 484 3619; x_wconf 88' lang='lat' dir='ltr'><strong>eujus</strong></span> <span class='ocrx_word' id='word_1_438' title='bbox 513 3545 692 3618; x_wconf 88' lang='lat' dir='ltr'><strong>proventibus</strong></span> <span class='ocrx_word' id='word_1_439' title='bbox 719 3543 856 3601; x_wconf 91' lang='lat' dir='ltr'><strong>ordinavit</strong></span> <span class='ocrx_word' id='word_1_440' title='bbox 881 3545 1020 3600; x_wconf 90' lang='lat' dir='ltr'><strong>annuatim</strong></span> <span class='ocrx_word' id='word_1_441' title='bbox 1063 3559 1124 3602; x_wconf 92' lang='lat' dir='ltr'><strong>cum</strong></span> <span class='ocrx_word' id='word_1_442' title='bbox 1149 3545 1336 3615; x_wconf 88' lang='lat' dir='ltr'><strong>patriarchatu</strong></span> <span class='ocrx_word' id='word_1_443' title='bbox 1359 3551 1387 3602; x_wconf 91' lang='grc'><strong>61</strong></span> <span class='ocrx_word' id='word_1_444' title='bbox 1410 3546 1471 3603; x_wconf 88' lang='grc'>61116</span> <span class='ocrx_word' id='word_1_445' title='bbox 1494 3546 1632 3604; x_wconf 87' lang='lat' dir='ltr'><strong>benedtiis</strong></span> <span class='ocrx_word' id='word_1_446' title='bbox 1654 3547 1824 3603; x_wconf 88' lang='lat' dir='ltr'><strong>memoratis.</strong></span> <span class='ocrx_word' id='word_1_447' title='bbox 1855 3547 1891 3603; x_wconf 80' lang='lat' dir='ltr'><strong>Et</strong></span> 
     </span>
     <span class='ocr_line' id='line_1_38' title="bbox 197 3632 1891 3710; baseline -0.002 -14"><span class='ocrx_word' id='word_1_448' title='bbox 197 3641 257 3696; x_wconf 92' lang='lat' dir='ltr'><strong>dari</strong></span> <span class='ocrx_word' id='word_1_449' title='bbox 290 3638 411 3710; x_wconf 90' lang='lat' dir='ltr'><strong>capitulo</strong></span> <span class='ocrx_word' id='word_1_450' title='bbox 445 3637 524 3694; x_wconf 85' lang='lat' dir='ltr'><strong>beate</strong></span> <span class='ocrx_word' id='word_1_451' title='bbox 557 3635 670 3707; x_wconf 80' lang='lat' dir='ltr'><strong>virginis</strong></span> <span class='ocrx_word' id='word_1_452' title='bbox 701 3635 814 3701; x_wconf 72' lang='grc'>1666116</span> <span class='ocrx_word' id='word_1_453' title='bbox 844 3632 929 3689; x_wconf 91' lang='lat' dir='ltr'><strong>libras</strong></span> <span class='ocrx_word' id='word_1_454' title='bbox 960 3632 1019 3702; x_wconf 88' lang='grc'><strong>60,</strong></span> <span class='ocrx_word' id='word_1_455' title='bbox 1061 3634 1188 3705; x_wconf 89' lang='lat' dir='ltr'><strong>sepultus</strong></span> <span class='ocrx_word' id='word_1_456' title='bbox 1209 3633 1261 3690; x_wconf 88' lang='lat' dir='ltr'><strong>luit</strong></span> <span class='ocrx_word' id='word_1_457' title='bbox 1284 3635 1459 3693; x_wconf 83' lang='lat' dir='ltr'><strong>inhvinione</strong></span> <span class='ocrx_word' id='word_1_458' title='bbox 1478 3635 1507 3692; x_wconf 91' lang='lat' dir='ltr'><strong>in</strong></span> <span class='ocrx_word' id='word_1_459' title='bbox 1530 3634 1612 3694; x_wconf 91' lang='lat' dir='ltr'><strong>domo</strong></span> <span class='ocrx_word' id='word_1_460' title='bbox 1626 3634 1741 3692; x_wconf 88' lang='lat' dir='ltr'><strong>iratmm</strong></span> <span class='ocrx_word' id='word_1_461' title='bbox 1760 3634 1891 3706; x_wconf 79' lang='lat' dir='ltr'><strong>predica·</strong></span> 
     </span>
     <span class='ocr_line' id='line_1_39' title="bbox 197 3721 1335 3798; baseline -0.006 -14"><span class='ocrx_word' id='word_1_462' title='bbox 197 3729 306 3786; x_wconf 89' lang='lat' dir='ltr'><strong>doctori</strong></span> <span class='ocrx_word' id='word_1_463' title='bbox 329 3726 469 3798; x_wconf 80' lang='lat' dir='ltr'><strong>theologie</strong></span> <span class='ocrx_word' id='word_1_464' title='bbox 492 3726 578 3782; x_wconf 90' lang='lat' dir='ltr'><strong>libras</strong></span> <span class='ocrx_word' id='word_1_465' title='bbox 605 3723 653 3778; x_wconf 89' lang='grc'><strong>160</strong></span> <span class='ocrx_word' id='word_1_466' title='bbox 677 3737 727 3794; x_wconf 92' lang='lat' dir='ltr'><strong>pro</strong></span> <span class='ocrx_word' id='word_1_467' title='bbox 752 3736 804 3778; x_wconf 92' lang='lat' dir='ltr'><strong>suo</strong></span> <span class='ocrx_word' id='word_1_468' title='bbox 827 3721 949 3792; x_wconf 84' lang='lat' dir='ltr'><strong>sellario,</strong></span> <span class='ocrx_word' id='word_1_469' title='bbox 968 3735 1020 3792; x_wconf 88' lang='lat' dir='ltr'><strong>pro</strong></span> <span class='ocrx_word' id='word_1_470' title='bbox 1061 3727 1151 3781; x_wconf 86' lang='lat' dir='ltr'><strong>tomm</strong></span> <span class='ocrx_word' id='word_1_471' title='bbox 1165 3723 1223 3795; x_wconf 89' lang='lat' dir='ltr'><strong>(un.</strong></span> <span class='ocrx_word' id='word_1_472' title='bbox 1242 3721 1335 3790; x_wconf 84' lang='grc'>1371).</span> 
     </span>
     <span class='ocr_line' id='line_1_40' title="bbox 197 3812 1492 3874; baseline -0.008 0"><span class='ocrx_word' id='word_1_473' title='bbox 197 3831 248 3874; x_wconf 89' lang='grc'><strong>666</strong></span> <span class='ocrx_word' id='word_1_474' title='bbox 277 3817 359 3874; x_wconf 89' lang='grc'>61166</span> <span class='ocrx_word' id='word_1_475' title='bbox 382 3814 493 3872; x_wconf 89' lang='grc'>6666611</span> <span class='ocrx_word' id='word_1_476' title='bbox 517 3814 602 3870; x_wconf 90' lang='lat' dir='ltr'><strong>libras</strong></span> <span class='ocrx_word' id='word_1_477' title='bbox 623 3812 659 3866; x_wconf 76' lang='lat'><strong>20</strong></span> <span class='ocrx_word' id='word_1_478' title='bbox 683 3817 793 3869; x_wconf 88' lang='lat' dir='ltr'><strong>monete</strong></span> <span class='ocrx_word' id='word_1_479' title='bbox 817 3818 883 3868; x_wconf 91' lang='lat' dir='ltr'><strong>tnnc</strong></span> <span class='ocrx_word' id='word_1_480' title='bbox 906 3825 1021 3868; x_wconf 91' lang='lat' dir='ltr'><strong>curren·</strong></span> <span class='ocrx_word' id='word_1_481' title='bbox 1456 3825 1492 3838; x_wconf 88' lang='grc'><strong>-·</strong></span> 
     </span>
     <span class='ocr_line' id='line_1_41' title="bbox 197 3881 1739 3972; baseline -0.003 -10"><span class='ocrx_word' id='word_1_482' title='bbox 197 3906 245 3962; x_wconf 88' lang='grc'>116.</span> <span class='ocrx_word' id='word_1_483' title='bbox 273 3906 375 3962; x_wconf 86' lang='lat' dir='ltr'><strong>Ultimo</strong></span> <span class='ocrx_word' id='word_1_484' title='bbox 399 3905 472 3960; x_wconf 86' lang='grc'>1666</span> <span class='ocrx_word' id='word_1_485' title='bbox 494 3916 543 3958; x_wconf 87' lang='grc'><strong>666</strong></span> <span class='ocrx_word' id='word_1_486' title='bbox 571 3899 773 3972; x_wconf 91' lang='lat' dir='ltr'><strong>patrimonialia</strong></span> <span class='ocrx_word' id='word_1_487' title='bbox 796 3898 946 3957; x_wconf 87' lang='lat' dir='ltr'><strong>immobilia</strong></span> <span class='ocrx_word' id='word_1_488' title='bbox 970 3899 1021 3956; x_wconf 92' lang='lat' dir='ltr'><strong>ho·</strong></span> <span class='ocrx_word' id='word_1_489' title='bbox 1203 3886 1236 3940; x_wconf 74' lang='lat'><strong>1²¹</strong></span> <span class='ocrx_word' id='word_1_490' title='bbox 1258 3881 1282 3939; x_wconf 86' lang='lat'><strong>¹·</strong></span> <span class='ocrx_word' id='word_1_491' title='bbox 1302 3883 1358 3940; x_wconf 67' lang='grc'>1111</span> <span class='ocrx_word' id='word_1_492' title='bbox 1376 3882 1495 3955; x_wconf 76' lang='lat' dir='ltr'><strong>bpumur</strong></span> <span class='ocrx_word' id='word_1_493' title='bbox 1512 3885 1539 3942; x_wconf 66' lang='lat'><strong>5¹¹</strong></span> <span class='ocrx_word' id='word_1_494' title='bbox 1556 3886 1608 3958; x_wconf 64' lang='lat' dir='ltr'><strong>flliss</strong></span> <span class='ocrx_word' id='word_1_495' title='bbox 1626 3886 1739 3942; x_wconf 78' lang='lat' dir='ltr'><strong>aiddu:</strong></span> 
     </span>
     <span class='ocr_line' id='line_1_42' title="bbox 197 3989 1888 4065; baseline -0.002 -13"><span class='ocrx_word' id='word_1_496' title='bbox 197 3993 291 4065; x_wconf 88' lang='lat' dir='ltr'><strong>spitali</strong></span> <span class='ocrx_word' id='word_1_497' title='bbox 314 3990 598 4048; x_wconf 79' lang='lat' dir='ltr'><strong>ierosolimitanorum</strong></span> <span class='ocrx_word' id='word_1_498' title='bbox 625 4003 675 4061; x_wconf 92' lang='lat' dir='ltr'><strong>pro</strong></span> <span class='ocrx_word' id='word_1_499' title='bbox 703 3989 827 4048; x_wconf 92' lang='lat' dir='ltr'><strong>subsidio</strong></span> <span class='ocrx_word' id='word_1_500' title='bbox 856 3995 929 4047; x_wconf 91' lang='lat' dir='ltr'><strong>terre</strong></span> <span class='ocrx_word' id='word_1_501' title='bbox 958 4003 1020 4046; x_wconf 88' lang='lat' dir='ltr'><strong>san·</strong></span> <span class='ocrx_word' id='word_1_502' title='bbox 1100 3989 1167 4045; x_wconf 82' lang='grc'>1314</span> <span class='ocrx_word' id='word_1_503' title='bbox 1191 3989 1280 4061; x_wconf 81' lang='grc'>[1342]</span> <span class='ocrx_word' id='word_1_504' title='bbox 1307 3989 1386 4063; x_wconf 86' lang='grc'>(169)</span> <span class='ocrx_word' id='word_1_505' title='bbox 1409 3992 1540 4051; x_wconf 86' lang='grc'>11661666</span> <span class='ocrx_word' id='word_1_506' title='bbox 1557 3991 1697 4050; x_wconf 86' lang='lat' dir='ltr'><strong>lohannes</strong></span> <span class='ocrx_word' id='word_1_507' title='bbox 1716 3991 1888 4050; x_wconf 85' lang='grc'>661116666-</span> 
     </span>
     <span class='ocr_line' id='line_1_43' title="bbox 197 4077 1884 4152; baseline -0.001 -12"><span class='ocrx_word' id='word_1_508' title='bbox 197 4089 252 4150; x_wconf 89' lang='grc'>616,</span> <span class='ocrx_word' id='word_1_509' title='bbox 272 4080 385 4138; x_wconf 90' lang='lat' dir='ltr'><strong>mobilia</strong></span> <span class='ocrx_word' id='word_1_510' title='bbox 408 4094 472 4137; x_wconf 88' lang='lat' dir='ltr'><strong>vero</strong></span> <span class='ocrx_word' id='word_1_511' title='bbox 496 4080 587 4137; x_wconf 90' lang='lat' dir='ltr'><strong>omnia</strong></span> <span class='ocrx_word' id='word_1_512' title='bbox 611 4092 661 4149; x_wconf 92' lang='lat' dir='ltr'><strong>pro</strong></span> <span class='ocrx_word' id='word_1_513' title='bbox 684 4077 811 4136; x_wconf 90' lang='lat' dir='ltr'><strong>iaciendo</strong></span> <span class='ocrx_word' id='word_1_514' title='bbox 829 4077 966 4150; x_wconf 87' lang='lat' dir='ltr'><strong>hospitale</strong></span> <span class='ocrx_word' id='word_1_515' title='bbox 985 4080 1020 4135; x_wconf 92' lang='lat' dir='ltr'><strong>ad</strong></span> <span class='ocrx_word' id='word_1_516' title='bbox 1062 4080 1174 4136; x_wconf 88' lang='lat' dir='ltr'><strong>mitibus</strong></span> <span class='ocrx_word' id='word_1_517' title='bbox 1200 4079 1289 4136; x_wconf 89' lang='lat' dir='ltr'><strong>iaetus</strong></span> <span class='ocrx_word' id='word_1_518' title='bbox 1314 4078 1367 4136; x_wconf 89' lang='lat' dir='ltr'><strong>init</strong></span> <span class='ocrx_word' id='word_1_519' title='bbox 1397 4079 1623 4152; x_wconf 88' lang='lat' dir='ltr'><strong>archiepiscopus</strong></span> <span class='ocrx_word' id='word_1_520' title='bbox 1653 4081 1884 4148; x_wconf 83' lang='lat' dir='ltr'><strong>llediolanensis,</strong></span> 
     </span>
     <span class='ocr_line' id='line_1_44' title="bbox 196 4166 1884 4242; baseline -0.001 -14"><span class='ocrx_word' id='word_1_521' title='bbox 196 4185 276 4228; x_wconf 92' lang='lat' dir='ltr'><strong>usum</strong></span> <span class='ocrx_word' id='word_1_522' title='bbox 306 4184 466 4242; x_wconf 88' lang='lat' dir='ltr'><strong>pauperum,</strong></span> <span class='ocrx_word' id='word_1_523' title='bbox 492 4170 521 4224; x_wconf 93' lang='lat' dir='ltr'><strong>in</strong></span> <span class='ocrx_word' id='word_1_524' title='bbox 549 4182 599 4224; x_wconf 93' lang='lat' dir='ltr'><strong>sua</strong></span> <span class='ocrx_word' id='word_1_525' title='bbox 626 4167 722 4224; x_wconf 85' lang='lat' dir='ltr'><strong>ultima</strong></span> <span class='ocrx_word' id='word_1_526' title='bbox 749 4166 889 4225; x_wconf 90' lang='lat' dir='ltr'><strong>voluntate</strong></span> <span class='ocrx_word' id='word_1_527' title='bbox 908 4168 1018 4239; x_wconf 72' lang='lat' dir='ltr'><strong>legavit.</strong></span> <span class='ocrx_word' id='word_1_528' title='bbox 1061 4174 1089 4225; x_wconf 89' lang='lat' dir='ltr'><strong>et</strong></span> <span class='ocrx_word' id='word_1_529' title='bbox 1111 4169 1178 4224; x_wconf 82' lang='lat' dir='ltr'><strong>vixit</strong></span> <span class='ocrx_word' id='word_1_530' title='bbox 1204 4169 1234 4224; x_wconf 94' lang='lat' dir='ltr'><strong>in</strong></span> <span class='ocrx_word' id='word_1_531' title='bbox 1262 4167 1501 4241; x_wconf 90' lang='lat' dir='ltr'><strong>archiepiscopatu</strong></span> <span class='ocrx_word' id='word_1_532' title='bbox 1527 4171 1608 4228; x_wconf 85' lang='lat' dir='ltr'><strong>aunis</strong></span> <span class='ocrx_word' id='word_1_533' title='bbox 1634 4169 1677 4228; x_wconf 89' lang='lat' dir='ltr'><strong>ll.</strong></span> <span class='ocrx_word' id='word_1_534' title='bbox 1700 4171 1776 4227; x_wconf 86' lang='lat' dir='ltr'><strong>Obiit</strong></span> <span class='ocrx_word' id='word_1_535' title='bbox 1803 4169 1884 4226; x_wconf 79' lang='grc'>1356.</span> 
     </span>
     <span class='ocr_line' id='line_1_45' title="bbox 196 4256 1886 4332; baseline -0.001 -14"><span class='ocrx_word' id='word_1_536' title='bbox 196 4256 1019 4332; x_wconf 69' lang='grc'>661661666666666661666611666686661666666166</span> <span class='ocrx_word' id='word_1_537' title='bbox 1061 4257 1158 4328; x_wconf 89' lang='lat' dir='ltr'><strong>quinto</strong></span> <span class='ocrx_word' id='word_1_538' title='bbox 1182 4257 1318 4324; x_wconf 90' lang='lat' dir='ltr'><strong>Octobris,</strong></span> <span class='ocrx_word' id='word_1_539' title='bbox 1342 4257 1388 4314; x_wconf 90' lang='lat' dir='ltr'><strong>die</strong></span> <span class='ocrx_word' id='word_1_540' title='bbox 1411 4258 1560 4316; x_wconf 90' lang='lat' dir='ltr'><strong>dominico.</strong></span> <span class='ocrx_word' id='word_1_541' title='bbox 1586 4259 1637 4327; x_wconf 83' lang='lat' dir='ltr'><strong>Qui</strong></span> <span class='ocrx_word' id='word_1_542' title='bbox 1660 4259 1741 4316; x_wconf 88' lang='lat' dir='ltr'><strong>etiam</strong></span> <span class='ocrx_word' id='word_1_543' title='bbox 1760 4257 1815 4316; x_wconf 85' lang='grc'>1611</span> <span class='ocrx_word' id='word_1_544' title='bbox 1832 4259 1886 4316; x_wconf 91' lang='lat' dir='ltr'><strong>do-</strong></span> 
     </span>
     <span class='ocr_line' id='line_1_46' title="bbox 195 4345 1884 4419; baseline 0 -13"><span class='ocrx_word' id='word_1_545' title='bbox 195 4351 314 4406; x_wconf 82' lang='lat' dir='ltr'><strong>instate</strong></span> <span class='ocrx_word' id='word_1_546' title='bbox 342 4347 478 4419; x_wconf 86' lang='lat' dir='ltr'><strong>hospitale</strong></span> <span class='ocrx_word' id='word_1_547' title='bbox 504 4345 648 4404; x_wconf 90' lang='lat' dir='ltr'><strong>comodum</strong></span> <span class='ocrx_word' id='word_1_548' title='bbox 678 4345 866 4403; x_wconf 88' lang='lat' dir='ltr'><strong>coniecerunt.</strong></span> <span class='ocrx_word' id='word_1_549' title='bbox 895 4346 926 4400; x_wconf 94' lang='lat' dir='ltr'><strong>ln</strong></span> <span class='ocrx_word' id='word_1_550' title='bbox 957 4360 1019 4416; x_wconf 87' lang='lat' dir='ltr'><strong>pre·</strong></span> <span class='ocrx_word' id='word_1_551' title='bbox 1061 4346 1150 4402; x_wconf 89' lang='lat' dir='ltr'><strong>minus</strong></span> <span class='ocrx_word' id='word_1_552' title='bbox 1181 4346 1318 4417; x_wconf 74' lang='lat' dir='ltr'><strong>generalis</strong></span> <span class='ocrx_word' id='word_1_553' title='bbox 1349 4346 1488 4403; x_wconf 89' lang='lat' dir='ltr'><strong>civitatum</strong></span> <span class='ocrx_word' id='word_1_554' title='bbox 1520 4347 1691 4415; x_wconf 86' lang='lat' dir='ltr'><strong>lledlolani,</strong></span> <span class='ocrx_word' id='word_1_555' title='bbox 1725 4349 1884 4418; x_wconf 69' lang='grc'>11666616,</span> 
     </span>
     <span class='ocr_line' id='line_1_47' title="bbox 195 4410 1884 4508; baseline 0 -13"><span class='ocrx_word' id='word_1_556' title='bbox 195 4439 278 4495; x_wconf 89' lang='grc'>616116</span> <span class='ocrx_word' id='word_1_557' title='bbox 300 4445 391 4494; x_wconf 88' lang='lat' dir='ltr'><strong>autem</strong></span> <span class='ocrx_word' id='word_1_558' title='bbox 417 4436 549 4508; x_wconf 88' lang='lat' dir='ltr'><strong>operibns</strong></span> <span class='ocrx_word' id='word_1_559' title='bbox 562 4435 678 4508; x_wconf 82' lang='lat' dir='ltr'><strong>vigilans</strong></span> <span class='ocrx_word' id='word_1_560' title='bbox 701 4434 748 4490; x_wconf 93' lang='lat' dir='ltr'><strong>ille</strong></span> <span class='ocrx_word' id='word_1_561' title='bbox 772 4441 851 4505; x_wconf 88' lang='lat' dir='ltr'><strong>pater</strong></span> <span class='ocrx_word' id='word_1_562' title='bbox 864 4434 1014 4504; x_wconf 89' lang='lat' dir='ltr'><strong>piissimus,</strong></span> <span class='ocrx_word' id='word_1_563' title='bbox 1027 4410 1164 4504; x_wconf 79' lang='lat' dir='ltr'><strong>Diadum,</strong></span> <span class='ocrx_word' id='word_1_564' title='bbox 1189 4437 1302 4504; x_wconf 77' lang='lat' dir='ltr'><strong>Parmae,</strong></span> <span class='ocrx_word' id='word_1_565' title='bbox 1327 4434 1485 4504; x_wconf 77' lang='lat' dir='ltr'><strong>Placentia,</strong></span> <span class='ocrx_word' id='word_1_566' title='bbox 1509 4437 1598 4504; x_wconf 85' lang='lat' dir='ltr'><strong>Bobii,</strong></span> <span class='ocrx_word' id='word_1_567' title='bbox 1627 4438 1738 4503; x_wconf 82' lang='grc'>166661,</span> <span class='ocrx_word' id='word_1_568' title='bbox 1761 4438 1884 4505; x_wconf 70' lang='grc'>1161616,</span> 
     </span>
     <span class='ocr_line' id='line_1_48' title="bbox 195 4522 1888 4598; baseline 0.001 -14"><span class='ocrx_word' id='word_1_569' title='bbox 195 4541 258 4584; x_wconf 90' lang='grc'><strong>666</strong></span> <span class='ocrx_word' id='word_1_570' title='bbox 279 4526 307 4582; x_wconf 90' lang='grc'><strong>16</strong></span> <span class='ocrx_word' id='word_1_571' title='bbox 329 4524 557 4596; x_wconf 90' lang='lat' dir='ltr'><strong>archiepiscopali</strong></span> <span class='ocrx_word' id='word_1_572' title='bbox 576 4523 642 4581; x_wconf 90' lang='lat' dir='ltr'><strong>sede</strong></span> <span class='ocrx_word' id='word_1_573' title='bbox 660 4538 686 4580; x_wconf 90' lang='lat' dir='ltr'><strong>a.</strong></span> <span class='ocrx_word' id='word_1_574' title='bbox 707 4522 742 4578; x_wconf 84' lang='grc'><strong>33</strong></span> <span class='ocrx_word' id='word_1_575' title='bbox 761 4529 789 4579; x_wconf 89' lang='grc'><strong>61</strong></span> <span class='ocrx_word' id='word_1_576' title='bbox 807 4523 905 4580; x_wconf 88' lang='lat' dir='ltr'><strong>diebus</strong></span> <span class='ocrx_word' id='word_1_577' title='bbox 924 4523 959 4579; x_wconf 81' lang='lat'><strong>23</strong></span> <span class='ocrx_word' id='word_1_578' title='bbox 973 4537 1016 4580; x_wconf 91' lang='lat' dir='ltr'><strong>se·</strong></span> <span class='ocrx_word' id='word_1_579' title='bbox 1057 4528 1190 4598; x_wconf 80' lang='lat' dir='ltr'><strong>Pergami,</strong></span> <span class='ocrx_word' id='word_1_580' title='bbox 1215 4526 1367 4594; x_wconf 81' lang='lat' dir='ltr'><strong>Cremona,</strong></span> <span class='ocrx_word' id='word_1_581' title='bbox 1390 4528 1545 4594; x_wconf 85' lang='lat' dir='ltr'><strong>Cumarum,</strong></span> <span class='ocrx_word' id='word_1_582' title='bbox 1570 4525 1765 4594; x_wconf 84' lang='lat' dir='ltr'><strong>vercellarum,</strong></span> <span class='ocrx_word' id='word_1_583' title='bbox 1794 4527 1888 4586; x_wconf 77' lang='grc'>6666-</span> 
     </span>
     <span class='ocr_line' id='line_1_49' title="bbox 196 4611 1885 4688; baseline 0.001 -14"><span class='ocrx_word' id='word_1_584' title='bbox 196 4617 293 4684; x_wconf 90' lang='lat' dir='ltr'><strong>disset,</strong></span> <span class='ocrx_word' id='word_1_585' title='bbox 319 4629 344 4670; x_wconf 92' lang='lat' dir='ltr'><strong>a.</strong></span> <span class='ocrx_word' id='word_1_586' title='bbox 373 4613 450 4670; x_wconf 81' lang='lat'>1295.</span> <span class='ocrx_word' id='word_1_587' title='bbox 467 4613 512 4669; x_wconf 91' lang='lat' dir='ltr'><strong>die</strong></span> <span class='ocrx_word' id='word_1_588' title='bbox 531 4611 688 4684; x_wconf 71' lang='grc'>61666611</span> <span class='ocrx_word' id='word_1_589' title='bbox 708 4617 821 4669; x_wconf 91' lang='lat' dir='ltr'><strong>vocatus</strong></span> <span class='ocrx_word' id='word_1_590' title='bbox 834 4612 869 4668; x_wconf 89' lang='lat' dir='ltr'><strong>de</strong></span> <span class='ocrx_word' id='word_1_591' title='bbox 895 4612 1017 4670; x_wconf 88' lang='lat' dir='ltr'><strong>tenebris</strong></span> <span class='ocrx_word' id='word_1_592' title='bbox 1058 4617 1116 4684; x_wconf 77' lang='lat' dir='ltr'><strong>ries,</strong></span> <span class='ocrx_word' id='word_1_593' title='bbox 1132 4613 1885 4688; x_wconf 75' lang='grc' dir='ltr'>166,Τ661666,116666666;66166116116666616-</span> 
     </span>
     <span class='ocr_line' id='line_1_50' title="bbox 194 4702 1884 4777; baseline -0.001 -13"><span class='ocrx_word' id='word_1_594' title='bbox 194 4707 276 4777; x_wconf 87' lang='lat' dir='ltr'><strong>hujus</strong></span> <span class='ocrx_word' id='word_1_595' title='bbox 303 4704 357 4761; x_wconf 89' lang='lat' dir='ltr'><strong>vite</strong></span> <span class='ocrx_word' id='word_1_596' title='bbox 389 4703 423 4760; x_wconf 88' lang='lat' dir='ltr'><strong>ad</strong></span> <span class='ocrx_word' id='word_1_597' title='bbox 456 4704 571 4774; x_wconf 89' lang='lat' dir='ltr'><strong>patriam</strong></span> <span class='ocrx_word' id='word_1_598' title='bbox 604 4702 733 4759; x_wconf 84' lang='lat' dir='ltr'><strong>celestem</strong></span> <span class='ocrx_word' id='word_1_599' title='bbox 766 4702 899 4773; x_wconf 84' lang='lat' dir='ltr'><strong>migravit.</strong></span> <span class='ocrx_word' id='word_1_600' title='bbox 934 4705 1018 4774; x_wconf 76' lang='lat' dir='ltr'><strong>cuius</strong></span> <span class='ocrx_word' id='word_1_601' title='bbox 1058 4703 1309 4773; x_wconf 89' lang='lat' dir='ltr'><strong>veratetparabat</strong></span> <span class='ocrx_word' id='word_1_602' title='bbox 1331 4703 1584 4771; x_wconf 74' lang='lat' dir='ltr'><strong>suessoniensem</strong></span> <span class='ocrx_word' id='word_1_603' title='bbox 1607 4703 1725 4762; x_wconf 86' lang='lat' dir='ltr'><strong>heredes</strong></span> <span class='ocrx_word' id='word_1_604' title='bbox 1747 4706 1884 4776; x_wconf 79' lang='lat' dir='ltr'><strong>ejusipsi</strong></span> 
     </span>
     <span class='ocr_line' id='line_1_51' title="bbox 193 4791 1883 4866; baseline 0.001 -15"><span class='ocrx_word' id='word_1_605' title='bbox 193 4809 295 4866; x_wconf 88' lang='lat' dir='ltr'><strong>corpus</strong></span> <span class='ocrx_word' id='word_1_606' title='bbox 315 4796 390 4864; x_wconf 82' lang='lat' dir='ltr'><strong>jacet</strong></span> <span class='ocrx_word' id='word_1_607' title='bbox 413 4793 441 4849; x_wconf 93' lang='lat' dir='ltr'><strong>in</strong></span> <span class='ocrx_word' id='word_1_608' title='bbox 464 4793 669 4863; x_wconf 89' lang='lat' dir='ltr'><strong>suprascripta</strong></span> <span class='ocrx_word' id='word_1_609' title='bbox 688 4791 793 4862; x_wconf 90' lang='lat' dir='ltr'><strong>capella</strong></span> <span class='ocrx_word' id='word_1_610' title='bbox 812 4792 891 4848; x_wconf 91' lang='lat' dir='ltr'><strong>beate</strong></span> <span class='ocrx_word' id='word_1_611' title='bbox 905 4793 1018 4864; x_wconf 79' lang='lat' dir='ltr'><strong>Agnetis</strong></span> <span class='ocrx_word' id='word_1_612' title='bbox 1058 4792 1183 4848; x_wconf 81' lang='grc'>66616616</span> <span class='ocrx_word' id='word_1_613' title='bbox 1202 4791 1381 4860; x_wconf 86' lang='lat' dir='ltr'><strong>dimisissent,</strong></span> <span class='ocrx_word' id='word_1_614' title='bbox 1400 4791 1460 4862; x_wconf 90' lang='lat' dir='ltr'><strong>lpse</strong></span> <span class='ocrx_word' id='word_1_615' title='bbox 1475 4805 1531 4850; x_wconf 95' lang='lat' dir='ltr'><strong>non</strong></span> <span class='ocrx_word' id='word_1_616' title='bbox 1550 4792 1641 4862; x_wconf 93' lang='lat' dir='ltr'><strong>potuit</strong></span> <span class='ocrx_word' id='word_1_617' title='bbox 1658 4793 1883 4865; x_wconf 54' lang='grc'>6166666661-</span> 
     </span>
     <span class='ocr_line' id='line_1_52' title="bbox 192 4878 1882 4952; baseline 0.002 -13"><span class='ocrx_word' id='word_1_618' title='bbox 192 4884 221 4940; x_wconf 91' lang='lat' dir='ltr'><strong>in</strong></span> <span class='ocrx_word' id='word_1_619' title='bbox 249 4884 332 4940; x_wconf 89' lang='lat' dir='ltr'><strong>archa</strong></span> <span class='ocrx_word' id='word_1_620' title='bbox 360 4894 513 4938; x_wconf 90' lang='lat' dir='ltr'><strong>marmorea</strong></span> <span class='ocrx_word' id='word_1_621' title='bbox 542 4881 673 4938; x_wconf 87' lang='lat' dir='ltr'><strong>decenter</strong></span> <span class='ocrx_word' id='word_1_622' title='bbox 692 4881 818 4952; x_wconf 89' lang='lat' dir='ltr'><strong>sculpta,</strong></span> <span class='ocrx_word' id='word_1_623' title='bbox 848 4880 886 4937; x_wconf 91' lang='lat' dir='ltr'><strong>ibi</strong></span> <span class='ocrx_word' id='word_1_624' title='bbox 913 4881 1017 4938; x_wconf 86' lang='lat' dir='ltr'><strong>elevata</strong></span> <span class='ocrx_word' id='word_1_625' title='bbox 1058 4881 1124 4937; x_wconf 88' lang='lat' dir='ltr'><strong>licet</strong></span> <span class='ocrx_word' id='word_1_626' title='bbox 1149 4881 1236 4938; x_wconf 86' lang='lat' dir='ltr'><strong>libros</strong></span> <span class='ocrx_word' id='word_1_627' title='bbox 1259 4881 1287 4936; x_wconf 92' lang='lat' dir='ltr'><strong>in</strong></span> <span class='ocrx_word' id='word_1_628' title='bbox 1315 4879 1406 4938; x_wconf 89' lang='grc'>616616</span> <span class='ocrx_word' id='word_1_629' title='bbox 1420 4886 1449 4938; x_wconf 90' lang='grc'><strong>61</strong></span> <span class='ocrx_word' id='word_1_630' title='bbox 1467 4878 1616 4952; x_wconf 78' lang='lat' dir='ltr'><strong>theologia,</strong></span> <span class='ocrx_word' id='word_1_631' title='bbox 1637 4881 1749 4950; x_wconf 86' lang='lat' dir='ltr'><strong>calices,</strong></span> <span class='ocrx_word' id='word_1_632' title='bbox 1768 4897 1882 4952; x_wconf 88' lang='lat' dir='ltr'><strong>cruces,</strong></span> 
     </span>
     <span class='ocr_line' id='line_1_53' title="bbox 194 4969 1783 5042; baseline 0 -14"><span class='ocrx_word' id='word_1_633' title='bbox 194 4977 257 5042; x_wconf 92' lang='lat' dir='ltr'><strong>post</strong></span> <span class='ocrx_word' id='word_1_634' title='bbox 274 4971 360 5028; x_wconf 88' lang='lat' dir='ltr'><strong>altare</strong></span> <span class='ocrx_word' id='word_1_635' title='bbox 385 4969 491 5040; x_wconf 88' lang='lat' dir='ltr'><strong>ipsius;</strong></span> <span class='ocrx_word' id='word_1_636' title='bbox 511 4970 590 5041; x_wconf 85' lang='lat' dir='ltr'><strong>cujus</strong></span> <span class='ocrx_word' id='word_1_637' title='bbox 613 4970 703 5026; x_wconf 89' lang='lat' dir='ltr'><strong>anima</strong></span> <span class='ocrx_word' id='word_1_638' title='bbox 726 4983 777 5039; x_wconf 86' lang='lat' dir='ltr'><strong>per</strong></span> <span class='ocrx_word' id='word_1_639' title='bbox 795 4970 843 5026; x_wconf 90' lang='lat' dir='ltr'><strong>bei</strong></span> <span class='ocrx_word' id='word_1_640' title='bbox 863 4969 1018 5028; x_wconf 74' lang='lat' dir='ltr'><strong>misericor</strong></span> <span class='ocrx_word' id='word_1_641' title='bbox 1058 4971 1158 5042; x_wconf 80' lang='lat' dir='ltr'><strong>tlguras</strong></span> <span class='ocrx_word' id='word_1_642' title='bbox 1172 4973 1339 5040; x_wconf 88' lang='lat' dir='ltr'><strong>sanctorum,</strong></span> <span class='ocrx_word' id='word_1_643' title='bbox 1355 4984 1454 5027; x_wconf 89' lang='lat' dir='ltr'><strong>aureas</strong></span> <span class='ocrx_word' id='word_1_644' title='bbox 1467 4971 1571 5038; x_wconf 90' lang='lat' dir='ltr'><strong>mitras,</strong></span> <span class='ocrx_word' id='word_1_645' title='bbox 1587 4970 1711 5039; x_wconf 85' lang='lat' dir='ltr'><strong>baculos,</strong></span> <span class='ocrx_word' id='word_1_646' title='bbox 1727 4977 1783 5030; x_wconf 90' lang='grc'>616.</span> 
     </span>
     <span class='ocr_line' id='line_1_54' title="bbox 872 5060 1196 5118; baseline 0.003 -4"><span class='ocrx_word' id='word_1_647' title='bbox 872 5060 984 5115; x_wconf 83' lang='lat' dir='ltr'><strong>llhlllAE</strong></span> <span class='ocrx_word' id='word_1_648' title='bbox 1003 5061 1196 5118; x_wconf 84' lang='lat' dir='ltr'><strong>LECTlONiis.</strong></span> 
     </span>
     <span class='ocr_line' id='line_1_55' title="bbox 230 5135 1724 5213; baseline 0.001 -18"><span class='ocrx_word' id='word_1_649' title='bbox 230 5137 550 5213; x_wconf 69' lang='grc'><strong>711116666611116616166</strong></span> <span class='ocrx_word' id='word_1_650' title='bbox 564 5140 593 5195; x_wconf 86' lang='grc'><strong>16</strong></span> <span class='ocrx_word' id='word_1_651' title='bbox 606 5139 692 5195; x_wconf 87' lang='lat' dir='ltr'><strong>medin</strong></span> <span class='ocrx_word' id='word_1_652' title='bbox 704 5138 812 5212; x_wconf 77' lang='lat' dir='ltr'><strong>punina.</strong></span> <span class='ocrx_word' id='word_1_653' title='bbox 828 5135 904 5194; x_wconf 84' lang='grc'>11166</span> <span class='ocrx_word' id='word_1_654' title='bbox 918 5139 946 5195; x_wconf 88' lang='grc'><strong>16</strong></span> <span class='ocrx_word' id='word_1_655' title='bbox 958 5141 1077 5211; x_wconf 82' lang='lat' dir='ltr'><strong>sequenti</strong></span> <span class='ocrx_word' id='word_1_656' title='bbox 1086 5141 1186 5212; x_wconf 81' lang='lat' dir='ltr'><strong>pupius</strong></span> <span class='ocrx_word' id='word_1_657' title='bbox 1200 5140 1334 5212; x_wconf 79' lang='lat' dir='ltr'><strong>sequentia</strong></span> <span class='ocrx_word' id='word_1_658' title='bbox 1347 5139 1455 5211; x_wconf 78' lang='lat' dir='ltr'><strong>subjecit</strong></span> <span class='ocrx_word' id='word_1_659' title='bbox 1464 5139 1547 5198; x_wconf 84' lang='lat' dir='ltr'><strong>medio</strong></span> <span class='ocrx_word' id='word_1_660' title='bbox 1561 5155 1623 5196; x_wconf 82' lang='lat' dir='ltr'><strong>sce.</strong></span> <span class='ocrx_word' id='word_1_661' title='bbox 1642 5143 1724 5198; x_wconf 81' lang='lat' dir='ltr'><em>XIV.</em></span> 
     </span>
    </p>
   </div>
   <div class='ocr_carea' id='block_1_3' title="bbox 227 5307 1882 5665">
    <p class='ocr_par' dir='ltr' id='par_1_3' title="bbox 227 5307 1882 5663">
     <span class='ocr_line' id='line_1_56' title="bbox 228 5307 1882 5380; baseline 0.006 -20"><span class='ocrx_word' id='word_1_662' title='bbox 228 5307 299 5377; x_wconf 85' lang='grc'>(163)</span> <span class='ocrx_word' id='word_1_663' title='bbox 319 5308 463 5378; x_wconf 79' lang='grc'>16666616,</span> <span class='ocrx_word' id='word_1_664' title='bbox 483 5309 518 5367; x_wconf 91' lang='grc'><strong>66</strong></span> <span class='ocrx_word' id='word_1_665' title='bbox 533 5309 622 5366; x_wconf 89' lang='grc'>16666</span> <span class='ocrx_word' id='word_1_666' title='bbox 640 5307 805 5364; x_wconf 87' lang='lat' dir='ltr'><strong>verbanum.</strong></span> <span class='ocrx_word' id='word_1_667' title='bbox 1092 5308 1166 5380; x_wconf 84' lang='grc'>(168)</span> <span class='ocrx_word' id='word_1_668' title='bbox 1193 5311 1250 5365; x_wconf 89' lang='grc'><strong>166</strong></span> <span class='ocrx_word' id='word_1_669' title='bbox 1273 5309 1450 5368; x_wconf 90' lang='lat' dir='ltr'><strong>innocentius</strong></span> <span class='ocrx_word' id='word_1_670' title='bbox 1470 5311 1514 5378; x_wconf 86' lang='lat' dir='ltr'><strong>vl,</strong></span> <span class='ocrx_word' id='word_1_671' title='bbox 1539 5307 1682 5367; x_wconf 88' lang='grc'>6166666</span> <span class='ocrx_word' id='word_1_672' title='bbox 1704 5315 1782 5368; x_wconf 89' lang='lat' dir='ltr'><strong>recte</strong></span> <span class='ocrx_word' id='word_1_673' title='bbox 1806 5311 1882 5370; x_wconf 90' lang='lat' dir='ltr'><strong>indi·</strong></span> 
     </span>
     <span class='ocr_line' id='line_1_57' title="bbox 231 5377 1540 5451; baseline 0.002 -18"><span class='ocrx_word' id='word_1_674' title='bbox 231 5379 290 5448; x_wconf 85' lang='grc'>(164</span> <span class='ocrx_word' id='word_1_675' title='bbox 318 5382 397 5438; x_wconf 87' lang='lat' dir='ltr'><strong>Nunc</strong></span> <span class='ocrx_word' id='word_1_676' title='bbox 410 5383 528 5439; x_wconf 80' lang='grc'>0666666</span> <span class='ocrx_word' id='word_1_677' title='bbox 542 5383 677 5451; x_wconf 82' lang='grc'>11666666</span> <span class='ocrx_word' id='word_1_678' title='bbox 697 5379 783 5450; x_wconf 90' lang='lat' dir='ltr'><strong>probe</strong></span> <span class='ocrx_word' id='word_1_679' title='bbox 796 5377 941 5436; x_wconf 86' lang='lat' dir='ltr'><strong>Gallarate.</strong></span> <span class='ocrx_word' id='word_1_680' title='bbox 1054 5381 1176 5447; x_wconf 72' lang='grc'>666166.</span> <span class='ocrx_word' id='word_1_681' title='bbox 1192 5379 1293 5437; x_wconf 86' lang='lat' dir='ltr'><strong>Giulini</strong></span> <span class='ocrx_word' id='word_1_682' title='bbox 1307 5381 1411 5438; x_wconf 89' lang='lat' dir='ltr'><strong>contin.</strong></span> <span class='ocrx_word' id='word_1_683' title='bbox 1426 5382 1461 5437; x_wconf 93' lang='lat' dir='ltr'><strong>ll.</strong></span> <span class='ocrx_word' id='word_1_684' title='bbox 1479 5379 1540 5436; x_wconf 80' lang='grc'>1116.</span> 
     </span>
     <span class='ocr_line' id='line_1_58' title="bbox 231 5449 1878 5526; baseline 0.005 -23"><span class='ocrx_word' id='word_1_685' title='bbox 231 5449 291 5514; x_wconf 88' lang='grc'>(165</span> <span class='ocrx_word' id='word_1_686' title='bbox 318 5453 413 5509; x_wconf 82' lang='grc'>111616</span> <span class='ocrx_word' id='word_1_687' title='bbox 427 5454 526 5510; x_wconf 78' lang='lat' dir='ltr'><strong>Gnosso</strong></span> <span class='ocrx_word' id='word_1_688' title='bbox 544 5467 594 5509; x_wconf 89' lang='lat' dir='ltr'><strong>seu</strong></span> <span class='ocrx_word' id='word_1_689' title='bbox 608 5452 763 5521; x_wconf 81' lang='grc'>1116666666.</span> <span class='ocrx_word' id='word_1_690' title='bbox 1092 5451 1276 5517; x_wconf 74' lang='grc'>1169166666</span> <span class='ocrx_word' id='word_1_691' title='bbox 1301 5452 1369 5506; x_wconf 74' lang='lat'>1342</span> <span class='ocrx_word' id='word_1_692' title='bbox 1385 5452 1440 5510; x_wconf 86' lang='lat' dir='ltr'><strong>Jul.</strong></span> <span class='ocrx_word' id='word_1_693' title='bbox 1468 5451 1519 5516; x_wconf 69' lang='lat'><strong>17:</strong></span> <span class='ocrx_word' id='word_1_694' title='bbox 1542 5466 1569 5508; x_wconf 92' lang='lat' dir='ltr'><strong>v.</strong></span> <span class='ocrx_word' id='word_1_695' title='bbox 1593 5452 1695 5510; x_wconf 83' lang='lat' dir='ltr'><strong>Giullni</strong></span> <span class='ocrx_word' id='word_1_696' title='bbox 1717 5451 1828 5511; x_wconf 88' lang='lat' dir='ltr'><strong>contin.</strong></span> <span class='ocrx_word' id='word_1_697' title='bbox 1855 5455 1878 5526; x_wconf 95' lang='lat' dir='ltr'><strong>l,</strong></span> 
     </span>
     <span class='ocr_line' id='line_1_59' title="bbox 227 5520 1538 5663; baseline -0.002 -83"><span class='ocrx_word' id='word_1_698' title='bbox 227 5520 297 5663; x_wconf 38' lang='grc' dir='ltr'><strong>ἧς)</strong></span> <span class='ocrx_word' id='word_1_699' title='bbox 318 5523 462 5651; x_wconf 47' lang='grc'>0666661666</span> <span class='ocrx_word' id='word_1_700' title='bbox 469 5526 518 5652; x_wconf 46' lang='grc' dir='ltr'><em>ὢ</em></span> <span class='ocrx_word' id='word_1_701' title='bbox 520 5523 601 5594; x_wconf 88' lang='lat' dir='ltr'><strong>plebe</strong></span> <span class='ocrx_word' id='word_1_702' title='bbox 614 5523 744 5595; x_wconf 74' lang='lat' dir='ltr'><strong>tegnam.</strong></span> <span class='ocrx_word' id='word_1_703' title='bbox 1052 5521 1115 5579; x_wconf 80' lang='grc'>136.</span> <span class='ocrx_word' id='word_1_704' title='bbox 1131 5523 1205 5579; x_wconf 90' lang='lat' dir='ltr'><strong>Obiit</strong></span> <span class='ocrx_word' id='word_1_705' title='bbox 1218 5537 1243 5580; x_wconf 90' lang='lat' dir='ltr'><strong>a.</strong></span> <span class='ocrx_word' id='word_1_706' title='bbox 1262 5521 1348 5589; x_wconf 82' lang='lat'><strong>1354;</strong></span> <span class='ocrx_word' id='word_1_707' title='bbox 1364 5523 1415 5591; x_wconf 78' lang='lat' dir='ltr'><strong>ib..</strong></span> <span class='ocrx_word' id='word_1_708' title='bbox 1430 5538 1458 5594; x_wconf 93' lang='lat' dir='ltr'><strong>p.</strong></span> <span class='ocrx_word' id='word_1_709' title='bbox 1474 5523 1538 5579; x_wconf 84' lang='lat'><strong>538.</strong></span> 
     </span>
    </p>

    <p class='ocr_par' dir='ltr' id='par_1_4' title="bbox 318 5605 544 5665">
     <span class='ocr_line' id='line_1_60' title="bbox 318 5605 544 5665; baseline 0.022 -18"><span class='ocrx_word' id='word_1_710' title='bbox 318 5605 390 5650; x_wconf 90' lang='lat' dir='ltr'><strong>nunc</strong></span> <span class='ocrx_word' id='word_1_711' title='bbox 441 5609 468 5651; x_wconf 86' lang='lat' dir='ltr'><strong>es</strong></span> <span class='ocrx_word' id='word_1_712' title='bbox 517 5610 544 5665; x_wconf 85' lang='lat' dir='ltr'><strong>p.</strong></span> 
     </span>
    </p>
   </div>
   <div class='ocr_carea' id='block_1_4' title="bbox 0 0 2022 6150">
    <p class='ocr_par' dir='ltr' id='par_1_5' title="bbox 0 0 2022 6150">
     <span class='ocr_line' id='line_1_61' title="bbox 0 0 2022 6150; baseline 0 0"><span class='ocrx_word' id='word_1_713' title='bbox 0 0 2022 6150; x_wconf 95' lang='lat' dir='ltr'><strong> </strong></span> 
     </span>
    </p>
   </div>
  </div>
 </body>
</html>
