4024 6174
234 336 285 392 431
718 338 906 395 pharmothi
926 335 1133 396 ammonitam
1151 333 1429 392 constantiensis
1853 327 1901 384 432

236 464 325 520 sancti
339 461 421 520 Blasii
451 460 530 534 (204)
549 477 611 520 cum
638 461 782 519 omnifario
813 463 949 531 exequiali
964 461 1150 527 debitohsis,
1166 458 1289 530 quamuis
1312 456 1458 523 simulata,
1482 455 1660 515 obaedientiae
1687 456 1746 525 ejus
1761 455 1912 524 compertis,

236 551 359 609 oltlciose
378 553 446 608 satis
459 551 654 622 sepeliebatur.
1098 549 1172 606 eirca
1191 551 1401 619 pentetecosten
1426 543 1460 600 ad
1490 558 1551 602 eum
1576 544 1752 612 Radapouam
1787 556 1915 613 peruene-

271 641 330 696 Rex
353 647 444 696 autem
471 638 625 696 Roudullus
649 639 703 708 jam
732 638 830 695 viduus
858 637 955 706 iactus,
985 640 1057 710 apud
1099 646 1173 694 runt.
1194 637 1246 693 Ubi
1269 648 1324 692 non
1352 635 1421 691 satis
1444 633 1586 706 magnifice
1618 632 1765 703 acceptati,
1781 633 1914 703 negotium

236 729 387 785 Gosiariam
410 727 512 798 pascha
533 726 676 798 magnilica
699 725 858 794 celebravit,
890 732 918 783 et
946 726 1059 798 expedi·
1099 740 1150 796 pro
1173 737 1229 795 quo
1253 724 1416 779 missisunt
1440 736 1491 794 pro
1515 723 1619 779 uiribus
1641 721 1741 792 exequi
1756 727 1916 792 pertempta·

236 817 339 874 tionem
354 830 441 882 suam,
456 815 656 886 quamprimum
685 815 864 887 optimatibus
890 815 948 872 suls
976 829 1058 885 opor·
1099 816 1175 872 bant.
1190 816 1303 870 ιιιιιιιιιιι
1327 826 1392 868 uero
1417 812 1565 882 plurimum
1588 812 1771 883 totoingenio
1786 811 1918 866 etartih-

237 912 332 961 tunum
358 905 507 969 rideretur,
540 905 570 960 ιιι
602 904 762 961 heinricum
799 905 959 970 acerrimus,
990 905 1058 958 satis
1099 903 1215 975 eioregi
1239 903 1419 957 instanteset
1441 901 1632 971 surripientes,
1656 899 1918 957 rixabeoverbia·

236 993 387 1062 prudenter
400 992 583 1062 disponebat;
617 1006 668 1048 nee
694 1006 749 1049 non
774 999 831 1049 tota
854 993 971 1049 saxonia
990 1005 1057 1061 pace
1099 992 1162 1048 liter
1187 998 1292 1048 tantum
1316 1004 1480 1062 quamquam
1508 991 1584 1060 pacis
1610 989 1754 1055 simulatae,
1784 995 1812 1044 et
1835 987 1918 1044 coilo

236 1082 389 1138 firmissima
416 1081 578 1136 mirabiliter
605 1082 726 1148 connita,
761 1081 842 1152 legali
870 1081 961 1152 gentis
984 1079 1058 1136 iliius
1099 1081 1155 1150 quii
1180 1081 1274 1136 Romae
1298 1079 1326 1134 in
1350 1079 1447 1149 synodi
1472 1077 1611 1134 audientia
1635 1092 1685 1148 per
1699 1077 1817 1147 legatum
1832 1076 1918 1146 ipsius

234 1173 296 1241 jnre
320 1175 347 1226 et
370 1169 577 1236 constitutione,
600 1170 734 1240 judicium
759 1177 786 1226 el
802 1169 935 1238 justitiam
954 1169 1057 1239 absque
1098 1169 1192 1238 jurati,
1227 1168 1430 1225 laudamentum
1458 1175 1486 1224 ot
1514 1179 1679 1224 consensum
1707 1164 1916 1235 extorquebant.

237 1270 414 1327 personarum
442 1259 605 1328 acceptione
633 1258 760 1313 omnibus
789 1258 859 1314 inid
882 1259 970 1327 ipsum
985 1257 1057 1326 aequi
1099 1259 1132 1314 Et
1146 1258 1237 1314 missis
1260 1258 1350 1313 statim
1367 1270 1424 1325 pra
1442 1269 1472 1311 se
1487 1256 1515 1311 ιιι
1539 1255 1682 1312 saxoniam
1705 1255 1738 1310 ad
1754 1253 1919 1311 Roudoiium

237 1346 456 1402 servantissimus
483 1345 674 1403 sollertissime
710 1344 837 1401 iaciebat.
866 1346 963 1402 Filium
991 1358 1057 1401 nero
1098 1361 1190 1418 regem
1206 1355 1234 1402 et
1255 1347 1289 1402 ad
1313 1353 1431 1402 caeteros
1453 1346 1590 1402 Saxonum
1614 1344 1764 1415 principes,
1788 1356 1840 1400 nec
1864 1358 1920 1400 non

238 1434 312 1501 iliius
342 1433 433 1505 (205),
457 1434 502 1489 cui
521 1435 575 1503 jann
601 1434 713 1504 parvulo
737 1434 826 1490 adhuc
852 1433 1057 1490 decalmatio·
1098 1435 1132 1492 ad
1147 1436 1245 1492 ducem
1273 1433 1425 1492 Weilunem
1448 1442 1477 1490 et
1505 1434 1716 1490 alemannorum
1742 1432 1870 1490 meliores
1893 1441 1922 1489 et

238 1525 355 1580 anauniae
370 1539 386 1578 a
409 1537 474 1594 rege
497 1523 627 1579 heinrico
654 1523 795 1593 delegatus
818 1529 870 1590 est,
895 1521 951 1578 dux
968 1519 1056 1578 Wello
1099 1527 1217 1596 majores
1239 1524 1346 1594 legatis,
1363 1522 1566 1580 demandabant
1585 1523 1635 1591 eis,
1652 1529 1682 1577 ut
1695 1528 1723 1578 et
1738 1522 1791 1591 ipsi
1804 1523 1840 1578 ob
1855 1535 1920 1578 ean-

234 1628 296 1670 cum
316 1612 459 1670 nonnuliis
481 1611 638 1668 senioribus
657 1612 704 1681 qui
727 1611 761 1667 ad
785 1625 846 1668 eum
871 1611 1055 1682 pertinebant,
1098 1613 1160 1669 dem
1189 1627 1297 1669 causam
1325 1626 1417 1668 seeum
1444 1611 1612 1668 tractandam
1636 1611 1670 1667 ad
1693 1611 1876 1668 i'ritesiariam
1891 1612 1920 1667 in

234 1707 401 1772 assumptum
418 1699 522 1756 Ulmam
545 1699 743 1770 perduxerunt,
767 1699 849 1770 eique
868 1713 897 1755 se
912 1713 973 1755 oum
989 1699 1058 1755 eivi-
1099 1702 1228 1760 condicto
1257 1703 1302 1758 die
1328 1701 1380 1758 sibi
1404 1705 1593 1758 occurrerent.
1617 1702 1673 1756 Nec
1688 1713 1774 1769 mora,
1790 1705 1920 1771 percepta

234 1791 361 1860 busjure
383 1788 466 1846 solito
489 1787 682 1856 subdiderunt,
711 1790 904 1860 communique
927 1788 1255 1862 suffragioBhujnsmodi
1284 1791 1431 1862 legatione,
1458 1791 1579 1847 &nones
1607 1803 1669 1846 cum
1696 1803 1761 1861 rege
1784 1803 1835 1845 suo
1851 1803 1921 1859 prae-

234 1888 263 1938 et
289 1880 464 1936 laudamento
479 1878 620 1936 dominum
642 1878 696 1936 sibi
711 1884 738 1935 et
761 1879 859 1934 ducem
875 1892 948 1936 nunc
963 1879 1055 1936 denuo
1096 1881 1184 1951 ceptis
1203 1880 1363 1950 apostolicis
1392 1879 1632 1947 oboedientissimi,
1659 1879 1736 1948 juxta
1770 1877 1844 1949 quod
1875 1878 1922 1934 de·

233 1969 472 2027 confirmaverunt.
1096 1967 1372 2026 mandatumestillis
1387 1974 1550 2040 peregerant

266 2058 324 2116 iilis
338 2066 428 2114 autem
443 2057 507 2113 inde
531 2055 642 2113 domum
667 2054 808 2126 digressis,
824 2069 917 2112 eomes
935 2055 1055 2112 Frideri-
1131 2059 1189 2114 Dur
1217 2065 1307 2113 autem
1348 2056 1436 2114 Weilo
1465 2057 1614 2128 caeterique
1647 2055 1682 2112 de
1709 2056 1867 2112 Alemannis
1889 2057 1921 2112 il-

231 2163 281 2206 eus
299 2147 423 2205 collectis
451 2145 642 2214 undecumque
657 2158 691 2200 ca
706 2151 783 2214 parte
799 2144 871 2214 regis
894 2144 1055 2201 suibustri·
1094 2145 1140 2202 luc
1154 2147 1290 2214 advocati,
1315 2147 1380 2203 dum
1408 2155 1436 2203 et
1470 2147 1523 2216 ipsi
1544 2148 1601 2216 jam
1631 2146 1724 2202 venire
1753 2145 1920 2215 paratissimi

230 2237 341 2304 inaneis,
366 2235 471 2303 Raetis,
507 2233 667 2298 Vindelicis,
701 2233 850 2305 Pagoariis,
885 2240 913 2288 et
935 2233 1054 2304 quibus·
1094 2233 1219 2302 luissent,
1253 2235 1394 2301 ductores,
1428 2235 1474 2305 qui
1512 2249 1527 2291 a
1560 2249 1624 2306 rege
1659 2235 1787 2291 ileinrico
1816 2234 1852 2291 ad
1876 2249 1922 2290 se-

230 2340 347 2397 cumque
372 2329 480 2395 poterat
507 2322 670 2380 militaribus
691 2322 789 2391 copiis,
814 2321 922 2392 etipse
946 2321 1050 2378 Ulmam
1095 2339 1190 2382 curum
1219 2325 1331 2381 ductum
1360 2325 1429 2396 ipsis
1456 2325 1589 2382 nominati
1617 2332 1692 2392 sunt,
1721 2325 1755 2380 ab
1783 2337 1817 2380 eo
1837 2325 1923 2381 solita

230 2428 286 2472 non
301 2416 361 2470 sine
376 2411 510 2484 periculo,
526 2411 583 2467 illic
603 2417 782 2480 pentecosten
805 2415 928 2477 acturus,
948 2410 1054 2466 invase·
1093 2415 1153 2480 ejus
1177 2411 1336 2483 perfidaque
1361 2412 1491 2468 vecordia
1517 2413 1630 2468 retracti
1659 2417 1733 2480 sunt,
1755 2425 1789 2468 ne
1804 2412 1839 2468 ad
1854 2426 1923 2469 con-

230 2509 293 2572 rat;
308 2509 351 2558 set
364 2502 460 2558 audito
474 2501 554 2556 ducis
568 2497 701 2555 Weilonis
715 2499 798 2554 citato
814 2499 841 2552 in
857 2497 973 2554 eundem
988 2512 1053 2555 con·
1093 2499 1196 2555 dictum
1211 2513 1260 2557 eos
1283 2499 1486 2570 perduxissent.
1516 2499 1669 2557 saxonibus
1696 2514 1808 2571 quoqne
1821 2501 1922 2558 eadem

231 2599 273 2648 tra
300 2606 330 2648 se
350 2591 438 2648 iocum
463 2588 558 2645 hostili
582 2588 695 2658 impetu,
721 2587 766 2642 vix
789 2595 955 2657 pernoctans
982 2587 1050 2656 illic,
1093 2587 1206 2659 pertidia
1230 2589 1341 2646 molitus
1365 2589 1489 2657 insidias,
1505 2589 1570 2645 dum
1598 2596 1627 2646 et
1654 2589 1707 2659 ipsi
1737 2591 1833 2658 patriae
1861 2605 1923 2646 snae

230 2694 292 2736 cum
317 2679 406 2735 tribus
429 2679 487 2734 suis
519 2676 657 2748 episcopis
677 2677 741 2732 inde
765 2689 858 2732 secum
882 2676 1052 2746 proturbatis
1092 2678 1161 2734 lines
1188 2679 1291 2750 egressi
1320 2679 1417 2750 legatis
1448 2678 1609 2750 apostolicis
1636 2679 1828 2746 occurrebant,
1863 2663 1946 2737 uon¹

229 2783 291 2826 curn
306 2768 443 2826 dedecore
459 2767 571 2824 timidus
590 2773 618 2821 et
632 2765 742 2821 inbellis
762 2764 823 2822 loco
852 2765 977 2822 cedebat.
994 2767 1052 2820 ltux
1092 2778 1196 2835 paucos
1220 2767 1377 2824 militarium
1402 2769 1542 2838 copiarum
1576 2780 1680 2824 cuneos
1706 2768 1740 2824 dc
1768 2768 1880 2824 boemia
1906 2783 1923 2824 a

228 2859 321 2929 itaque
350 2858 415 2914 iiiuc
448 2855 611 2926 ingreditur,
637 2862 664 2910 et
688 2861 750 2924 post
773 2852 913 2924 paululum
937 2854 1051 2910 obsesso
1093 2861 1170 2926 tergo
1199 2858 1239 2912 eis
1267 2857 1419 2925 inmiserat,
1447 2857 1494 2927 qui
1522 2857 1655 2913 terminos
1680 2856 1790 2913 illorum
1817 2859 1923 2914 irrum-

227 2946 286 3002 iliic
301 2947 329 3002 in
350 2946 476 3016 proximo
500 2943 619 3014 quodam
641 2943 797 2999 firmissimo
821 2941 935 2998 castello
958 2941 1050 3013 (296),
1093 2951 1191 3013 pentes
1218 2959 1250 3000 ac
1264 2945 1448 3012 devastantes,
1465 2959 1546 3007 manu
1561 2945 1727 3016 praedatoria
1741 2945 1921 3016 diripientes,

229 3035 263 3090 ad
278 3034 406 3104 injuriam
420 3033 554 3089 Friderici
570 3031 696 3102 predicti
711 3031 773 3101 plus
787 3045 868 3101 quam
883 3031 952 3086 duas
966 3032 1053 3088 ebdo·
1091 3045 1194 3101 eosque
1218 3034 1357 3091 hostiliter
1379 3034 1545 3091 omnimodis
1564 3035 1752 3091 molestarent.
1777 3037 1853 3102 Quos
1868 3043 1922 3092 ta-

139 3139 144 3149 *
228 3122 323 3180 mades
337 3121 413 3178 ilium
440 3121 542 3176 ibidem
556 3120 610 3175 sibi
625 3134 715 3190 pugna
738 3133 949 3191 congressurum
963 3120 1165 3188 audaaCmen,
1192 3122 1263 3179 malo
1278 3136 1328 3179 suo
1352 3123 1417 3180 dum
1441 3124 1579 3179 marcham
1603 3124 1643 3180 sic
1661 3124 1829 3192 invaserant,
1846 3140 1922 3182 mar-

229 3211 312 3268 nimls
325 3218 353 3267 et
367 3208 516 3266 bellicosus
530 3207 705 3280 prestolatus
727 3214 780 3275 est,
804 3207 894 3266 donec
908 3208 1049 3264 machina-
1091 3209 1232 3266 chionales
1246 3219 1343 3268 turmae
1362 3213 1390 3268 in
1413 3225 1496 3268 unum
1526 3212 1661 3280 collectae,
1685 3213 1800 3270 incursu
1813 3213 1921 3272 bellico

229 3300 328 3358 mentis
342 3299 477 3356 balisticis
495 3311 557 3368 quae
581 3309 730 3368 mangones
746 3297 945 3364 theutonizant,
962 3304 1049 3354 totum
1090 3297 1251 3370 profligatos
1265 3303 1364 3372 partim
1388 3301 1594 3369 interfecerant,
1616 3303 1714 3372 partim
1728 3303 1815 3360 victos
1830 3319 1920 3374 cepe·

228 3389 314 3446 diruit
333 3387 498 3460 expugnarit
512 3385 687 3452 etintendit,
705 3384 925 3456 castellanosque
954 3399 1049 3442 omnes
1090 3392 1152 3456 rant
1175 3395 1276 3457 prater
1299 3403 1370 3460 quos
1394 3389 1456 3462 luga
1482 3390 1550 3460 ipsis
1576 3390 1756 3461 paucissimos
1773 3405 1858 3462 quam
1873 3394 1921 3450 rix

227 3481 288 3536 sine
306 3477 430 3549 qnalibet
444 3475 603 3534 conditione
621 3474 656 3531 ad
671 3474 840 3531 deditionem
867 3475 922 3531 sibi
943 3482 1049 3532 coarta-
1090 3475 1252 3546 diripuerat.

225 3569 274 3624 ιιι.
289 3567 448 3624 Fridericus
465 3571 556 3621 autem
575 3563 749 3636 congregatis
767 3563 895 3622 omnibus
908 3565 957 3634 qui
972 3570 1048 3620 tunm
1124 3567 1216 3637 Legati
1240 3581 1305 3623 nero
1336 3567 1481 3638 apostolici
1510 3567 1788 3625 honcmfleemissime
1812 3570 1922 3627 allo-

226 3665 349 3728 tempore
372 3655 630 3727 quomodocumque
655 3661 783 3726 poterant
805 3653 849 3722 ¹⁰²,
864 3660 893 3709 et
906 3653 1003 3710 videns
1017 3669 1048 3710 se
1088 3655 1203 3725 gentino
1229 3654 1439 3727 archiepiscopo
1467 3659 1631 3728 caterisque
1655 3657 1783 3713 omnibus
1806 3664 1836 3713 et
1861 3673 1923 3715 ma·

225 3748 289 3804 duci
313 3746 348 3802 ad
380 3743 614 3816 congrediendum
647 3742 721 3798 helio
749 3743 837 3798 adbuc
858 3742 939 3813 louge
967 3743 1048 3798 nimis
1086 3745 1193 3813 joribus
1220 3751 1249 3801 et
1275 3745 1428 3802 minorihus
1457 3744 1530 3816 apud
1557 3744 1742 3802 Friteslariam
1764 3749 1921 3816 acceptati,

225 3837 359 3906 inparem,
376 3848 437 3890 cum
466 3833 603 3890 dedecore
635 3846 686 3888 suo
714 3845 770 3888 non
797 3831 910 3888 minimo
938 3832 996 3888 suis
1019 3832 1047 3888 iu
1088 3846 1197 3888 eausam
1230 3839 1259 3889 et
1285 3835 1421 3892 radonem
1443 3835 1486 3890 sui
1512 3833 1644 3890 adventus
1673 3833 1761 3904 palam
1785 3837 1922 3893 omnihus

226 3923 334 3979 diversa
357 3921 539 3988 vertentibus,
577 3921 751 3976 tristissimus
787 3921 957 3976 returnabat.
999 3922 1048 3976 iiis
1087 3921 1168 3977 simui
1180 3923 1351 3991 aperiebant,
1365 3923 1479 3980 salutem
1495 3931 1522 3979 et
1535 3922 1715 3994 apostolicam
1739 3923 1921 3982 benedictio·

226 4026 337 4083 quoque
366 4018 428 4084 post
453 4009 606 4081 pascalibus
621 4005 720 4066 diebus
734 4008 898 4066 Bertboidus
913 4009 1045 4077 marchio,
1087 4023 1150 4065 nem
1182 4011 1268 4080 pacis,
1303 4012 1429 4081 justitiae,
1470 4015 1497 4068 et
1533 4011 1711 4068 obedientia
1743 4014 1922 4071 amatoribus

224 4101 305 4159 ducis
326 4098 467 4156 bertholdi
495 4097 577 4165 iliius,
598 4082 760 4168 spectabilis'
780 4096 950 4168 multumque
979 4097 1047 4154 libe·
1087 4098 1276 4156 enuntiabant.
1294 4100 1342 4156 iiis
1356 4099 1525 4171 gratulanter
1548 4099 1660 4168 auditis,
1684 4100 1821 4157 &renum
1841 4103 1922 4172 prin-

225 4191 291 4247 ralis
318 4189 491 4256 adolescens,
531 4193 560 4244 et
593 4184 737 4244 omnifaria
765 4200 871 4243 morum
900 4185 1045 4243 honestate
1087 4191 1164 4257 elpes
1178 4202 1239 4243 eum
1255 4203 1320 4260 rege
1334 4203 1385 4246 suo
1404 4202 1456 4246 nec
1471 4202 1526 4246 non
1541 4203 1598 4246 suae
1620 4189 1710 4260 partis
1728 4192 1921 4247 communiter

222 4287 355 4336 suenone
379 4292 409 4334 se
433 4285 461 4334 et
484 4277 551 4332 satis
577 4275 698 4333 virtuose
726 4289 820 4347 agens,
850 4289 964 4370 onmem
991 4275 1044 4331 sibi
1088 4277 1232 4345 universis,
1258 4279 1292 4334 ad
1317 4292 1411 4348 paoem
1433 4278 1566 4335 indictam
1589 4277 1809 4344 custodiendam,
1835 4287 1863 4336 et
1878 4281 1919 4336 ad

222 4371 331 4440 accepit
361 4373 502 4440 agnetem,
529 4365 656 4423 Roudoiii
685 4366 759 4437 regia
785 4365 879 4433 liliam,
905 4371 932 4420 et
957 4366 1043 4436 ipsam
1086 4368 1154 4423 tanti
1170 4366 1278 4424 dissidii
1297 4375 1325 4425 et
1338 4369 1485 4426 seditionis
1512 4382 1621 4425 causam
1637 4370 1712 4438 iuste
1740 4373 1768 4425 et
1795 4375 1918 4426 senmo-

221 4458 370 4517 admodum
393 4459 421 4514 in
444 4457 502 4512 suis
525 4456 652 4512 omnihus
675 4467 731 4512 non
755 4453 844 4512 minus
862 4453 961 4511 marito
976 4445 1187 4511 vir-Dtialiter
1201 4456 1417 4526 examinandam,
1442 4463 1470 4513 et
1484 4457 1616 4528 colloquii
1630 4457 1794 4513 sententiam
1813 4460 1918 4514 statuti

221 4557 339 4606 tuosam.
1084 4541 1284 4600 observandum
1303 4559 1334 4600 se
1353 4543 1509 4614 peremnia
1537 4545 1638 4602 domno
1667 4557 1746 4615 papae
1760 4544 1917 4603 ohedien-

257 4637 410 4694 Praedietns
430 4641 522 4692 autem
550 4633 705 4705 patriarcha
719 4633 869 4704 caeterique
883 4632 959 4689 sedis
972 4645 1043 4703 apo·
1083 4631 1205 4688 tissimus
1233 4635 1292 4689 lore
1320 4635 1466 4703 protestati
1493 4638 1576 4701 sunt;
1593 4647 1626 4689 eo
1655 4637 1746 4688 antem
1773 4641 1867 4704 pacto,
1886 4637 1915 4690 si

221 4726 327 4784 stolicae
352 4724 434 4796 legati
451 4722 542 4796 (adr),
569 4736 619 4794 per
641 4723 753 4778 hundos
767 4735 838 4792 quos
852 4721 1043 4790 praemiserant
1084 4735 1147 4790 pars
1165 4721 1320 4778 adversaria
1334 4723 1363 4777 in
1377 4722 1405 4779 id
1420 4723 1521 4793 ipsum,
1546 4721 1617 4778 datis
1633 4736 1650 4777 a
1668 4735 1699 4777 sc
1717 4723 1843 4792 ubisque
1857 4723 1917 4780 ob-

220 4823 249 4871 et
259 4815 490 4885 osniburgensem
518 4811 678 4883 episcopum
700 4810 773 4882 regis
791 4810 913 4867 lleinrici
928 4823 1042 4879 respon·
1083 4809 1189 4866 sidibus
1225 4810 1381 4881 mutuisque
1415 4809 1595 4882 jurisjurandi
1632 4811 1810 4867 firmamentis
1845 4815 1914 4882 pari

896 4997 1007 5054 VthAE
1033 4996 1225 5054 ascalonus.

255 5131 287 5164 ¹⁹¹
301 5129 379 5204 potat
392 5131 420 5186 2.

1004 5243 1112 5302 ΝΟΤιΕ.

257 5411 393 5538 (mltum
416 5410 527 5469 familiae
547 5409 630 5539 *¹3⁰⁵
643 5409 811 5468 mausoleum
827 5415 896 5474 erat,
913 5403 952 5461 uti
966 5403 1040 5474 apud
1117 5400 1186 5472 (206)
1203 5404 1328 5462 Formsse
1343 5405 1497 5478 llirehberg
1510 5410 1557 5462 aut
1571 5403 1690 5460 Erbach.
1705 5401 1767 5458 Uss.

218 5485 248 5540 C.
264 5485 317 5539 Ger
337 5491 424 5540 ertum
448 5485 482 5540 de
504 5482 564 5539 liud
597 5483 651 5553 pho
680 5481 840 5540 anticaesare
868 5479 960 5535 videre
987 5481 1038 5532 est.
1099 5477 1106 5502 ·“
1118 5472 1192 5542 (227)
1206 5472 1241 5531 ci.
1258 5477 1399 5544 Hugonem
1413 5478 1517 5533 Flavio.
1539 5482 1566 5532 et
1580 5473 1703 5546 Gregorii
1722 5470 1856 5546 epistolas
1869 5469 1913 5525 ael

218 5555 280 5611 Uss.
1081 5543 1158 5613 ipsos
1176 5544 1281 5618 legatos
1299 5555 1327 5604 et
1354 5549 1388 5604 ad
1420 5550 1578 5606 Gemauos.
1604 5547 1666 5604 Ues.
1692 5547 1819 5616 haegen..
1834 5541 1912 5610 lleg.

253 5623 325 5696 (205)
341 5624 528 5682 Bartholdum,
1082 5629 1130 5686 vii,
1146 5613 1180 5685 3;
1197 5619 1281 5675 blansi
1294 5619 1350 5688 XX,
1365 5617 1428 5674 289.
