4108 6164
252 252 305 308 eor
809 245 955 303 rennues
972 243 1182 301 uncumrrsc.
1202 243 1367 300 norouno.
1794 223 1795 228 '
1874 237 1927 294 eoo

252 378 356 434 tinetur
369 375 398 432 iu
412 373 502 431 tribus
516 371 644 443 psalmis:
660 369 779 428 Locdme
789 370 925 426 Dominum
939 369 972 424 de
985 368 1066 435 celio,
1079 366 1344 430 Acommunicandi.
1355 364 1471 436 Sanguis
1479 377 1535 422 non
1549 367 1705 420 reservetur
1714 375 1749 420 ne
1763 361 1929 433 ellundatur,

252 449 363 505 contule
375 445 497 511 Domino,
515 443 631 501 toodme
645 442 781 498 Dominum
794 441 821 496 io
834 441 942 496 senode.
958 441 991 496 Et
1005 440 1070 510 quia
1112 439 1299 497 sanctificatur
1312 438 1404 492 vinum
1424 449 1473 506 per
1489 449 1599 504 corpus.
1619 433 1711 489 ditare
1730 434 1873 490 bominum
1889 435 1928 490 sl-

252 525 316 575 sunt
331 518 384 575 tria
397 529 499 588 genera
513 515 664 580 hominum,
675 513 739 584 quia
753 527 787 568 ex
801 511 947 582 Evangelio
962 511 1013 566 sub
1023 524 1073 568 no·
1112 511 1242 582 gollicat;
1262 508 1434 573 uestimenta,
1451 505 1559 572 ildeles;
1579 504 1679 561 lavatio
1693 517 1782 574 aquae,
1798 503 1930 575 lacrymas

252 590 326 646 mine
340 589 415 656 lecti,
431 587 583 644 molendini
598 586 641 656 agi
656 584 794 648 dicuntur,
806 583 951 652 dequibus
965 583 992 638 iu
1007 583 1070 638 uni·
1111 581 1222 648 llariae3
1247 593 1349 646 ramus,
1365 578 1498 648 capillos;
1519 577 1621 642 vinum,
1637 584 1816 643 unguentum.
1832 577 1930 643 Quinta

252 667 308 718 tate
323 657 388 715 fidei
407 673 472 729 pars
485 657 706 728 congregabitur,
722 654 750 710 hi
765 660 823 710 tres
840 653 937 724 psalmi
951 653 1002 709 sub
1018 667 1071 709 una
1112 653 1179 709 leria
1197 651 1228 706 ht
1248 651 1396 712 absolutio,
1413 650 1485 719 iguis
1505 648 1568 704 novi
1587 647 1755 714 benedictio,
1776 647 1931 704 chrismatis

252 730 403 801 antiphona
418 735 572 786 cantantur.
1112 733 1140 780 et
1163 723 1217 779 olei
1242 723 1424 786 consecratio,
1441 719 1541 789 pedum
1556 718 1665 784 lavatio,
1681 719 1745 788 quia
1759 725 1835 774 sexta
1850 725 1929 774 aetate

288 801 492 872 septuagesima
507 798 646 856 bominica
659 797 705 852 die
719 796 802 851 habet
816 794 935 861 initium,
951 794 1068 851 sabbato
1111 795 1185 852 venit
1208 793 1333 849 Christus
1355 794 1384 847 in
1408 791 1549 856 mnndum,
1566 790 1613 860 qui
1637 791 1738 844 retinet
1760 797 1928 846 sacramenta

253 881 316 945 post
331 873 433 928 Pascha
445 870 535 927 linem.
556 867 697 940 significat
710 873 800 923 autem
815 867 1001 938 captivitatem
1017 880 1070 937 po·
1111 865 1331 936 supradictorum
1347 863 1425 918 inse.
1437 862 1674 931 vestimentaque
1689 859 1854 930 partiuntur.
1865 860 1928 917 dum

254 945 311 1016 puli
334 944 382 999 bei
405 943 433 998 in
457 939 613 1011 Babylonia,
639 939 686 1010 qui
710 938 851 1008 peccando
880 942 1032 994 recesserat
1054 950 1070 992 a
1111 937 1211 1007 legitur
1225 935 1326 1004 passio,
1341 933 1459 1004 apostoli
1475 938 1548 988 sunt.

253 1015 379 1080 Domino,
395 1011 473 1084 quasi
495 1011 636 1067 Dominica
659 1010 715 1076 die,
730 1016 758 1064 et
781 1023 831 1078 per
853 1008 1069 1065 misericordiam
1147 1007 1264 1064 sabbato
1277 1011 1373 1062 sancto
1387 1004 1522 1075 quidquid
1537 1003 1628 1074 agitur
1638 1002 1665 1058 in
1675 1000 1770 1058 0lilcio
1785 1001 1853 1058 nihil
1868 1016 1929 1072 pcr-

253 1087 301 1143 Dei
325 1085 471 1141 revertitur
485 1081 519 1137 ad
538 1081 672 1153 requiem,
697 1079 776 1205 quiesi
799 1079 928 1136 sabbato.
953 1081 1070 1150 Tempus
1110 1079 1180 1134 tinet
1193 1077 1228 1132 ad
1249 1083 1410 1147 presentem
1435 1075 1506 1131 diem
1526 1073 1658 1156 sepulcri,
1672 1073 1721 1129 sed
1744 1073 1777 1128 ad
1797 1087 1928 1156 superve-

253 1154 464 1227 septuagesimae
478 1166 566 1223 usque
581 1151 615 1208 ad
639 1153 706 1207 Pasc
726 1151 893 1220 asignihcat
916 1150 983 1206 illud
1003 1157 1071 1206 tenr-
1110 1151 1230 1206 nientem
1255 1148 1475 1204 Resurrectionis
1499 1153 1626 1212 noctem;
1651 1145 1770 1213 rdeoqne
1788 1151 1860 1200 sicut
1874 1159 1928 1200 non

252 1242 304 1299 pus
323 1227 351 1282 in
366 1239 421 1295 quo
438 1232 598 1294 peccatores
612 1223 640 1278 in
656 1221 804 1278 alllictione
819 1227 847 1277 et
861 1221 972 1277 tristitia
987 1221 1069 1290 positi
1110 1222 1200 1292 agitur
1213 1220 1376 1275 sacrificium
1396 1225 1472 1272 sexta
1490 1216 1567 1282 leria,
1584 1216 1624 1271 sic
1644 1222 1717 1279 uota,
1735 1228 1785 1270 nec
1804 1216 1928 1285 septima.

251 1304 315 1354 ⁵¹¹¹st
329 1311 362 1368 pf
364 1311 380 1353 ⁰
396 1296 516 1366 Pecssasss
530 1295 588 1350 ⁵⁰¹⁵
601 1300 664 1350 ³¹¹oe
679 1294 739 1348 ‘¹¹⁰⁸
754 1299 781 1348 θῑ
796 1292 863 1348 “¹¹¹⁶
883 1300 1000 1363 'empus’
1014 1306 1069 1362 ‘1¹¹⁰
1110 1287 1191 1371 406
1204 1308 1336 1365 Columna
1351 1305 1423 1376 ignis
1437 1304 1579 1374 praecessit
1594 1304 1665 1359 illios
1675 1303 1758 1358 lsrael
1769 1310 1832 1359 ante
1845 1318 1929 1372 mare,

251 1384 302 1441 Pii
325 1367 513 1451 Plssssllessliim
533 1374 568 1446 ⁰⁸,
579 1364 796 1445 ⁰⁰fl⁵⁰¹³ll⁰fl0¹¹¹
820 1370 909 1445 ¹³¹¹¹P¹¹
936 1364 1070 1420 Sflblelffl
1111 1389 1139 1437 et
1153 1387 1215 1450 post
1230 1393 1303 1434 mare
1318 1392 1405 1446 usque
1420 1377 1447 1432 lu
1457 1375 1618 1442 Jerusalem,
1630 1383 1657 1430 et
1668 1388 1765 1429 cerens
1779 1374 1853 1430 lucet
1867 1381 1930 1431 ante

251 1444 325 1506 sunt,
337 1439 463 1495 (Ῐῑθθῦῑθὸ
475 1457 481 1492 ²
493 1439 518 1492 F
517 1441 569 1492 ΜΝ
577 1451 666 1491 iiim
673 1440 740 1490 meet
749 1433 876 1491 00'1304112
887 1433 967 1505 (Psoi.
979 1437 1068 1503 cml·
1111 1453 1255 1521 baptisma,
1272 1457 1300 1506 et
1315 1455 1378 1518 post
1391 1462 1478 1518 usque
1494 1447 1521 1502 in
1536 1453 1656 1512 octavas,
1671 1446 1796 1502 Christus
1810 1446 1930 1502 animum

252 1528 400 1584 Sabbatum
423 1525 492 1581 illud
516 1529 623 1594 tempus
646 1523 782 1594 significat
800 1514 880 1584 403
899 1537 955 1594 quo
971 1524 1026 1593 iem
1041 1523 1069 1579 in
1110 1522 1184 1578 lucet
1195 1535 1282 1592 usque
1294 1519 1514 1589 indienrjudicii.
1525 1517 1643 1574 sabbato
1655 1518 1796 1573 incensum
1808 1523 1932 1587 portatur

251 1598 343 1656 lutura
355 1598 409 1654 rita
425 1596 532 1665 plenam
548 1595 712 1666 recipiemus
726 1595 860 1664 requiem.
1111 1602 1174 1650 ante
1189 1592 1358 1674 evangelium
1374 1597 1487 1660 propter
1497 1589 1626 1645 mulieres
1640 1594 1762 1644 aromata
1774 1595 1928 1658 portantes:

288 1667 460 1740 sexagesima
483 1667 623 1722 Dominica
646 1666 691 1721 die
719 1666 802 1722 habet
830 1665 948 1732 initium,
973 1662 1226 1759 quartaBAlielnin
1248 1662 1385 1733 significat
1405 1661 1516 1717 ludaeos
1539 1659 1616 1730 prius
1639 1672 1804 1743 corryersos,
1828 1664 1932 1716 tractus

252 1739 320 1796 leria
339 1737 408 1794 inlra
428 1737 530 1793 Pascha
544 1736 635 1793 linem.
656 1739 721 1792 llaec
759 1741 835 1792 uaria
859 1734 927 1792 leria
945 1744 1069 1806 quartam
1113 1734 1231 1808 gentiles
1249 1739 1346 1803 postea
1364 1732 1519 1788 credentes.
1539 1731 1614 1786 lllam
1632 1730 1746 1802 gloriam
1762 1743 1843 1800 quana
1856 1730 1933 1787 dedit

253 1818 361 1866 aetatem
383 1809 528 1880 significat,
545 1807 655 1878 quando
675 1752 855 1877 populusne
876 1807 927 1862 sub
945 1807 1073 1863 Deridet
1113 1809 1185 1862 Deus
1212 1803 1288 1873 Adae,
1312 1805 1365 1860 nisi
1393 1808 1544 1873 peccasset,
1569 1802 1616 1857 dat
1644 1802 1788 1872 baptizatis
1811 1801 1929 1858 sabbato

253 1881 398 1938 Salomone
412 1880 549 1950 gloriosus
564 1886 606 1935 est
625 1878 818 1948 triumphatus.
839 1879 1012 1947 Quapropter
1026 1878 1071 1934 die
1113 1883 1226 1940 sancto;
1253 1885 1279 1932 et
1303 1875 1367 1931 ideo
1381 1873 1496 1930 Alleluia
1510 1873 1627 1929 canitur.
1643 1872 1696 1928 Sed
1711 1872 1777 1945 quia
1791 1879 1875 1928 restat
1889 1873 1931 1927 ria

252 1953 302 2009 illo
317 1953 521 2024 processionem
541 1950 646 2020 agimus
663 1949 763 2005 vexillo
785 1957 888 2005 sanctee
908 1950 999 2005 crucis
1017 1949 1074 2005 ele·
1113 1946 1232 2012 vivendi,
1248 1949 1374 2016 sequitur
1397 1951 1501 2001 tractus
1539 1944 1678 2000 atientiam
1698 1943 1865 2015 significans,
1882 1959 1931 2014 per

252 2031 325 2089 rato,
341 2022 375 2078 ad
390 2035 472 2092 quem
489 2021 656 2090 triumphum
671 2033 726 2077 non
746 2025 838 2089 potest
855 2019 1003 2088 perveniri,
1019 2020 1073 2077 nisi
1113 2034 1194 2090 quam
1210 2018 1312 2074 debent
1326 2022 1485 2086 exspectare
1500 1959 1615 2086 grtrriam
1629 2015 1832 2085 sempiternam,
1849 2029 1931 2084 quarn

254 2110 303 2165 per
317 2093 480 2164 Deoalogum
496 2092 565 2218 legis
579 2100 607 2148 et
621 2106 669 2148 sex
683 2105 770 2162 opera
791 2090 999 2147 misericordia.
1114 2090 1261 2161 praesignat
1275 2101 1394 2158 sequens
1407 2088 1563 2143 Sabbatum.
1575 2087 1695 2156 ideoque
1710 2087 1737 2141 in
1753 2085 1801 2142 illo
1813 2085 1930 2142 sabbato

288 2163 517 2235 Quinquagesima
552 2163 614 2219 abet
629 2163 736 2219 initium
755 2163 896 2218 bomiuica
911 2162 965 2228 die,
982 2175 1074 2218 resur·
1113 2175 1168 2218 non
1188 2161 1296 2217 canitur
1314 2158 1454 2230 graduale,
1470 2160 1535 2228 quia
1556 2160 1743 2227 bonumopns
1763 2164 1876 2213 nonest
1892 2157 1932 2213 ibi

253 2236 386 2292 rectionis
402 2234 522 2306 (addin
538 2233 598 2298 die)
617 2233 718 2299 linem;
739 2231 874 2304 siguificat
892 2240 983 2289 autern
998 2232 1072 2302 quod
1114 2232 1321 2298 necessarium
1346 2243 1402 2286 non
1417 2235 1530 2296 tractus,
1546 2228 1611 2299 quia
1629 2243 1682 2285 nec
1705 2229 1855 2298 petientia;
1880 2228 1931 2284 sed

253 2309 276 2362 si
292 2307 354 2376 quis
368 2305 532 2375 becalogum
547 2304 616 2376 legis
629 2319 680 2374 per
694 2304 816 2374 quinque
835 2317 933 2359 sensus
947 2303 1074 2373 corporis
1114 2305 1170 2360 duo
1189 2301 1312 2369 Alleluia,
1328 2315 1411 2357 unum
1436 2315 1486 2371 pro
1509 2300 1597 2371 gloria
1618 2301 1726 2370 anime,
1743 2299 1857 2356 alterum
1881 2313 1932 2369 pro

253 2377 414 2446 expleverit,
429 2390 544 2432 securus
565 2374 706 2446 perveniet
721 2375 755 2430 ad
775 2374 904 2446 gandium
923 2374 1073 2432 bominicae
1114 2374 1251 2444 eorporis.
1270 2373 1405 2429 Graduale
1425 2385 1479 2428 non
1499 2371 1601 2427 dicitur
1619 2372 1646 2426 in
1666 2386 1714 2427 εει
1733 2370 1841 2436 diebus,
1857 2370 1933 2442 quod

253 2447 476 2514 resurrectionis,
491 2445 534 2503 vel
549 2461 618 2502 suae.
1114 2445 1250 2516 siguificat
1269 2445 1340 2500 boue
1355 2456 1438 2513 opera
1452 2443 1547 2499 activae
1562 2445 1635 2498 vitae.
1651 2441 1765 2498 Attenia
1779 2456 1854 2512 spem
1869 2455 1934 2498 con·

288 2518 500 2587 Quadragesima
520 2517 659 2573 Dominlca
678 2517 723 2573 die
741 2516 826 2573 habet
844 2517 962 2584 initium,
978 2517 1074 2587 quinta
1114 2515 1279 2587 templatiree
1303 2516 1366 2572 vitm
1389 2513 1535 2585 significat.
1558 2514 1760 2584 Quinquaginta
1784 2513 1843 2569 dies
1871 2518 1934 2582 post

253 2588 322 2645 lenia
341 2589 422 2644 hnem
441 2602 526 2658 super
539 2588 610 2644 duos
624 2588 684 2644 dies
697 2601 784 2657 usque
798 2589 831 2644 ad
848 2588 1012 2657 baptismum
1026 2601 1074 2642 re·
1115 2587 1344 2644 resurrectionem
1365 2599 1451 2655 usque
1467 2585 1500 2640 ed
1527 2591 1637 2641 octavas
1659 2586 1837 2641 Pentecostes
1864 2598 1933 2640 oon·

253 2660 444 2726 surrectionis,
469 2658 533 2729 quia
561 2658 609 2729 qui
632 2659 666 2714 ad
694 2658 831 2715 Christum
859 2665 1002 2715 transeunt
1025 2672 1075 2728 per
1115 2659 1298 2729 templativam
1307 2657 1388 2712 vitam
1398 2656 1563 2726 significant,
1574 2656 1621 2712 nbi
1632 2655 1684 2711 erit
1694 2653 1932 2715 tautumddeluio.

253 2731 429 2801 baptismum,
445 2728 542 2786 eodem
562 2743 676 2786 numero
695 2730 728 2785 ad
748 2744 810 2786 eum
830 2731 1003 2801 perveniunt,
1018 2743 1074 2799 quo
1115 2745 1196 2800 quarn
1219 2728 1341 2784 letitiam
1364 2727 1614 2809 quinquagenarius
1634 2740 1769 2804 numerus
1786 2725 1932 2798 significat,

253 2803 313 2872 ipse
338 2816 388 2872 per
410 2801 597 2872 genealogiam
611 2814 687 2856 suam
709 2799 744 2855 ad
763 2814 814 2857 nos
830 2802 922 2858 venire
947 2801 1075 2873 dignatus
1115 2799 1314 2872 quijuhilaeus,
1330 2799 1423 2866 idest,
1437 2798 1525 2869 jubilo
1540 2799 1638 2868 plenus
1652 2797 1764 2853 dicitur.

254 2878 305 2930 est.
321 2873 453 2958 Exemplo
471 2878 561 2929 autem
579 2873 686 2928 bomini
707 2872 888 2944 quadraginta
907 2872 1006 2929 diebus
1025 2885 1075 2928 er·
1151 2873 1217 2927 lres
1246 2870 1341 2940 psalmi
1366 2869 1395 2925 in
1417 2869 1620 2926 resurrectione
1643 2869 1752 2926 Domini
1774 2868 1826 2924 tria
1849 2881 1934 2938 opera

254 2944 393 3001 teudnuus
403 2957 502 3068 ffifflffl
517 2949 736 3026 ¹¹⁰⁸ll¹1P¹¹¹P1152
778 3014 784 3026 ,
1116 2961 1223 3017 bomini
1236 2966 1298 3030 post
1311 2959 1540 3015 resurrectionem
1551 2949 1629 3020 407
1640 2972 1716 3014 suam
1726 2958 1754 3013 in
1765 2969 1933 3028 unoquoque

289 3016 355 3071 ⁰¹¹ae
368 3013 403 3069 ¹¹⁰
444 3014 548 3070 ⁰⁰1³(st
564 3027 701 3084 P³⁵⁸¹⁰¹¹¹⁸
714 3014 869 3085 ⁵¹Css¹fl0³¹¹l
879 3013 933 3071 ‘¹1¹⁰
949 3019 1103 3097 temporat}
1115 3031 1187 3088 hdeli
1204 3031 1273 3086 iacta
1288 3029 1452 3102 significant,
1463 3029 1664 3100 separationem
1678 3028 1857 3096 infidelitatis,
1869 3042 1935 3085 con·

255 3083 989 3156 ³⁰1⁰lflsseffl28¹¹¹illiissvl'ffichlllmllflssubsilui-
1006 3083 1072 3140 3³¹¹·
1112 3104 1283 3174 junctionem
1306 3101 1379 3167 hdei,
1396 3101 1596 3158 absolutionem
1617 3101 1795 3172 baptismatis.
1816 3101 1934 3170 Tempus

260 3173 325 3228 bato
339 3178 401 3228 ante
420 3162 501 3233 404
520 3171 623 3241 palmas
645 3172 728 3228 llaria
748 3175 826 3229 unxit
847 3173 932 3244 pedes
949 3175 1024 3238 lesu,
1040 3171 1073 3227 ad
1115 3173 1344 3244 quadragesime,
1360 3174 1496 3242 passionis
1519 3171 1654 3243 significat
1672 3185 1795 3242 presens
1814 3178 1932 3242 tempus,

256 3245 335 3315 cujus
356 3243 536 3298 imitationem
560 3257 630 3312 papa
649 3244 797 3314 Gregorius
820 3245 1020 3315 eleemosynam
1039 3242 1077 3298 la·
1117 3245 1246 3316 quoniam
1268 3244 1423 3314 peremnia
1446 3249 1570 3314 tempora
1593 3249 1703 3314 oportet
1721 3257 1772 3300 nos
1795 3241 1932 3308 laborare,

256 3315 357 3382 ciebat,
378 3314 496 3383 ideoque
519 3312 644 3370 Olllcium
669 3320 756 3370 vacat.
780 3318 850 3372 hnte
873 3317 995 3387 quinque
1016 3314 1077 3370 dies
1117 3316 1150 3372 ed
1166 3316 1290 3371 ultimum
1306 3315 1386 3371 mori.
1403 3315 1579 3372 Resurrectio
1598 3315 1680 3370 vitam
1695 3328 1774 3386 quam
1794 3314 1935 3384 accepturi

257 3386 368 3444 Paschae
392 3398 479 3456 agnus
501 3384 684 3442 immolandus
706 3386 735 3442 in
751 3385 861 3443 domum
879 3385 1075 3454 introducitur,
1117 3401 1211 3443 snmus
1225 3387 1254 3442 in
1264 3386 1309 3442 die
1321 3386 1428 3457 judicii.
1440 3387 1556 3456 Propter
1571 3393 1686 3443 mortem
1699 3385 1811 3452 Christi,
1822 3387 1871 3456 qui
1884 3385 1937 3440 luit

256 3458 381 3516 Christus
395 3456 423 3512 in
438 3456 558 3512 civitate.
1117 3459 1185 3515 hora
1199 3471 1272 3514 nona
1286 3466 1420 3526 mortuus,
1436 3456 1608 3527 baptizantur
1622 3458 1669 3528 qui
1688 3457 1716 3513 in
1731 3463 1819 3512 morte
1833 3456 1937 3513 Christi

292 3529 371 3585 Feria
385 3535 482 3598 quarta
497 3525 633 3583 eormiiium
644 3527 858 3598 secmentludci
870 3530 996 3586 otiosum
1009 3527 1079 3583 occi·
1118 3529 1300 3600 baptizantur.
1322 3530 1394 3585 llora
1420 3541 1492 3584 nona
1512 3536 1626 3598 propter
1648 3528 1814 3598 sepulturam
1834 3527 1937 3584 Christi

257 3600 346 3656 dorent
363 3599 466 3670 [Metti.
477 3615 553 3666 xrtu,
566 3597 602 3670 4).
618 3599 717 3666 Quinta
732 3606 851 3656 etsexta
865 3613 1004 3671 campane
1019 3613 1077 3655 ces
1119 3601 1237 3657 sabbato
1260 3600 1441 3670 baptizantur.
1467 3601 1607 3669 Frequens
1626 3599 1738 3655 mutatio
1754 3605 1862 3654 centum
1877 3598 1939 3654 ani·

257 3678 339 3741 sant;
355 3671 472 3737 Borrine,
489 3669 560 3726 lobio
574 3685 645 3736 meu,
655 3669 825 3738 benedictio,
842 3671 972 3742 capitula,
989 3669 1077 3727 oratio
1119 3687 1177 3728 mas
1191 3672 1326 3728 bonorum
1341 3671 1438 3726 invitat
1451 3670 1485 3726 ad
1496 3671 1649 3727 bominum.
1661 3672 1726 3726 Post
1739 3670 1940 3754 quinquaginta

257 3757 314 3800 non
329 3741 468 3808 dicuutur,
484 3741 549 3810 quia
567 3742 663 3797 Pastor
681 3747 786 3808 noster,
801 3742 936 3812 Christus,
952 3743 1077 3809 recessit,
1119 3744 1179 3799 dies
1193 3749 1298 3812 septem
1312 3741 1500 3798 solemnitates
1514 3743 1619 3812 agimus
1629 3746 1742 3812 propter
1750 3740 1939 3811 septilormem

258 3813 377 3882 ideoque
392 3811 482 3867 omnis
500 3811 661 3880 predicatio
676 3819 704 3868 ει
720 3813 871 3870 admonitio
890 3813 1078 3883 apostolorum
1119 3813 1260 3884 Spiritum,
1274 3813 1317 3870 rel
1329 3819 1444 3884 propter
1457 3813 1586 3884 gaudium
1605 3813 1812 3883 baptizatorum.
1828 3813 1940 3881 Septem

260 3890 374 3964 propter
388 3888 488 3964 metum
504 3881 801 3964 cessavitludaeorum;
818 3884 882 3941 ideo
895 3885 986 3940 minus
999 3897 1078 3939 suum
1120 3885 1218 3940 diebus
1242 3883 1363 3940 celebret
1388 3884 1505 3966 quisque
1528 3883 1674 3939 adventum
1697 3883 1815 3954 Spiritus
1837 3883 1940 3950 sancti,

259 3951 363 4034 iaciunt
376 3951 500 4008 Olllcrum
514 3965 543 4006 ru
559 3950 680 4020 psalmis,
694 3953 870 4023 lectionibus,
882 3955 1078 4025 responsoriis,
1120 3955 1167 4026 qui
1183 3969 1244 4011 eum
1263 3956 1371 4025 accepit
1388 3969 1439 4024 per
1457 3955 1660 4025 impositionem
1684 3968 1780 4010 manus
1803 3954 1940 4024 episcopi.

259 4023 395 4104 versibus,
411 4023 439 4104 iu
454 4020 586 4104 exemplis
603 4036 700 4104 eorum
714 4025 761 4094 qui
778 4031 856 4082 eraut
874 4026 978 4096 cogniti
993 4025 1080 4081 disci-
1120 4026 1238 4096 Spiritus
1260 4034 1371 4081 sanctus
1394 4033 1522 4096 tanquam
1537 4033 1634 4082 ventus
1648 4030 1676 4082 ct
1690 4025 1762 4096 ignis
1775 4039 1858 4096 super
1873 4039 1943 4096 apo·

260 4093 318 4222 puli
332 4091 443 4148 Chnstr.
469 4094 657 4149 invitatorium
672 4107 727 4150 uon
746 4103 873 4152 cantatur
891 4103 1005 4167 propter
1019 4110 1079 4152 ma·
1121 4097 1208 4153 stolos
1223 4096 1375 4152 descendit.

271 4179 316 4221 um
331 4169 494 4220 conventum
509 4163 676 4246 iudeorum.
692 4164 824 4222 salutatio
839 4173 867 4222 et
881 4166 1005 4224 osculum
1024 4180 1080 4223 non
1156 4166 1281 4223 sabbatis
1295 4168 1324 4223 in
1336 4169 1458 4234 Quatuor
1470 4167 1650 4238 Temporibus
1664 4168 1735 4239 apud
1751 4170 1889 4224 Romanos
1903 4165 1946 4224 le-

260 4236 290 4292 ιιι
314 4242 428 4306 propter
443 4234 617 4291 dolositatem
640 4249 745 4293 eorum.
766 4239 818 4293 Pro
832 4239 972 4308 campanis
986 4238 1016 4294 lit
1036 4252 1081 4294 so·
1121 4239 1255 4311 gebantur
1267 4252 1315 4294 sex
1326 4238 1470 4306 lectiones,
1481 4241 1575 4296 Graece
1586 4247 1700 4310 propter
1712 4241 1832 4304 Graecos,
1844 4239 1944 4295 Latine

260 4309 335 4364 nitus
354 4307 500 4376 lignorum,
516 4305 544 4363 iu
559 4321 614 4377 quo
630 4306 685 4363 duo
700 4315 773 4375 sunt,
790 4309 905 4366 malleus
919 4317 947 4366 et
965 4309 1077 4376 tabula;
1123 4315 1236 4394 propter
1250 4310 1362 4366 Latinos
1380 4310 1418 4364 ibi
1433 4318 1652 4376 commorantes;
1677 4311 1796 4380 ideoque
1811 4310 1945 4366 dicuntur

259 4377 461 4506 permalleum,
478 4377 582 4462 lignum
606 4379 856 4448 praevaricationis3
883 4365 1149 4450 pertabulam,Drn
1175 4381 1320 4438 duodecim
1346 4381 1522 4437 lectionibus.
1550 4382 1673 4449 Quatuor
1691 4382 1796 4452 jejunia
1813 4379 1944 4448 lecimus,

271 4451 362 4522 ignum
378 4447 559 4513 lruchlerum,
575 4449 603 4504 nl
618 4457 670 4516 est,
686 4450 832 4508 Christum.
849 4453 966 4523 Propter
980 4453 1079 4508 trinam
1123 4465 1290 4524 unoquoque
1314 4459 1437 4521 tempore
1461 4459 1519 4508 tres
1541 4452 1611 4520 dies,
1637 4452 1701 4522 quia
1725 4452 1945 4522 unumquodque

259 4522 428 4592 sepulturam
445 4525 570 4604 nostrum
583 4519 703 4577 olllcium
717 4521 748 4578 bt
765 4522 896 4579 humilius
915 4522 1004 4579 tribus
1019 4523 1079 4578 die·
1122 4531 1229 4594 tempus
1243 4524 1327 4580 habet
1345 4531 1403 4579 tres
1421 4537 1538 4579 menses.
1558 4526 1588 4579 ln
1608 4523 1652 4579 his
1670 4531 1766 4593 quarta
1786 4523 1854 4579 ieria
1870 4523 1947 4594 jeju-

259 4594 321 4649 bus.
337 4595 368 4648 ln
382 4591 426 4648 his
442 4591 530 4647 trrbns
543 4591 685 4648 drehusde
696 4606 792 4650 novem
807 4594 928 4664 psalmis,
945 4601 972 4650 et
986 4595 1082 4650 tectio
1122 4609 1226 4662 narnus,
1242 4597 1306 4665 quia
1321 4598 1348 4650 in
1365 4609 1397 4652 ea
1411 4594 1545 4650 comitium
1562 4595 1679 4663 fecerunt
1696 4595 1792 4663 iudei,
1808 4599 1836 4650 ut
1853 4596 1946 4650 lerum

259 4665 351 4748 nibus,
368 4670 396 4720 et
411 4663 616 4733 responsoriis:
633 4678 683 4733 per
697 4678 794 4720 novem
813 4665 934 4736 psalmos
952 4667 999 4736 qui
1015 4679 1079 4735 per·
1121 4683 1267 4739 ,mmm
1293 4681 1396 4754 (pagg,
1417 4697 1491 4749 xm,
1511 4681 1559 4748 4·;
1583 4675 1662 4744 403
1687 4687 1764 4739 ΜΕ,
1789 4683 1853 4752 quq,
1878 4695 1945 4737 gum

260 4741 350 4792 truent
373 4734 407 4790 ad
431 4735 532 4792 b⁰num
557 4748 647 4804 ⁰Pllsi
673 4736 1080 4807 Pei¹10lt³¹11¹8⁰l10110⁸(llie
1121 4753 1301 4820 occiderunt;
1326 4753 1442 4822 septima
1465 4733 1535 4824 quia'
1552 4753 1663 4809 tristitia
1686 4753 1737 4809 luit
1765 4752 1945 4823 populorum,

261 4823 400 4906 pertinent
418 4823 452 4879 ad
471 4823 639 4894 agnitionem
659 4823 706 4879 bei
718 4823 731 4890 ;‘
751 4839 801 4894 per
815 4840 912 4882 tuorem
927 4816 1011 4888 405
1033 4839 1080 4881 re·
1121 4839 1174 4894 qua
1190 4826 1261 4880 bens
1283 4823 1463 4880 sarcdheavit
1481 4824 1639 4890 Sabbatum,
1653 4831 1681 4880 et
1695 4825 1812 4880 chorites
1825 4824 1875 4879 Dei
1890 4824 1948 4894 dif-

261 4906 406 4962 sponsorra
420 4909 481 4964 quae
497 4895 637 4964 portinent
650 4894 685 4950 ad
700 4896 807 4952 cantica
822 4898 991 4968 angelorum,
1004 4909 1079 4952 mou·
1119 4897 1181 4966 suso
1194 4900 1233 4951 est
1246 4895 1274 4950 in
1292 4895 1413 4952 cordibus
1435 4896 1531 4958 uostris
1545 4910 1592 4966 per
1613 4896 1741 4968 Spiritum
1758 4900 1878 4950 sonetum
1897 4897 1947 4966 qni

260 4964 447 5033 simturquod
461 4965 605 5022 descendit
619 4965 653 5022 ed
667 4967 772 5023 inieros
786 4968 903 5024 liberare
918 4968 1080 5039 triagenera
1121 4967 1198 5023 dotus
1211 4970 1251 5021 eet
1263 4965 1337 5022 nobis
1353 4969 1435 5031 (Rom.
1447 4981 1475 5032 v,
1486 4965 1522 5034 5).
1533 4968 1632 5033 Quarta
1648 4965 1715 5022 leria
1730 4966 1791 5021 duae
1807 4966 1948 5022 lectiones

261 5036 422 5102 electorum,
448 5037 495 5105 qui
518 5035 630 5094 luerunt
652 5044 715 5093 aute
739 5037 837 5109 legem,
858 5039 909 5096 sub
936 5040 1006 5110 lege,
1028 5039 1079 5095 sub
1120 5037 1259 5108 leguntur,
1271 5046 1300 5094 ut
1314 5036 1460 5093 ordinandi
1474 5037 1593 5094 habeant
1608 5038 1731 5094 notitiam
1747 5038 1816 5108 legis
1830 5044 1857 5092 et
1873 5049 1947 5106 pro·

261 5106 415 5179 prophetis,
432 5110 459 5162 et
477 5109 619 5176 conjunxit
637 5121 733 5166 norem
750 5110 895 5166 ordinibus
908 5110 1077 5181 angelorum.
1121 5109 1275 5180 phetarum;
1291 5114 1388 5179 quarta
1402 5109 1475 5165 enim
1488 5115 1568 5164 aetate
1584 5109 1628 5164 ler
1642 5115 1670 5164 et
1689 5107 1834 5178 prophetia
1848 5109 1949 5178 rigue-

260 5179 361 5250 Viginti
377 5184 496 5248 quatuor
519 5177 663 5235 luminaria
686 5180 898 5252 exstinguuntur
916 5194 1080 5252 unaquaque
1103 5187 1195 5235 runt.
1211 5181 1291 5235 Sexta
1305 5178 1383 5247 seria,
1399 5194 1453 5236 una
1468 5180 1550 5236 lectio
1565 5179 1674 5250 legitur,
1691 5181 1755 5250 qnia
1769 5185 1846 5235 sexta
1860 5185 1948 5234 aetote

261 5249 316 5316 dle,
333 5255 502 5307 monstratur
512 5252 586 5319 quod
602 5252 721 5321 apostoli
737 5265 791 5308 uno
802 5265 912 5323 quoque
923 5252 979 5319 die,
988 5253 1015 5308 id
1027 5258 1079 5318 est,
1121 5252 1165 5306 lex
1180 5257 1208 5305 et
1221 5251 1373 5321 prophetiae
1388 5251 1553 5307 clauduntur
1569 5249 1726 5322 Evangelio.

260 5320 356 5391 viginti
371 5327 490 5392 quatuor
507 5319 586 5377 horis
605 5321 753 5379 latuerunt.
774 5324 803 5379 ln
820 5329 965 5380 Pamsceve
980 5337 1035 5379 non
1051 5323 1081 5378 nt
1156 5322 1261 5388 Clerus,
1276 5337 1345 5388 sors,
1359 5321 1387 5377 id
1402 5327 1453 5382 est.
1468 5337 1531 5393 pars
1545 5322 1604 5377 liei.
1619 5323 1649 5377 ln
1664 5321 1774 5378 clericis
1788 5319 1862 5391 quod
1878 5333 1949 5390 pars

261 5404 363 5464 corpus
381 5392 498 5460 bomini,
514 5391 578 5462 quia
596 5392 721 5450 Christus
739 5395 916 5465 semetipsum
935 5395 991 5451 lieo
1007 5394 1079 5450 Patri
1121 5398 1163 5448 est
1186 5393 1303 5460 bomini,
1320 5393 1361 5449 vel
1386 5394 1517 5451 Dominus
1541 5407 1604 5464 pars
1628 5395 1697 5463 ejus,
1714 5399 1796 5464 caput
1817 5397 1948 5447 nostrum

259 5462 689 5591 fergangss'eisstnhcssrsrgramu‘lmtrtgiirt'
705 5465 754 5522 sed
777 5469 933 5551 reservatur
950 5479 966 5522 a
985 5465 1081 5593 quinta
1121 5469 1239 5520 mentem
1261 5464 1420 5550 'significan
1451 5463 1553 5537 capilli,
1583 5465 1784 5548 cogitationes,
1814 5461 1950 5534 superior

528 5576 536 5603 ,
675 5542 739 5594 eant
761 5537 861 5610 quibus
890 5541 932 5596 est
954 5539 1081 5595 vountas
1121 5549 1185 5606 pars
1208 5543 1306 5608 caprtrs
1327 5549 1387 5594 rasa
1410 5541 1529 5594 mentem
1544 5537 1688 5594 llomroum
1708 5533 1948 5606 contemplantem
