4106 6178
251 287 320 345 1235

810 285 955 342 ternant
974 285 1194 344 subueniretur
1213 286 1370 343 nncnmn.

392 418 497 485 Quanta
512 412 573 480 tibi,
592 411 663 468 bone
675 410 793 480 Christe,
809 425 857 467 sua

357 506 457 560 Factus
471 502 589 574 imagine
604 500 687 557 debet
700 500 793 569 bomo,

357 593 404 649 Vis
417 591 502 647 animi
517 595 662 661 penetrare
678 589 785 660 nequit,

356 681 459 752 Lingua
474 685 598 735 retexere
614 691 665 732 nec
677 678 780 748 poterit

356 769 444 825 Ullius
457 771 516 824 arte
530 767 691 838 magisterii.

394 858 525 914 Rbetoris
539 857 635 912 interit
650 855 781 922 officium,

351 945 434 1014 ¹finis
453 950 480 1001 et
498 959 543 1000 ars
558 945 682 1001 studiosa
697 945 778 1015 perit,

358 1036 415 1092 Nec
430 1048 479 1090 sua
493 1033 620 1105 dogmata
635 1033 817 1104 pbilosopbos

355 1124 421 1180 Plus
430 1123 499 1180 satis
513 1123 656 1193 ingeniosa
665 1124 772 1192 juvant,

356 1214 391 1269 Se
405 1211 506 1283 quibus
525 1213 617 1268 omnia
630 1213 702 1266 scire
719 1217 826 1281 putant.

393 1300 523 1358 creditor
542 1300 602 1357 baec
617 1314 761 1356 numerare
776 1300 860 1363 vales,

358 1391 444 1458 Quem
459 1388 523 1445 data
537 1389 649 1458 praemia
665 1388 741 1445 nulla
755 1388 851 1456 latent,

358 1479 398 1534 'fu
412 1477 489 1534 lucra
507 1476 584 1534 solus
598 1482 625 1533 et
644 1477 764 1548 exigere,

360 1565 463 1624 Cedere
479 1565 527 1636 qui
542 1563 610 1621 facis
623 1566 750 1636 imperio,

360 1654 499 1724 Quidquid
518 1654 676 1711 babeturiu
692 1654 759 1711 orbe
778 1668 839 1711 suo.

396 1743 499 1814 Hisque
518 1747 564 1798 tua
581 1744 682 1814 pietate
697 1744 750 1800 sibi

361 1830 525 1886 contuleras
539 1831 648 1899 potiora
663 1831 754 1887 nimis.

360 1918 428 1973 llam
442 1916 548 1973 faceres
563 1924 591 1972 ut
605 1918 634 1972 in
649 1932 713 1975 arce
729 1918 785 1988 poli

360 2008 439 2063 tinne
454 2006 505 2063 tibi
520 2007 682 2077 participem
696 2006 767 2076 fleri,

360 2097 460 2152 Passus
470 2109 501 2151 es
519 2094 548 2150 in
563 2109 645 2151 cruce
661 2100 759 2166 sponte
774 2095 864 2152 mori:

396 2185 474 2241 illius
489 2185 603 2255 insuper
621 2185 655 2241 ad
672 2185 757 2242 decus
769 2191 820 2253 est,

364 2277 462 2333 Forma
477 2272 528 2329 tibi
548 2275 612 2346 quia
626 2275 716 2330 carnis
730 2275 812 2344 inest,

364 2365 422 2432 Qua
437 2361 534 2419 rutilas
552 2363 642 2419 Patris
655 2363 684 2419 fn
699 2364 771 2421 solio

363 2451 445 2508 Edite
463 2451 568 2522 virgine
580 2453 642 2521 jure
657 2465 739 2521 novo,

366 2542 400 2597 nt
413 2540 485 2597 tiens
498 2540 683 2610 omnipotens,
700 2544 728 2596 et
741 2540 824 2597 bomo

404 2626 515 2683 Civibus
529 2627 664 2684 hactenus
678 2627 737 2684 baec
752 2627 861 2698 superis

366 2713 434 2771 Vilis
448 2719 507 2770 erat
521 2714 630 2786 species
644 2715 773 2784 bominis,

299 2793 303 2798 ’
365 2804 444 2860 Nunc
459 2803 533 2874 quod
552 2803 655 2860 babent
668 2803 806 2861 bominem
826 2803 965 2861 dominum

366 2892 443 2947 ilanc
462 2897 638 2959 venerantur,
654 2897 682 2948 et
699 2892 860 2964 obsequium
881 2913 882 2918 ¹

365 2981 566 3038 commoditate
581 2981 625 3050 pia
640 2981 774 3037 tribuunt.

401 3068 525 3125 Graviter
538 3067 600 3135 bos,
616 3069 697 3125 simul
711 3075 741 3126 ut
755 3076 883 3126 maneant

366 3158 501 3227 Perpetua
513 3168 623 3228 quoque
638 3172 705 3227 pace
724 3157 792 3230 ligas

370 3244 448 3302 Unde
464 3244 586 3317 polique,
606 3247 713 3316 solique
733 3253 778 3303 tua

367 3335 425 3390 Una
443 3333 561 3402 videtur,
578 3339 606 3390 et
620 3339 662 3391 est
676 3336 774 3405 patria,

366 3424 422 3480 iles
435 3423 483 3480 ubi
498 3421 608 3493 publica
623 3428 698 3480 tanta
713 3426 805 3481 micat.

403 3513 475 3583 Lege
489 3512 538 3569 sed
553 3511 613 3568 baec
629 3513 718 3583 posita
732 3513 832 3571 fruitur

368 3600 462 3657 lnflma
481 3614 554 3671 pars,
571 3601 644 3658 utin
664 3601 777 3658 alterius

368 3689 472 3746 Gaudia
485 3692 616 3758 transeat,
632 3689 714 3747 immo
730 3704 808 3747 suum

369 3777 482 3835 Sumere
494 3781 550 3849 tam
563 3779 653 3836 valeat
666 3780 799 3848 bravium,

370 3867 532 3924 Perdiderat
544 3868 618 3940 quod
632 3869 698 3926 Adae
712 3868 817 3926 vitium.

407 3957 552 4013 Praeterito
570 3957 665 4014 vitiato
680 3959 763 4014 modo

371 4042 451 4101 Nulla
470 4051 561 4102 manet
575 4047 634 4102 sine
650 4047 711 4103 labe
730 4061 805 4113 caro,

371 4132 491 4190 Crimine
508 4133 610 4190 labitur
622 4135 745 4192 assiduo.

375 4221 490 4287 Rursus,
506 4225 534 4278 et
547 4221 608 4292 ipse
623 4221 725 4292 refugit
742 4222 837 4279 bomo.

373 4309 418 4366 Sic
436 4309 519 4366 babet
534 4324 566 4366 er
581 4309 635 4368 ilde
651 4311 760 4368 merito.

410 4399 494 4455 Poena
507 4398 589 4456 modo
605 4399 686 4456 datur
700 4415 734 4456 ex
747 4402 862 4469 sceiere,

375 4488 468 4545 Gratia
480 4487 606 4544 redditur
620 4503 654 4544 ex
673 4501 768 4560 opere,

376 4578 480 4647 Nempe
494 4577 569 4634 bono
588 4591 678 4648 neque
693 4578 799 4636 militiae

378 4665 528 4736 splendida
542 4666 659 4737 quisque
675 4672 766 4737 potest
785 4667 865 4725 aliter

378 4755 415 4812 Te
434 4754 514 4824 duce,
534 4755 611 4827 signa
625 4770 734 4814 movere
753 4762 818 4815 tuae.

414 4844 547 4902 bentibus
560 4844 604 4902 bis
623 4860 736 4917 operam
750 4847 860 4905 studiis.

378 4934 476 4990 Vivere
495 4933 544 4990 das
559 4947 673 5005 operam
688 4935 845 5007 multiplici.

379 5024 501 5093 Cumque
516 5036 568 5080 nec
587 5025 716 5082 omnibus
731 5039 785 5083 una
803 5027 871 5084 satis

379 5111 484 5185 Regula
502 5112 540 5170 sit
554 5119 644 5172 tamen
660 5114 744 5172 officii

380 5203 468 5274 liuius
482 5206 563 5260 erunt
575 5202 683 5260 habiles
698 5205 815 5262 meritis.

417 5291 584 5364 Virginibus,
600 5293 756 5364 viduisque,
771 5295 848 5364 virts,

1077 412 1105 471 A
1218 412 1396 484 conjugibus,
1412 409 1590 480 simulatque
1609 407 1695 464 sacris

1216 501 1366 558 Ordinibus
1385 505 1460 570 patet
1473 498 1535 554 aula
1554 493 1621 567 poli.

1217 590 1283 646 Pius
1297 587 1478 659 operantibus
1492 601 1524 642 ac
1539 585 1683 642 monacbis

1219 680 1316 734 Notior
1335 678 1395 734 baee
1410 676 1481 733 solet
1496 689 1556 732 esse
1576 673 1672 746 magis.

1255 769 1324 823 Ecce
1337 766 1452 823 casinus
1467 763 1589 822 abundat
1604 763 1654 830 eis,

1219 857 1297 912 blons
1311 855 1477 912 venerabilis
1490 853 1552 910 aula
1566 852 1625 908 bei.

1220 946 1298 1001 lions
1316 945 1382 1001 Sion
1396 944 1493 1010 altera,
1509 941 1564 998 dux
1577 939 1652 996 fidei.

1221 1035 1308 1100 lions,
1329 1034 1376 1090 ubi
1388 1035 1451 1104 jura
1466 1034 1538 1088 beus
1557 1027 1669 1100 populo.

1221 1123 1328 1193 Scripta
1342 1135 1393 1178 suo
1407 1120 1505 1177 tribuit
1523 1117 1621 1190 digito.

1257 1213 1296 1268 Tu
1316 1211 1450 1282 sapientia
1465 1221 1570 1265 summa
1584 1206 1682 1272 Patris,

1222 1301 1274 1370 Qui
1288 1300 1373 1357 dubio
1388 1301 1448 1356 sine
1463 1301 1562 1355 cuncta
1576 1295 1660 1366 sapis.

1222 1392 1261 1447 lia
1279 1388 1373 1458 facies,
1389 1395 1420 1445 ut
1438 1400 1545 1444 amoena
1564 1383 1619 1442 loci

1222 1479 1320 1550 liujus,
1335 1483 1366 1535 ut
1380 1484 1432 1544 est,
1448 1473 1583 1532 referatur
1598 1484 1643 1538 eo,

1222 1567 1300 1636 Quod
1312 1567 1362 1623 tibi
1377 1563 1555 1636 complaceat,
1573 1560 1675 1617 studio.

1261 1657 1336 1713 Scire
1355 1653 1512 1711 volentibus
1530 1650 1582 1707 boc
1597 1649 1705 1706 animus

1226 1747 1290 1801 Fert
1305 1743 1387 1800 modo
1407 1743 1510 1808 dicere,
1526 1753 1588 1796 nam
1608 1737 1744 1808 reliquum

1226 1835 1255 1889 ln
1275 1833 1398 1890 bonitate
1413 1837 1460 1887 tua
1478 1832 1612 1895 remanet,

1225 1921 1276 1990 Qui
1296 1918 1490 1976 famulantibus
1503 1916 1550 1972 bic
1564 1914 1662 1971 merita

1226 2009 1368 2080 ttultiplici
1387 2007 1489 2078 pietate
1504 2018 1595 2076 paras.

1261 2098 1346 2154 ltaliae
1363 2099 1437 2167 jacet
1450 2097 1479 2152 in
1494 2093 1599 2166 gremio

1227 2185 1365 2244 llontibus
1380 2184 1471 2240 obsita
1484 2180 1614 2254 planities
1626 2199 1634 2247 ;

1227 2273 1373 2344 Pampfnus
1386 2272 1458 2328 banc
1472 2268 1569 2327 viridis
1587 2267 1710 2324 decorat.

1227 2364 1276 2420 Est
1291 2374 1435 2419 nemorosa
1454 2373 1560 2431 parum,
1576 2357 1625 2414 sed
1639 2353 1728 2426 aquis,

1229 2450 1370 2509 Fluctibus
1384 2455 1412 2506 et
1425 2448 1508 2504 variis
1522 2445 1650 2512 celebris,

1263 2538 1357 2596 Rebus
1370 2537 1399 2593 in
1414 2536 1542 2594 omnibus
1556 2535 1617 2591 baec
1630 2531 1755 2603 locuples

1230 2626 1379 2698 indigenis,
1399 2624 1448 2682 sed
1463 2629 1491 2680 et
1504 2622 1661 2694 hospitibus

1229 2717 1278 2772 Est
1295 2713 1471 2784 locupletior,
1491 2711 1557 2767 binc
1571 2711 1672 2767 etenim

1229 2806 1277 2862 Est
1292 2805 1344 2861 iter
1357 2802 1440 2860 Urbis
1452 2801 1623 2873 apostolicae,

1229 2893 1324 2952 Totins
1338 2891 1415 2949 orbis
1429 2890 1519 2947 adbuc
1534 2888 1663 2945 dominae.

1264 2980 1387 3040 collibus
1401 2981 1461 3050 ejus
1473 2977 1544 3035 oliva
1560 2978 1671 3044 decens,

1229 3069 1345 3138 cedrus,
1361 3073 1389 3125 et
1402 3067 1457 3125 alta
1476 3079 1622 3138 cypressus
1640 3064 1721 3121 inest.

1227 3161 1333 3216 cetera
1349 3156 1474 3228 partibus
1488 3155 1612 3211 arboreae

1226 3249 1258 3304 in
1272 3260 1322 3302 sua
1339 3245 1408 3317 lyris
1426 3257 1533 3300 ammna
1547 3254 1640 3308 ruens,

1228 3337 1262 3392 nt
1274 3335 1354 3406 rigat,
1369 3337 1451 3405 atque
1466 3331 1581 3404 rigando
1595 3328 1678 3386 fovet.

1264 3425 1342 3481 bons
1355 3423 1395 3480 ibi
1409 3423 1502 3478 casini
1517 3434 1616 3478 nomen
1630 3417 1736 3474 babens

1229 3511 1362 3570 Omnibus
1375 3512 1488 3579 eminet,
1508 3510 1568 3581 lpse
1582 3509 1694 3580 quidem

1229 3604 1345 3659 Pectore
1360 3601 1459 3658 moenia
1475 3599 1565 3670 prisca
1580 3597 1661 3654 nimis

1233 3689 1359 3758 Pertulit,
1376 3689 1404 3745 in
1419 3688 1521 3760 quibus
1534 3702 1580 3745 ara
1594 3685 1657 3756 fuit,

1234 3781 1292 3849 Qua
1308 3777 1468 3850 perhibetur
1481 3775 1580 3849 apollo
1599 3774 1664 3832 coli.

1272 3870 1322 3927 llic
1336 3870 1418 3925 Pater
1431 3874 1495 3924 ante
1514 3865 1710 3924 monasterium

1234 3958 1384 4017 constituit
1398 3956 1573 4024 Benedictus,
1588 3955 1693 4011 babens

1234 4049 1352 4120 Pignora
1363 4047 1475 4103 luminis
1489 4043 1613 4112 aetberel,

1234 4137 1317 4194 Plebs
1332 4136 1432 4207 quibus
1446 4135 1533 4192 inscia
1548 4130 1708 4190 demonicis

1236 4226 1397 4297 Eriperetur
1414 4223 1448 4280 ab
1467 4221 1635 4295 opprobriis.

1191 4337 1194 4344 ¹
1272 4314 1325 4371 Sed
1340 4314 1428 4370 Patris
1442 4311 1640 4383 omnipotentis
1654 4309 1726 4368 idem

1238 4402 1347 4461 iudicio
1367 4403 1431 4470 ruit,
1452 4402 1551 4460 eximie

1239 4492 1387 4562 Postquam
1401 4489 1518 4558 refulsit,
1539 4495 1568 4546 et
1582 4489 1646 4546 binc
1661 4487 1772 4546 cecidit.

1239 4580 1306 4637 inde
1320 4579 1418 4637 domus
1432 4584 1560 4636 renovata
1580 4577 1627 4634 diu

1240 4670 1338 4728 blansit
1352 4670 1380 4725 in
1395 4669 1439 4726 bis
1452 4682 1563 4739 quoquc
1577 4667 1759 4739 temporibus,

1276 4758 1354 4828 Quod
1369 4758 1440 4815 bene
1454 4756 1567 4815 condita
1580 4771 1637 4814 non
1650 4755 1739 4814 fuerat

1242 4847 1357 4905 casibus
1370 4847 1462 4920 agnita
1477 4847 1555 4919 signa
1570 4846 1653 4903 dabat
1669 4845 1724 4919 (l).

1242 4937 1369 4995 lfatcries
1384 4936 1537 4993 lubricabat
1551 4941 1580 4993 et
1593 4950 1654 5003 ars;

1242 5025 1317 5084 cella
1331 5039 1382 5083 nec
1396 5039 1450 5084 una
1462 5025 1621 5083 monasterii

1242 5114 1346 5174 omens
1361 5120 1420 5172 erat
1433 5121 1496 5186 apta
1508 5115 1576 5171 suis.

1278 5207 1311 5261 nt
1325 5205 1414 5261 Patris
1433 5204 1525 5261 omnia
1540 5203 1668 5270 consilio,

1244 5294 1303 5350 lioc
1318 5293 1383 5351 dare
1399 5295 1519 5351 carmine
1539 5307 1620 5366 quem
1640 5306 1759 5364 nequeo,

313 5415 346 5487 (1)
366 5417 507 5474 Postrema

330 5486 336 5498 ι
528 5432 594 5547 Pars
612 5417 694 5490 buius
721 5418 815 5504 bymni
843 5419 929 5504 Ι111111Ι
946 5419 1098 5492 Ugbellium
1139 5420 1295 5500 Documenta
1319 5419 1414 5501 inedita
1432 5433 1500 5490 pour
1525 5420 1610 5502 amnia
1626 5419 1655 5500 'd
1680 5416 1807 5474 l'frirtoire
1836 5415 1965 5476 1111111111

277 5485 458 5546 desideratur.
477 5489 525 5546 liet
538 5504 592 5620 gua
611 5494 653 5547 est
671 5490 768 5548 eodrce
789 5493 930 5548 casinensi
950 5491 1038 5560 1147,
1058 5490 1100 5548 fo·
1140 5489 1172 5546 de
1191 5487 1298 5558 t’uate,
1313 5488 1442 5563 deputate
1457 5489 1824 5590 vru·srectcpueqo'aaxu1·.

279 5555 317 5614 lio
332 5555 368 5612 22
381 5573 470 5628 verso,
491 5561 536 5619 edi
556 5563 579 5619 lt
596 5563 628 5618 1).
648 5564 764 5621 Oranam
782 5563 810 5622 in
830 5563 902 5622 libro
925 5563 970 5620 cui
992 5563 1098 5621 titulus.
