4036 6162
220 305 273 360 819
764 307 928 364 abundavi
949 304 1214 362 manlohahtidsts
1229 303 1364 360 calinici
1554 371 1561 379 .
1856 293 1912 348 820

156 467 163 476 .
221 429 285 486 mei.
314 428 421 486 Uterlni
448 430 501 486 mei
529 428 592 486 lacti
620 437 685 486 sunt
713 428 817 486 inimici
845 431 909 497 mei,
938 427 1267 501 injusteAurbesltallae
1282 424 1480 498 perscrutando
1494 423 1623 497 cognovi,
1641 423 1751 495 aperire
1774 426 1804 479 et
1827 432 1911 478 enar·

155 591 159 602 .
222 517 410 590 spoliaverunt
438 532 491 584 me,
520 533 552 574 ac
578 517 678 590 gladiis
716 518 889 575 inimicorum
919 531 1042 576 meorum
1086 531 1146 574 rare
1170 521 1343 587 posterorum
1369 513 1535 572 utilitatibus
1553 512 1677 569 fideliter
1695 511 1812 568 curabo.
1844 511 1912 566 Turn

118 683 122 690 ἡ
223 606 340 664 animam
363 607 567 678 inquirentibus
577 607 596 639 ¹¹
616 607 871 664 immisericorditer
894 622 937 664 me
957 608 1045 665 dede·
1085 607 1199 676 insuper
1224 605 1292 678 quid
1319 604 1445 672 honoris,
1474 602 1576 674 quidve
1603 601 1779 666 reverentiae,
1809 598 1911 670 quidve

224 702 297 753 runt.
328 713 342 748 n
370 696 473 752 Exinde
497 685 623 766 lacrymis
647 697 714 752 meis
736 697 1045 767 superhabundantibus
1086 694 1283 766 magnitudinis
1306 709 1355 766 per
1380 693 1464 750 multa
1487 699 1613 762 tempora
1633 689 1829 747 antecedentia
1853 687 1911 742 cle·

222 799 283 842 cum
298 785 421 855 sapiente
440 784 558 854 quodam
574 785 732 856 plangendo
748 786 837 843 dicam
1086 799 1133 842 rus
1151 784 1203 841 luit
1225 785 1432 850 ambroshnus,
1453 789 1482 839 et
1505 780 1633 838 amultis
1656 794 1689 837 ao
1712 777 1820 850 maguis
1847 776 1914 832 viris

1086 874 1247 940 honoratus,
1262 878 1289 929 et
1313 872 1379 943 quid
1398 877 1494 942 postea
1509 870 1620 928 civitate
1635 869 1716 939 plena
1730 866 1801 924 lece
1815 865 1912 923 mundi

1086 963 1226 1032 sustinuit,
1265 969 1296 1019 ut
1316 961 1336 993 ¹⁸
1354 961 1444 1019 oculis
1471 960 1537 1026 ridi,
1576 965 1617 1027 ut,
1639 957 1659 990 ¹¹
1677 957 1791 1014 anrlbns
1818 954 1912 1012 audiri

1087 1053 1226 1123 cordeque
1250 1052 1382 1119 intellexi,
1407 1051 1442 1107 ad
1469 1055 1643 1120 posterorum
1667 1046 1780 1104 tutelam
1807 1050 1837 1100 et
1855 1043 1914 1099 ani·

1087 1155 1190 1198 marum
1216 1141 1330 1198 salutem
1355 1140 1479 1198 studiose
1500 1139 1623 1195 scribere
1650 1136 1744 1193 statui.
1769 1138 1804 1191 ht
1824 1133 1915 1203 prius·

1088 1243 1168 1301 quam
1198 1243 1229 1286 ea
1257 1243 1319 1300 qnae
1343 1229 1437 1286 dicere
1462 1226 1571 1284 decrevi
1591 1238 1725 1292 coemam,
1745 1223 1821 1296 ignis
1839 1222 1916 1278 scin-

1088 1319 1183 1388 tillam,
1204 1333 1284 1390 quam
1305 1333 1356 1390 eqo
1372 1319 1420 1374 liei
1435 1316 1626 1374 misericordia
1643 1315 1754 1385 adjutus
1768 1310 1913 1368 memoriae

228 1405 419 1473 Quamobrem,
436 1413 515 1476 pater
541 1406 707 1472 venerande,
736 1408 859 1478 quamvls
887 1423 937 1480 per
964 1408 1048 1467 multa
1088 1408 1275 1466 commendavi
1299 1407 1328 1464 in
1351 1407 1470 1480 quodam
1493 1407 1596 1463 scrinio
1616 1404 1727 1476 optimIs
1755 1400 1915 1474 margaritis

229 1502 353 1566 tempora
376 1496 470 1552 multis
493 1511 524 1552 ac
549 1497 632 1553 variis
656 1499 708 1554 sim
727 1506 871 1569 quassatus
894 1498 1047 1568 doloribus,
1090 1499 1205 1563 imbuto,
1221 1498 1289 1557 loris
1312 1512 1426 1569 pauper,
1451 1499 1525 1554 intus
1543 1496 1647 1554 divitiis
1673 1492 1790 1552 alliueus
1809 1491 1913 1564 reperi,

259 918 382 975 Curnrinn
400 917 444 989 qni
462 917 573 973 condam
587 918 674 975 alodio
688 920 796 991 florente
813 921 903 992 percpi

293 1005 400 1064 Flebilis
414 1006 482 1062 haul
496 1012 599 1063 maestos
618 1022 698 1078 cogor
718 1009 786 1064 iairc
800 1009 901 1066 modos.

260 1095 329 1150 Ecce
344 1093 404 1149 mihi
419 1093 513 1150 lacere
528 1095 627 1151 dictant
640 1095 780 1152 scribendo
794 1098 924 1165 Conventa,

296 1183 332 1238 Et
345 1182 413 1238 reris
428 1182 494 1253 clcqi
502 1183 604 1256 petibus
618 1199 666 1240 oro
680 1185 778 1254 ripam.

407 1273 459 1343 (lie
476 1273 558 1329 Boea.
574 1287 646 1330 cona.
664 1273 743 1346 phil,
763 1273 867 1346 initio.)

224 1591 328 1642 nostrae
357 1585 483 1642 ccclesiae
511 1587 641 1642 virtutum
661 1586 680 1618 ¹⁸
708 1588 804 1644 videns
841 1587 1046 1656 detrimentum,
1089 1590 1123 1646 ad
1149 1589 1195 1645 liei
1217 1590 1351 1645 honorem
1375 1594 1404 1644 et
1426 1585 1498 1644 beati
1521 1585 1658 1644 hmbrosli
1682 1583 1803 1650 laudem,
1819 1581 1912 1637 debita

223 1673 386 1730 recordatus
405 1674 479 1744 quod
495 1674 559 1731 olim
575 1689 590 1730 a
605 1676 625 1708 ¹¹
640 1676 718 1732 malis
737 1677 848 1748 regibus
861 1678 1049 1735 detestandis-
1089 1678 1189 1734 ductus
1215 1677 1367 1734 reverentia
1391 1675 1506 1733 edicam.
1521 1677 1587 1742 Quae
1612 1672 1704 1729 omnia
1727 1671 1835 1727 utinam
1854 1672 1915 1726 hm·

223 1776 283 1832 que.
303 1763 494 1820 sacerdotibus
519 1778 597 1834 passa
621 1765 761 1833 sustinuit,
787 1767 834 1837 qui
860 1766 1007 1824 dulcedine
1027 1764 1224 1824 ¹¹Bbrosianaa
1249 1766 1375 1824 ecclesiae
1398 1779 1486 1836 usque
1506 1767 1532 1822 in
1553 1763 1634 1820 linem
1653 1762 1674 1794 ¹¹
1693 1759 1913 1819 consedentibus

222 1851 329 1907 ordinis
343 1859 446 1908 sanctae
465 1853 652 1910 ambrosianae
674 1854 806 1910 Ecclesiae
831 1856 865 1912 ab
890 1855 959 1926 ipsis
984 1855 1043 1912 iue-
1086 1856 1126 1913 slc
1150 1863 1243 1914 essent
1265 1856 1348 1912 chara
1372 1861 1401 1910 ut
1416 1863 1480 1911 sunt
1502 1851 1693 1924 acceptabilia,
1709 1851 1750 1907 sic
1773 1848 1871 1906 dulcia
1884 1854 1913 1904 ut

222 1945 284 1995 rant
298 1939 442 1997 cunabulis
457 1940 554 1998 nutriti
566 1941 596 2010 ¹⁷,
616 1943 718 2013 quibus
743 1941 815 2000 loret
828 1943 978 2016 gloriosum
994 1957 1044 2014 pro
1085 1951 1150 2002 sunt
1164 1943 1315 2011 salamiam,
1337 1944 1378 2000 sic
1401 1941 1528 1999 amabilia
1556 1947 1586 1998 ut
1606 1945 1672 1998 suut
1691 1953 1726 1996 ex
1753 1937 1844 1996 corde
1863 1935 1913 1993 lra-

220 2042 278 2084 suae
304 2028 435 2086 Ecclesia
459 2030 624 2086 utilitatibus
648 2036 763 2088 mortem
787 2034 936 2100 sustinere,
958 2047 1044 2104 panca
1087 2040 1165 2091 terno
1182 2033 1329 2090 manantia.
1346 2032 1422 2100 Vale,
1445 2037 1542 2103 pater!
1565 2044 1626 2087 cum
1655 2027 1785 2086 omnibus
1808 2027 1912 2084 sanctis

220 2130 283 2187 quae
306 2116 385 2173 libris
409 2119 491 2174 variis
515 2133 547 2175 ac
575 2119 718 2188 chartulis,
749 2120 847 2191 plateis
874 2122 1045 2179 conculcatis
1085 2121 1272 2180 hmbrosianae
1291 2119 1422 2177 Ecclesia
1437 2119 1619 2177 dilectoribus
1638 2117 1748 2190 gaudila
1767 2117 1914 2187 sempiter-

221 2205 323 2276 repcri,
339 2211 367 2262 et
390 2219 405 2260 a
429 2205 496 2262 riris
513 2207 657 2264 virissimis
680 2215 708 2265 et
731 2209 876 2266 catholicis
903 2209 989 2266 didIci
1017 2218 1044 2268 et
1087 2211 1131 2268 nis
1150 2209 1253 2281 perlrui
1268 2209 1388 2267 feliciter
1402 2209 1503 2267 valeas.

757 2413 954 2501 INCIPIT
982 2415 1145 2500 LIBER
1176 2413 1378 2499 PRIMUS

263 2603 286 2658 l.
307 2607 533 2678 Quandoquidem
558 2609 697 2681 sapientes
717 2609 865 2682 eximilqne
880 2611 942 2679 viri,
966 2611 1045 2667 multi
1086 2610 1211 2668 sociavit.
1236 2610 1287 2679 Qui
1303 2608 1363 2682 (32)
1380 2616 1449 2666 nutu
1473 2607 1566 2665 divino
1580 2607 1635 2666 boc
1658 2620 1673 2662 a
1699 2603 1916 2662 clementissimo

225 2694 324 2763 peritia
344 2695 452 2764 imbuti,
473 2703 533 2754 acta
558 2703 721 2770 temporum,
749 2701 916 2758 mutationes
943 2713 1045 2767 rerum,
1088 2700 1258 2771 imperatore
1273 2699 1359 2755 totins
1374 2698 1450 2755 orbis
1464 2695 1656 2754 Valentiniano
1675 2693 1801 2751 directus
1820 2692 1918 2750 menrit

224 2787 302 2853 gesta
334 2783 445 2854 ducum,
476 2787 570 2858 praelia
605 2802 711 2861 regum,
740 2789 893 2847 sedltioues
926 2789 1046 2854 urbium,
1089 2789 1185 2846 audies
1201 2807 1208 2844 ι
1226 2806 1240 2841 n
1256 2787 1340 2848 Vade.
1353 2801 1404 2859 age
1419 2800 1475 2844 non
1491 2790 1521 2843 ut
1529 2785 1615 2856 judex
1627 2782 1675 2840 sed
1687 2783 1915 2853 utepiscopns.n

226 2873 427 2930 commotiones
442 2876 617 2947 populorum,
633 2878 719 2949 polite
740 2879 773 2935 ad
794 2879 905 2936 iamlam
919 2880 1049 2950 juvenum
1091 2879 1176 2934 Tanta
1201 2877 1273 2934 enim
1297 2875 1385 2948 gratia
1403 2881 1432 2932 et
1457 2881 1532 2932 mam
1560 2887 1609 2931 sua
1632 2871 1827 2929 mtsericordia
1855 2882 1915 2926 euro

228 2965 256 3015 et
278 2963 431 3019 custodiam
455 2978 550 3022 senum
575 2972 726 3022 tractantes
754 2966 902 3037 reliquere,
918 2972 946 3022 et
973 2967 991 2997 ¹¹
1022 2965 1222 3039 incbominus
1250 2965 1400 3031 decoravit,
1416 2970 1447 3022 ut
1470 2963 1597 3020 inimicos
1620 2959 1823 3034 patientissime
1849 2972 1915 3016 cnu-

228 3051 348 3117 posteris
366 3053 487 3108 tutamen
502 3059 530 3111 et
544 3054 690 3110 multarum
703 3069 793 3111 rerum
809 3055 931 3111 solamen
947 3074 954 3110 :
971 3054 1052 3111 decet
1092 3060 1222 3122 verteret,
1238 3060 1266 3112 et
1280 3054 1339 3112 suis
1353 3053 1450 3111 ovibus
1468 3052 1523 3108 imo
1538 3051 1596 3108 suis
1611 3049 1675 3106 liliis
1697 3049 1857 3106 rudimenta
1872 3060 1917 3104 ca·

229 3148 303 3193 nunc
318 3138 403 3195 multo
420 3142 505 3212 magis
524 3142 597 3198 viros
611 3143 767 3214 religiosos,
782 3144 880 3214 spiritu
896 3144 989 3201 divino
1008 3158 1052 3200 re·
1092 3143 1204 3201 thelicae
1219 3142 1282 3200 idei
1298 3149 1328 3201 ut
1342 3157 1423 3200 verus
1437 3141 1567 3213 magister
1580 3146 1608 3196 et
1622 3138 1722 3197 doctor
1736 3137 1866 3195 ecclesie
1876 3151 1918 3193 ca·

230 3225 330 3296 pletos,
346 3228 404 3284 suis
418 3231 583 3300 sequacibus
605 3231 661 3287 imo
676 3233 733 3288 suis
748 3231 879 3289 iratribus
901 3232 935 3289 ad
954 3236 1052 3289 caum-
1092 3232 1200 3288 ritativc
1214 3232 1438 3289 amministraret.
1458 3231 1509 3300 Qui
1533 3229 1647 3301 primus,
1663 3228 1691 3284 id
1715 3235 1758 3285 est
1772 3226 1915 3294 maximus,

229 3313 282 3371 lam
306 3316 457 3374 animarum
481 3318 617 3390 simulque
639 3334 797 3391 corporum,
826 3321 958 3393 quicquid
981 3335 1051 3392 aug·
1092 3320 1331 3391 metropolitanam
1364 3333 1463 3392 regens
1500 3316 1688 3384 cathedram,
1727 3315 1917 3374 ordinationes

230 3405 314 3460 menti
336 3405 378 3461 vel
398 3405 556 3463 detrimenti
585 3410 778 3480 prospexerint
792 3408 823 3478 ¹¹,
844 3409 962 3482 benIgne
985 3408 1052 3466 intl·
1093 3409 1320 3479 presbiterorum,
1350 3409 1540 3475 diaconorum,
1560 3405 1807 3474 subdiaconorum,
1834 3403 1917 3462 cleri-

230 3507 304 3550 mare
318 3508 351 3550 ac
371 3495 581 3567 praeclarissime
596 3496 769 3567 dilucidare;
789 3503 925 3571 quatenus
939 3512 1050 3557 snorum
1092 3510 1197 3564 corum,
1213 3496 1357 3565 laicorum,
1373 3509 1480 3562 senum,
1492 3497 1635 3567 iuvenum,
1655 3493 1784 3560 militum,
1801 3492 1916 3564 populo
2011 3529 2012 3534 η

230 3597 363 3654 sequaces
386 3585 475 3642 lacum
500 3594 659 3658 serpentum
688 3593 717 3646 et
732 3587 754 3620 ¹¹
781 3593 889 3646 antrum
913 3587 1050 3660 aspidum,
1092 3600 1172 3652 rum,
1204 3586 1338 3658 virginum
1366 3598 1507 3642 sacrarum
1529 3589 1558 3640 et
1584 3584 1700 3656 innupte
1733 3581 1913 3647 manentium,

230 3687 393 3745 caveamque
408 3673 558 3732 draconum
573 3675 709 3749 silvasque
724 3678 835 3734 leonum
856 3669 1069 3748 prenitentesj
1092 3673 1251 3731 maritarum
1259 3672 1292 3744 ¹⁴,
1312 3673 1464 3740 viduarum,
1484 3672 1681 3744 orphanorum,
1695 3671 1915 3744 peregrinorum,
2011 3717 2012 3722 ,

231 3762 349 3834 benigne
364 3762 456 3820 edocti
471 3770 605 3836 cauteque
621 3767 729 3835 muniti,
741 3773 768 3824 et
782 3767 816 3823 ab
835 3766 891 3823 illis
905 3766 1052 3824 sevaleant
1093 3769 1121 3820 et
1135 3763 1274 3834 hospitum
1290 3762 1458 3821 lucidissime
1478 3761 1693 3833 preordinavit;
1716 3764 1744 3816 et
1763 3755 1914 3817 ordinando

232 3851 350 3919 eripere,
366 3857 395 3907 et
408 3851 478 3908 alins
492 3853 763 3912 monendoamortc
773 3854 901 3922 liberare,
917 3868 1053 3912 memores
1093 3853 1202 3909 curiose
1229 3851 1303 3924 quod
1331 3851 1373 3907 sui
1405 3850 1511 3908 ordinis
1543 3849 1710 3922 religiositas
1733 3848 1910 3920 exposcebat,

232 3936 386 3993 Salomonis
408 3939 556 4009 sapientiae
575 3940 717 3999 dicentis:
735 3962 749 3996 n
770 3945 918 4014 Propterea
942 3943 1052 3999 habebo
1094 3940 1184 3997 lacere
1199 3941 1323 4009 curabat,
1338 3953 1370 3996 ac
1385 3937 1512 3996 iaciendo
1534 3938 1603 3995 alios
1613 3937 1757 3995 mitissime
1771 3937 1914 4002 edocebat,

234 4025 369 4095 perhanc
387 4026 629 4098 immortalitatem,
645 4037 673 4087 et
692 4031 849 4089 memorIam
869 4037 999 4088 aeternam
1018 4031 1052 4088 ab
1094 4043 1198 4086 memor
1210 4029 1285 4086 illius
1298 4028 1437 4100 Evangelii
1451 4028 1569 4100 dicentis
1585 4047 1592 4084 :
1610 4047 1623 4078 ι
1643 4028 1724 4084 Prius
1737 4027 1826 4098 coepit
1838 4029 1912 4084 lesus

234 4112 277 4169 bis
291 4114 339 4184 qui
364 4121 427 4185 post
448 4130 491 4172 me
505 4121 614 4175 venturi
633 4126 707 4178 sunt.
730 4137 744 4172 n
764 4121 835 4193 qscp.
860 4134 917 4188 rur,
937 4118 991 4191 13.)
1012 4119 1053 4176 0b
1094 4117 1184 4175 lacere
1202 4131 1283 4189 quam
1303 4117 1415 4175 docere.
1437 4136 1450 4166 a
1472 4117 1536 4174 Erat
1555 4116 1627 4173 enim
1642 4115 1865 4188 sapientissimus
1885 4114 1910 4170 in

233 4201 304 4259 hanc
319 4215 428 4261 causam
442 4203 586 4262 ecclesiam
601 4207 690 4264 sancti
713 4207 959 4280 gloriosissimique
983 4220 1053 4266 con·
1096 4207 1303 4278 predicatione,
1328 4206 1448 4264 disertus
1472 4205 1501 4262 in
1523 4203 1640 4277 iudicio,
1665 4205 1774 4261 cunctis
1792 4203 1914 4260 ildelibns

232 4290 346 4348 lessmis
363 4293 499 4350 ambrosii
526 4310 605 4367 quam
626 4296 709 4366 clare,
731 4297 832 4366 lucide,
847 4305 930 4369 atque
953 4295 1265 4370 granaqpminssinns,
1286 4296 1468 4367 omnibusque
1487 4292 1645 4351 inlldelibus
1669 4292 1754 4361 mitis,
1783 4291 1915 4364 placidus,

232 4382 352 4452 organis,
372 4384 552 4455 symphoniis,
573 4385 701 4443 melodiis
719 4401 768 4458 per
783 4393 870 4444 totum
890 4388 984 4444 orbem
1000 4395 1056 4444 ter·
1096 4384 1206 4442 humilis
1219 4391 1301 4456 atque
1325 4399 1449 4450 serenus,
1470 4383 1618 4455 providens
1636 4383 1826 4453 dispensator,
1847 4380 1911 4438 dans

232 4484 323 4528 rarum
339 4472 460 4540 emicuit,
476 4473 638 4545 inquantum
662 4476 806 4533 scientiola
826 4491 885 4534 mea
900 4477 1054 4548 exprimere
1093 4473 1192 4545 pabula
1206 4472 1334 4554 fortibus,
1350 4472 1453 4529 cibaria
1464 4472 1621 4543 iuvenibus,
1641 4472 1773 4528 alimenta
1791 4470 1912 4536 senibus,

233 4561 358 4629 valuerit,
383 4567 465 4632 prout
489 4566 612 4634 comperi
636 4571 664 4622 et
682 4565 711 4622 in
730 4567 844 4624 veritate
868 4567 963 4635 didici,
984 4581 1056 4623 enar·
1094 4564 1264 4620 nutrimenta
1274 4562 1508 4631 adolescentibus,
1524 4575 1628 4618 memor
1638 4558 1758 4632 apostoli
1768 4559 1907 4618 dicentis:

233 4650 323 4707 cleare
342 4650 470 4708 studebo.
488 4654 580 4724 igytur
593 4654 752 4712 ambrosius
762 4654 868 4723 doctor,
885 4661 916 4713 ut
928 4655 1055 4727 egregius
1095 4671 1109 4705 n
1127 4650 1260 4709 Omnibus
1273 4651 1364 4708 omnia
1379 4645 1467 4707 lactus
1481 4663 1551 4718 sum,
1567 4656 1598 4706 nt
1613 4662 1710 4707 omnes
1723 4647 1913 4706 lucrifacerem

234 4744 329 4809 pastor
342 4738 612 4813 intulispraelulgens
626 4743 840 4814 episcopalibus,
854 4743 1054 4800 belecclesiam
1095 4743 1125 4815 (1
1138 4745 1201 4802 Gor.
1215 4759 1252 4810 rx,
1276 4741 1328 4810 lii).
1349 4761 1364 4796 v>
1384 4741 1461 4798 Enim
1483 4740 1543 4813 (33)
1561 4739 1719 4812 providerat
1736 4739 1871 4798 Dominus
1885 4738 1915 4794 ah

234 4827 347 4884 miridce
363 4828 512 4898 decoravit,
533 4834 561 4886 et
580 4837 610 4886 nt
624 4830 726 4888 nobilis
744 4830 854 4889 adletha
872 4830 958 4888 lorica
974 4831 1056 4902 spiri·
1095 4833 1164 4904 ipsis
1182 4830 1357 4888 cunabulis¹¹¹
1371 4830 1425 4888 sibl
1445 4835 1583 4902 pastorem
1598 4835 1626 4886 et
1639 4827 1769 4888 ecelesiae
1784 4843 1843 4887 suae
1857 4828 1917 4885 bea·

139 4969 142 4990 ,
234 4917 347 4974 tualium
375 4919 505 4976 rirtutnm
538 4919 691 4988 adornavit,
725 4919 834 4992 sibique
861 4919 1055 4991 desponsatam
1095 4927 1152 4977 tum
1173 4919 1346 4978 Ambroslum
1369 4917 1531 4992 pertarum
1555 4915 1645 4976 mellis
1668 4917 1742 4974 circa
1769 4917 1845 4976 labia
1862 4919 1917 4990 ejus

911 5073 1024 5128 VARIAE
1047 5071 1241 5129 auctiones.

267 5195 518 5271 ”querentibuslh
554 5195 835 5255 '¹⁸haafletulnneo
849 5201 956 5255 talah.
978 5196 1109 5270 iniustum
1127 5198 1174 5254 ι’.
1190 5199 1220 5255 Β.
1260 5196 1333 5254 1ἰιι
1349 5195 1579 5254 li.dceeth*h**.
1596 5193 1690 5253 Blono.
1731 5193 1753 5228 ¹⁸
1768 5192 1917 5253 dulcedinis

233 5269 273 5328 El.
313 5270 333 5303 ¹⁷
348 5269 507 5328 enutritili.
547 5266 567 5300 ¹⁸
582 5268 653 5324 deest
666 5269 697 5325 Β.
736 5268 855 5327 ¹⁹etBl.
894 5268 1040 5327 ”flecht
1079 5269 1100 5301 ¹¹
1115 5269 1186 5326 deeat
1201 5271 1231 5326 b.
1269 5267 1542 5342 ”perspexeriotth
1579 5265 1731 5324 ”deestlh
1771 5265 1794 5300 ¹¹
1809 5267 1916 5324 marito·

234 5355 294 5400 rum
308 5343 332 5400 B
344 5381 354 5397 .
389 5339 411 5373 ¹⁸
424 5339 518 5412 itant.
532 5339 678 5398 cunalibus
692 5341 729 5396 h*
746 5341 776 5411 (ι)
795 5342 825 5397 Β.

1019 5457 1127 5515 norm.

276 5581 332 5654 (aa)
348 5585 378 5641 v.
394 5581 500 5639 ranem
514 5581 568 5639 vn.
584 5583 612 5638 s.
625 5579 718 5638 amns.
734 5581 761 5636 s.
1121 5577 1174 5652 (aar
1194 5573 1547 5634 vauterannus.
