4106 6178
122 397 190 453 1229
881 430 1041 497 cludine.

188 527 247 583 lloc
260 525 331 585 testo
350 531 467 601 placidis
481 550 542 595 cum
561 541 612 598 tibl
631 542 767 605 laudibus.

222 616 259 672 Te
273 616 437 678 mirabiliter
450 625 526 695 colit,

186 704 299 774 undat,
315 711 470 780 magnificat
483 715 587 775 Graecia
601 721 721 792 nobills;

186 793 242 848 lmo
256 795 342 852 totius
356 799 432 855 orbis
446 801 506 859 baec

184 881 289 939 Gaudet
303 893 374 942 mata
389 888 440 944 tibi
459 904 572 950 munera
586 896 702 956 solvere.

219 972 312 1029 Mundi
329 976 413 1033 Roma
428 987 510 1051 caput
525 984 579 1040 tuis

185 1059 325 1129 ‚squalere
344 1065 466 1123 celebrat
479 1083 589 1140 semper
603 1075 746 1145 apostolis,

183 1149 266 1218 cujus
284 1152 381 1208 crebra
392 1156 530 1225 jrrvamina

181 1238 243 1294 Non
262 1239 355 1296 multis
369 1245 498 1312 precibus
517 1250 626 1318 quant,
642 1259 670 1309 et
688 1254 817 1327 impetrat

215 1327 282 1395 Quis
295 1341 352 1386 non
367 1331 481 1392 duceret
495 1337 568 1395 huuc
582 1339 655 1398 diem

181 1415 290 1474 Festum
309 1418 371 1488 plus
384 1423 509 1492 aelionis,
526 1441 587 1485 cum
606 1431 780 1501 genitoribus

180 1504 266 1562 Natus
280 1506 372 1564 reddit
391 1512 426 1568 ab
446 1511 573 1573 hostibus

179 1592 284 1664 Raptos
296 1596 332 1652 ad
347 1600 413 1655 rarii
429 1602 534 1660 servitii
546 1607 651 1676 jugum.

214 1682 294 1741 Ponti
313 1687 479 1760 multiplices
497 1693 574 1750 sinus

176 1770 330 1831 observans
343 1774 417 1833 taciti
436 1793 498 1836 cum
514 1796 596 1851 prece
610 1789 743 1856 posceris.

176 1860 395 1933 Tempestatibus
408 1867 528 1927 borridls
936 1897 960 1954 Β

176 1950 330 2010 submersis
343 1955 459 2014 miseros
471 1961 585 2019 navibus
599 1965 692 2036 eripis.

298 2135 332 2187 In
345 2131 448 2192 medem
460 2144 560 2196 seretur
575 2140 740 2200 Christiane.

105 2216 184 2287 virgo
199 2216 290 2276 dicata
303 2221 359 2278 beo
374 2225 464 2293 nobis,
480 2227 628 2298 Christina,
649 2231 749 2303 loreto,

136 2305 177 2361 Sit
191 2306 286 2379 decus,
306 2314 389 2381 atque
408 2314 488 2383 quies
506 2317 634 2374 omuibus
648 2319 699 2376 ista
715 2321 784 2380 dies.

100 2391 182 2450 Plebs
199 2394 270 2453 bene
289 2398 371 2456 docta
393 2401 475 2459 nimis
494 2405 545 2461 tibi
564 2406 692 2465 laudibus
714 2409 797 2468 instat
817 2415 922 2487 amicis,

137 2484 225 2541 Possit
243 2490 273 2542 ut
286 2489 389 2546 auxilio
403 2495 462 2548 tuta
478 2508 587 2552 manere
607 2502 665 2554 tuo.

96 2572 137 2626 Tu
156 2576 252 2643 patriae
267 2577 335 2648 legis
349 2593 440 2637 mores
455 2582 523 2639 nibil
543 2599 604 2642 esse
620 2586 729 2658 leteris,

137 2663 170 2718 ut
188 2664 289 2722 doceas
301 2669 426 2736 comites,
446 2686 509 2741 quae
527 2674 563 2730 sit
577 2673 703 2735 habenda
718 2681 796 2738 tides.

96 2748 175 2822 idola
188 2754 348 2826 confringis,
369 2757 528 2828 praelectum
543 2762 669 2836 dogmate
688 2770 784 2840 vincis,

136 2841 201 2898 Esse
216 2844 301 2899 boum
315 2844 441 2914 credens,
458 2850 505 2918 qui
519 2865 604 2921 super
621 2863 694 2913 astra
708 2859 797 2917 sedet.

95 2928 205 3000 Flagra,
221 2937 319 3002 rotam,
334 2934 441 3006 gladios
456 2939 573 3009 primum
588 2943 705 3015 depellis
718 2956 824 3020 acutos,

133 3016 200 3074 Post
214 3018 311 3092 pelago
325 3035 440 3080 mersam
461 3031 488 3083 tc
502 3027 579 3086 dedit
588 3032 661 3089 unda
676 3032 760 3093 iores.

93 3104 149 3161 sed
169 3114 248 3176 peter
266 3110 367 3168 intldus
381 3114 464 3172 miser
478 3118 580 3174 occidit
595 3120 683 3180 bostis
692 3125 813 3198 iniquus,

132 3195 192 3265 lpse
207 3197 319 3267 quidem
334 3202 425 3270 petiit,
441 3211 468 3261 te
482 3207 554 3264 Deus
572 3210 684 3281 eripuit.
927 3229 949 3288 c

92 3283 241 3355 Frangitur
254 3286 308 3344 olla
322 3291 390 3346 satis
403 3292 528 3352 conserta
543 3297 697 3368 liquoribus
712 3305 789 3374 atris,

128 3374 217 3430 Aurea
231 3375 320 3433 delusi
333 3378 401 3436 solis
415 3381 505 3456 imago
520 3387 586 3444 ruit.

89 3462 151 3518 Hoc
166 3463 235 3520 male
249 3466 433 3526 turbatorem
446 3472 480 3528 ad
498 3475 600 3544 judicis
619 3479 726 3537 intonat
741 3483 825 3553 redes,

128 3551 170 3608 Fit
184 3567 248 3610 reus
261 3555 290 3611 in
311 3571 393 3614 causa
406 3573 506 3618 censor
521 3569 548 3620 et
563 3565 622 3636 ipse
638 3573 696 3626 tua.
799 3641 802 3647 Ι

88 3639 252 3700 Tradiderat
265 3645 319 3702 diri
334 3646 449 3706 dammis
463 3655 509 3707 tua
523 3656 645 3712 membre
659 3659 770 3729 camini,

126 3729 190 3796 Quae
206 3736 306 3802 umen,
323 3741 353 3791 ut
371 3737 467 3806 voluit,
484 3741 601 3811 perdere
616 3758 672 3802 non
688 3750 789 3818 potuit.

87 3817 225 3876 occubuit
243 3822 347 3880 llarsus
357 3833 515 3896 serpentum
535 3834 672 3891 morsibus
685 3843 776 3908 aptus,

125 3906 240 3965 Nomine
253 3910 303 3967 sed
317 3913 425 3971 bomini
439 3918 541 3976 restitit
555 3921 711 3982 incolumis.

86 3994 155 4052 lude
170 4011 248 4054 cares
260 3999 364 4072 lingua,
381 4007 517 4064 truncaris
532 4013 648 4083 utraque
669 4015 799 4085 mamilla,

124 4085 245 4144 lnltceris
255 4089 365 4159 jaculis,
380 4093 420 4148 sic
439 4095 514 4153 celer
528 4105 601 4156 astra
620 4103 701 4172 petis.

84 4172 158 4243 Ergo
177 4174 257 4242 doce,
272 4179 349 4251 virgo
368 4183 474 4241 coelesti
489 4186 571 4245 docta
586 4192 727 4262 magistro,

122 4262 191 4330 Quid
206 4269 252 4322 tua
267 4266 345 4338 plebs
355 4267 438 4328 iaciat
450 4288 506 4345 quo
520 4276 591 4335 cluis
602 4285 632 4336 ut
651 4281 752 4339 veniat.

460 4364 529 4421 lllll.

407 4452 440 4505 In
454 4453 581 4511 commin.

79 4527 246 4588 intemerata
259 4533 313 4591 lide
327 4540 430 4594 uostrae
444 4553 575 4598 succurre
590 4544 696 4615 ruinae,
913 4559 938 4617 D

117 4620 178 4688 lpse
197 4621 274 4678 dedit
287 4624 369 4695 vires,
386 4630 466 4699 culus
484 4643 576 4688 amore
589 4634 674 4706 viges.

76 4707 130 4775 Tu,
147 4715 224 4780 patre
239 4718 407 4787 contempto,
424 4719 491 4791 itegi
506 4723 653 4793 conjuncta
667 4740 808 4798 superno,

115 4799 207 4870 iurgio
222 4800 343 4872 derides,
358 4807 473 4865 uerbera
487 4809 562 4867 nulla
578 4813 667 4871 times.

74 4885 112 4941 Et
127 4889 191 4958 quia
207 4893 233 4945 te
247 4892 373 4950 cbristus
391 4897 515 4956 Salvator
533 4904 756 4977 possiderimus,

115 4977 166 5044 ira,
177 4976 381 5053 iurcr,gladius
395 4986 433 5041 nil
453 4988 524 5045 velet
536 4993 667 5050 exterius.

68 5066 88 5121 J
93 5078 155 5122 ussa
170 5067 270 5126 ducum
284 5073 403 5143 spernis,
419 5079 519 5135 temnis
533 5089 671 5155 praecepta
686 5089 818 5159 parentis,

111 5155 156 5212 Sic
170 5163 261 5216 servat
273 5175 402 5232 sponsam
418 5181 465 5223 rex
479 5169 506 5224 iu
521 5183 609 5242 agone
623 5188 710 5232 suam.

65 5244 181 5303 AEstuat
198 5249 334 5320 Urbanus,
349 5253 442 5313 tremit
455 5258 545 5325 idion,
560 5267 588 5318 et
601 5264 736 5322 Julianus.

106 5335 188 5394 Arma
203 5339 346 5409 pudicitie
359 5345 420 5414 quis
435 5361 565 5416 superare
589 5359 702 5422 potest?

62 5421 124 5478 Sed
141 5426 204 5494 quia
217 5433 308 5485 mente
323 5431 393 5488 colis
406 5433 554 5504 Christum,
566 5453 647 5509 quem
662 5444 772 5504 nomine
787 5448 894 5521 prodis,

107 5510 138 5566 ln
156 5510 246 5586 fragili
265 5531 332 5576 sexu
350 5519 430 5579 tortis
443 5523 517 5581 inest
529 5528 645 5586 animus.

60 5597 184 5656 Coelitus
199 5602 279 5674 igniti
293 5605 417 5680 lrigcsctt
432 5613 538 5672 llamma
552 5619 662 5675 camini.

107 5687 266 5760 virgineum
281 5709 383 5768 corpus
401 5712 457 5758 non
471 5705 573 5764 retinet
586 5707 709 5782 pelagus.

1732 479 1801 540 1230

946 563 1041 632 Alton
1056 573 1126 638 rota,
1143 585 1198 630 non
1212 573 1325 649 terrum,
1341 594 1396 640 non
1411 589 1517 659 spicula
1535 596 1610 656 mille
1625 598 1763 665 incentum

1015 653 1164 717 immutant
1177 663 1306 736 animum,
1321 670 1397 744 uirgo
1416 674 1506 747 beata,
1522 688 1608 743 tuum.

977 740 1113 814 virgineis
1129 751 1258 819 precibus
1268 758 1378 827 juvenis
1396 762 1430 822 de
1445 777 1533 829 morte
1548 789 1695 854 resurgens

1012 832 1133 894 AEtberei
1147 841 1231 912 Regis
1244 847 1372 909 subditur
1389 853 1522 927 imperiis.

976 919 1045 987 Quid
1059 925 1165 984 iuliane
1179 929 1265 990 lacis!
1281 938 1347 1008 quid
1363 956 1463 1004 censor
1477 949 1571 1022 inique
1592 961 1730 1020 moraris?

1012 1012 1106 1070 Victus
1120 1031 1160 1086 es,
1177 1025 1206 1076 ut
1220 1024 1311 1096 video,
1330 1038 1443 1100 pectore
1462 1036 1592 1100 femineo.

974 1097 1078 1158 Perllce
1092 1107 1167 1174 quod
1182 1117 1277 1182 restat,
1298 1124 1373 1176 tenta
1392 1125 1466 1194 quod
1487 1128 1584 1188 durius
1598 1143 1697 1197 exstat.

1009 1190 1070 1246 Non
1089 1203 1179 1254 cesset
1192 1197 1297 1273 leritas,
1313 1220 1368 1265 non
1383 1221 1463 1271 vacet
1477 1217 1614 1289 impietas.

972 1277 1056 1336 luicr
1082 1283 1172 1344 adbuc
1190 1289 1320 1365 linguam,
1345 1301 1438 1374 miser,
1459 1307 1535 1366 aulen
1565 1320 1708 1388 utramque
1734 1336 1796 1380 ma-

1632 1408 1735 1468 millam
1747 1431 1754 1480 ;

1007 1458 1060 1515 Sed
1074 1461 1098 1518 si
1113 1476 1168 1522 non
1183 1466 1316 1544 loquitur,
1332 1488 1424 1539 mente
1442 1486 1498 1544 ilco
1512 1487 1622 1562 inuitur,

969 1545 1026 1604 Nos
1044 1549 1094 1606 tibi
1109 1560 1280 1632 commissos,
1291 1565 1445 1629 Christiana
1459 1576 1582 1646 piissime
1596 1583 1683 1656 virgo,

1005 1636 1120 1712 Protege
1139 1651 1291 1720 perpetuis,
1307 1658 1455 1731 poscimus,
1472 1667 1597 1737 auxiliis;

968 1721 1067 1784 nllluat
1081 1729 1109 1786 in
1128 1734 1210 1793 uobis
1224 1745 1321 1800 aeterni
1337 1760 1436 1806 munus
1449 1756 1561 1826 amoris,

1003 1814 1087 1882 Quam
1102 1820 1172 1879 colis
1185 1826 1220 1882 ad
1235 1832 1351 1898 patriam
1365 1851 1432 1906 grex
1452 1845 1516 1898 tuus
1529 1850 1560 1901 ut
1574 1847 1675 1905 veniat.

1349 1924 1417 1983 lilv.

1293 2009 1328 2064 Ic
1341 2015 1468 2073 camdem.

1107 2085 1199 2160 Virgo,
1220 2092 1347 2154 sidericis
1366 2103 1452 2161 ardua
1469 2109 1592 2182 sedibus,

1036 2169 1083 2238 Te,
1098 2173 1261 2249 Christiana,
1278 2185 1333 2241 tuis
1347 2188 1438 2248 insere
1455 2181 1592 2268 plebibus,

1036 2260 1070 2315 Ut
1084 2263 1191 2331 possint
1205 2269 1315 2338 placido
1330 2289 1403 2334 nunc
1418 2280 1468 2338 tibi
1487 2293 1600 2356 pectore

1107 2353 1206 2412 Laudis
1220 2361 1312 2418 munia
1326 2365 1444 2426 solvere.

1034 2436 1073 2494 Pu
1089 2443 1174 2508 patris
1189 2447 1272 2506 rutilo
1285 2452 1429 2522 splendida
1443 2465 1577 2535 germine,

1034 2526 1088 2584 Sed
1107 2531 1193 2590 multo
1208 2537 1307 2596 melius
1326 2546 1449 2606 moribus
1464 2558 1492 2609 et
1510 2553 1575 2626 tide,

1034 2615 1102 2674 Dum
1117 2627 1192 2679 casto
1207 2624 1311 2700 relegis
1329 2647 1447 2705 corpore
1461 2644 1603 2714 saeculum,

1104 2710 1232 2780 acquiris
1251 2720 1379 2778 comitem
1393 2726 1488 2786 beum.
1531 2789 1540 2804 ,

1037 2796 1121 2867 Cujus
1135 2799 1211 2868 jussa
1227 2807 1322 2874 probis
1340 2813 1448 2872 actibus
1463 2822 1581 2890 prodere
1601 2839 1655 2884 non
1671 2829 1753 2889 times

1033 2885 1117 2952 Quem
1132 2891 1213 2947 saeris
1230 2894 1347 2956 ducibus
1361 2906 1480 2973 prodere
1500 2925 1555 2970 non
1571 2916 1650 2974 times

1033 2974 1204 3049 contemptis
1217 2984 1308 3045 valido
1323 2999 1436 3060 pectore
1456 2997 1555 3058 lortius

1104 3066 1249 3128 Poenarum
1263 3091 1351 3147 genus
1364 3081 1518 3146 borridum.

1032 3152 1108 3223 Quae,
1125 3156 1166 3212 vel
1181 3169 1283 3229 quanta
1297 3169 1398 3238 quibus
1412 3177 1508 3245 praelia
1519 3184 1639 3251 gesseris

1028 3240 1103 3311 ignis
1117 3257 1178 3302 cum
1193 3248 1302 3322 gladiis,
1318 3255 1446 3332 fustibus,
1463 3272 1491 3322 et
1506 3271 1585 3339 rotis,

1030 3330 1142 3401 vinclis,
1158 3339 1330 3413 verberibus,
1351 3362 1468 3422 cumque
1482 3355 1622 3417 ferocibus
1738 3353 1740 3358 ’

1100 3421 1226 3482 Telorum
1242 3432 1342 3498 probat
1356 3437 1467 3499 ictibus.

1025 3505 1083 3561 tam
1098 3522 1225 3579 supreme
1241 3518 1297 3586 poli
1317 3536 1379 3592 quae
1391 3535 1521 3597 penetras
1534 3534 1606 3606 loca,

1025 3593 1111 3653 Nobis
1129 3603 1159 3654 ut
1173 3608 1294 3674 pateant,
1315 3608 1368 3668 lmc
1383 3630 1465 3685 prece
1479 3619 1521 3678 iac
1536 3629 1592 3682 tua.

1025 3683 1059 3739 m
1072 3697 1183 3758 semper
1196 3706 1358 3768 memorum,
1373 3705 1397 3759 si
1412 3712 1618 3784 memoraberis,

1094 3775 1171 3834 Felix
1185 3794 1245 3838 esse
1261 3799 1365 3846 memor
1383 3794 1461 3853 velis.

1023 3860 1068 3917 Sic
1084 3864 1165 3922 nobis
1183 3869 1285 3942 licitas,
1300 3878 1369 3935 Rex.
1387 3887 1432 3938 tna
1447 3886 1581 3960 conterat,

1021 3950 1181 4013 lliscordem
1196 3966 1318 4022 numeris
1336 3975 1494 4043 congeriem
1513 3979 1612 4053 ligans,

1021 4040 1056 4097 Ut
1068 4055 1162 4102 secum
1181 4049 1273 4108 stabili
1293 4070 1360 4126 pace
1375 4073 1426 4130 per
1444 4069 1535 4126 omnia

1090 4131 1217 4194 vivamus
1235 4141 1285 4198 tibi
1303 4149 1431 4206 saeculo.⁴

1339 4237 1393 4294 XV.

1271 4322 1304 4375 Io·
1319 4327 1445 4385 eamdem.

1069 4451 1073 4456 .
1124 4402 1237 4461 Foutsm
1257 4413 1388 4477 perennis
1404 4419 1499 4486 gratiae

1089 4488 1195 4560 Praebc,
1211 4496 1285 4564 quod
1301 4513 1341 4567 es,
1358 4503 1421 4560 lesu
1441 4508 1497 4578 pie,

1089 4576 1118 4632 ln
1133 4576 1213 4637 laude
1229 4589 1311 4644 tantae
1325 4589 1438 4662 virginis

1086 4665 1138 4723 Pro
1159 4674 1185 4725 te
1201 4677 1302 4742 paratis
1317 4682 1444 4739 servulis.

1120 4757 1185 4814 llaec
1200 4774 1317 4834 namque
1331 4769 1448 4837 primum
1464 4779 1574 4838 nomine

1084 4841 1149 4900 Post
1168 4853 1194 4903 te
1209 4859 1317 4909 nemrot
1336 4856 1473 4932 dogmate,

1082 4931 1126 4988 Sic
1140 4948 1241 5005 sponsa
1255 4945 1350 5010 sponsi
1365 4949 1453 5019 gloria

1081 5021 1151 5090 Apte
1165 5021 1218 5080 lrui
1234 5026 1406 5094 decreuerat.

1117 5111 1205 5170 Exosa
1220 5131 1335 5192 pompas
1349 5128 1444 5184 saeculi

988 5215 996 5228 =
1081 5197 1117 5253 Te
1132 5198 1219 5259 forma
1233 5212 1360 5277 quaesivit
1375 5215 1451 5285 boni,

1080 5287 1164 5353 Quem
1179 5290 1232 5349 lixa
1251 5297 1313 5354 telis
1329 5300 1449 5362 horridis

1079 5375 1201 5436 Laudare
1216 5396 1355 5456 nunquam
1369 5391 1461 5452 desiit.

1113 5467 1191 5526 Nunc
1210 5479 1287 5544 grata
1305 5492 1422 5549 carpens
1436 5489 1558 5556 gramim

1078 5555 1152 5612 inter
1170 5572 1293 5620 rosarum
1307 5571 1440 5638 germina,

1076 5644 1187 5702 demnis
1200 5651 1346 5713 micantem
1360 5658 1472 5732 fulgidis

1076 5731 1169 5790 Gestat
1183 5749 1313 5800 coronam
1331 5744 1452 5808 luminis.
