<?xml version="1.0" encoding="UTF-8"?>
<!DOCTYPE html PUBLIC "-//W3C//DTD XHTML 1.0 Transitional//EN"
    "http://www.w3.org/TR/xhtml1/DTD/xhtml1-transitional.dtd">
<html xmlns="http://www.w3.org/1999/xhtml" xml:lang="en" lang="en">
 <head>
  <title>
</title>
<meta http-equiv="Content-Type" content="text/html;charset=utf-8" />
  <meta name='ocr-system' content='tesseract 3.04.00' />
  <meta name='ocr-capabilities' content='ocr_page ocr_carea ocr_par ocr_line ocrx_word'/>
</head>
<body>
  <div class='ocr_page' id='page_1' title='image "./patrologiaecurs128unkngoog_0221.png"; bbox 0 0 4024 6174; ppageno 0'>
   <div class='ocr_carea' id='block_1_1' title="bbox 117 281 1781 351">
    <p class='ocr_par' dir='ltr' id='par_1_1' title="bbox 117 281 1781 351">
     <span class='ocr_line' id='line_1_1' title="bbox 117 281 1781 351; baseline -0.01 -1"><span class='ocrx_word' id='word_1_1' title='bbox 117 291 163 350; x_wconf 73' lang='lat' dir='ltr'><strong>tin</strong></span> <span class='ocrx_word' id='word_1_2' title='bbox 764 285 926 346; x_wconf 78' lang='lat' dir='ltr'><strong>llilitblis.</strong></span> <span class='ocrx_word' id='word_1_3' title='bbox 946 315 982 326; x_wconf 96' lang='lat'>-</span> <span class='ocrx_word' id='word_1_4' title='bbox 1000 284 1055 342; x_wconf 80' lang='lat' dir='ltr'><strong>nli.</strong></span> <span class='ocrx_word' id='word_1_5' title='bbox 1078 281 1156 341; x_wconf 71' lang='lat' dir='ltr'><strong>inin.</strong></span> <span class='ocrx_word' id='word_1_6' title='bbox 1727 289 1781 351; x_wconf 73' lang='lat'><strong>434</strong></span> 
     </span>
    </p>
   </div>
   <div class='ocr_carea' id='block_1_2' title="bbox 101 409 1783 2085">
    <p class='ocr_par' dir='ltr' id='par_1_2' title="bbox 101 409 1783 2085">
     <span class='ocr_line' id='line_1_2' title="bbox 115 409 1781 483; baseline 0.002 -8"><span class='ocrx_word' id='word_1_7' title='bbox 115 426 172 476; x_wconf 93' lang='lat' dir='ltr'><strong>voto</strong></span> <span class='ocrx_word' id='word_1_8' title='bbox 201 415 379 474; x_wconf 79' lang='lat' dir='ltr'><strong>consentiret.</strong></span> <span class='ocrx_word' id='word_1_9' title='bbox 412 413 499 473; x_wconf 81' lang='lat' dir='ltr'><strong>iliter</strong></span> <span class='ocrx_word' id='word_1_10' title='bbox 530 423 648 483; x_wconf 87' lang='lat' dir='ltr'><strong>namque</strong></span> <span class='ocrx_word' id='word_1_11' title='bbox 680 427 734 472; x_wconf 90' lang='lat' dir='ltr'><strong>noo</strong></span> <span class='ocrx_word' id='word_1_12' title='bbox 772 409 1034 476; x_wconf 69' lang='lat' dir='ltr'><strong>maximamasoria</strong></span> <span class='ocrx_word' id='word_1_13' title='bbox 1066 410 1288 482; x_wconf 78' lang='lat' dir='ltr'><strong>querimoniosus</strong></span> <span class='ocrx_word' id='word_1_14' title='bbox 1319 411 1505 482; x_wconf 89' lang='lat' dir='ltr'><strong>proclamavit,</strong></span> <span class='ocrx_word' id='word_1_15' title='bbox 1530 417 1558 472; x_wconf 91' lang='lat' dir='ltr'><strong>et</strong></span> <span class='ocrx_word' id='word_1_16' title='bbox 1572 417 1781 478; x_wconf 87' lang='lat' dir='ltr'><strong>utltoudolium</strong></span> 
     </span>
     <span class='ocr_line' id='line_1_3' title="bbox 114 499 1782 576; baseline 0.001 -12"><span class='ocrx_word' id='word_1_17' title='bbox 114 506 186 564; x_wconf 87' lang='lat' dir='ltr'><strong>idem</strong></span> <span class='ocrx_word' id='word_1_18' title='bbox 204 506 231 560; x_wconf 90' lang='lat' dir='ltr'><strong>lo</strong></span> <span class='ocrx_word' id='word_1_19' title='bbox 251 517 342 576; x_wconf 77' lang='lat' dir='ltr'><strong>regern</strong></span> <span class='ocrx_word' id='word_1_20' title='bbox 371 503 528 560; x_wconf 90' lang='lat' dir='ltr'><strong>lleinricum</strong></span> <span class='ocrx_word' id='word_1_21' title='bbox 555 505 669 572; x_wconf 86' lang='lat' dir='ltr'><strong>ejusque</strong></span> <span class='ocrx_word' id='word_1_22' title='bbox 698 501 847 556; x_wconf 74' lang='lat' dir='ltr'><strong>tantotiens</strong></span> <span class='ocrx_word' id='word_1_23' title='bbox 874 512 920 555; x_wconf 88' lang='lat' dir='ltr'><strong>ex·</strong></span> <span class='ocrx_word' id='word_1_24' title='bbox 961 512 1023 554; x_wconf 90' lang='lat' dir='ltr'><strong>cum</strong></span> <span class='ocrx_word' id='word_1_25' title='bbox 1055 499 1114 554; x_wconf 91' lang='lat' dir='ltr'><strong>suis</strong></span> <span class='ocrx_word' id='word_1_26' title='bbox 1140 501 1268 557; x_wconf 91' lang='lat' dir='ltr'><strong>omnibus</strong></span> <span class='ocrx_word' id='word_1_27' title='bbox 1289 504 1462 560; x_wconf 79' lang='lat' dir='ltr'><strong>auctoritatis</strong></span> <span class='ocrx_word' id='word_1_28' title='bbox 1485 503 1645 575; x_wconf 87' lang='lat' dir='ltr'><strong>apostolicae</strong></span> <span class='ocrx_word' id='word_1_29' title='bbox 1669 511 1782 566; x_wconf 86' lang='lat' dir='ltr'><strong>anathe-</strong></span> 
     </span>
     <span class='ocr_line' id='line_1_4' title="bbox 115 585 1780 666; baseline 0.002 -17"><span class='ocrx_word' id='word_1_30' title='bbox 115 603 208 666; x_wconf 91' lang='lat' dir='ltr'><strong>pertam</strong></span> <span class='ocrx_word' id='word_1_31' title='bbox 219 591 360 662; x_wconf 81' lang='lat' dir='ltr'><strong>perediam</strong></span> <span class='ocrx_word' id='word_1_32' title='bbox 376 599 404 647; x_wconf 89' lang='lat' dir='ltr'><strong>et</strong></span> <span class='ocrx_word' id='word_1_33' title='bbox 422 591 577 647; x_wconf 88' lang='lat' dir='ltr'><strong>vecordiam</strong></span> <span class='ocrx_word' id='word_1_34' title='bbox 596 603 626 646; x_wconf 91' lang='lat' dir='ltr'><strong>se</strong></span> <span class='ocrx_word' id='word_1_35' title='bbox 644 588 788 645; x_wconf 87' lang='lat' dir='ltr'><strong>babituros</strong></span> <span class='ocrx_word' id='word_1_36' title='bbox 804 585 920 656; x_wconf 84' lang='lat' dir='ltr'><strong>professi</strong></span> <span class='ocrx_word' id='word_1_37' title='bbox 962 594 1033 642; x_wconf 90' lang='lat' dir='ltr'><strong>mate</strong></span> <span class='ocrx_word' id='word_1_38' title='bbox 1047 587 1131 660; x_wconf 80' lang='lat' dir='ltr'><strong>digno</strong></span> <span class='ocrx_word' id='word_1_39' title='bbox 1147 589 1340 658; x_wconf 89' lang='lat' dir='ltr'><strong>percellerent,</strong></span> <span class='ocrx_word' id='word_1_40' title='bbox 1366 592 1433 646; x_wconf 89' lang='lat' dir='ltr'><strong>satis</strong></span> <span class='ocrx_word' id='word_1_41' title='bbox 1451 606 1588 663; x_wconf 88' lang='lat' dir='ltr'><strong>superque</strong></span> <span class='ocrx_word' id='word_1_42' title='bbox 1612 592 1780 665; x_wconf 79' lang='lat' dir='ltr'><strong>elllagitavit.</strong></span> 
     </span>
     <span class='ocr_line' id='line_1_5' title="bbox 112 675 1780 755; baseline 0.001 -15"><span class='ocrx_word' id='word_1_43' title='bbox 112 689 178 740; x_wconf 90' lang='lat' dir='ltr'><strong>sunt.</strong></span> <span class='ocrx_word' id='word_1_44' title='bbox 193 711 228 722; x_wconf 92' lang='lat'>-</span> <span class='ocrx_word' id='word_1_45' title='bbox 242 681 399 738; x_wconf 88' lang='lat' dir='ltr'><strong>Patriarcba</strong></span> <span class='ocrx_word' id='word_1_46' title='bbox 422 688 513 737; x_wconf 89' lang='lat' dir='ltr'><strong>autem</strong></span> <span class='ocrx_word' id='word_1_47' title='bbox 536 680 685 750; x_wconf 76' lang='lat' dir='ltr'><strong>ceterique</strong></span> <span class='ocrx_word' id='word_1_48' title='bbox 709 678 782 749; x_wconf 73' lang='lat' dir='ltr'><strong>regis</strong></span> <span class='ocrx_word' id='word_1_49' title='bbox 794 675 827 710; x_wconf 78' lang='lat'><strong>¹⁹⁸</strong></span> <span class='ocrx_word' id='word_1_50' title='bbox 839 677 922 733; x_wconf 86' lang='lat' dir='ltr'><strong>lami-</strong></span> <span class='ocrx_word' id='word_1_51' title='bbox 961 675 1098 745; x_wconf 77' lang='lat' dir='ltr'><strong>bulmque</strong></span> <span class='ocrx_word' id='word_1_52' title='bbox 1113 677 1140 732; x_wconf 95' lang='lat' dir='ltr'><strong>id</strong></span> <span class='ocrx_word' id='word_1_53' title='bbox 1155 692 1242 749; x_wconf 84' lang='lat' dir='ltr'><strong>genus</strong></span> <span class='ocrx_word' id='word_1_54' title='bbox 1260 679 1493 748; x_wconf 89' lang='lat' dir='ltr'><strong>adinventionum,</strong></span> <span class='ocrx_word' id='word_1_55' title='bbox 1519 682 1780 755; x_wconf 74' lang='lat' dir='ltr'><strong>accumtionumquc</strong></span> 
     </span>
     <span class='ocr_line' id='line_1_6' title="bbox 113 761 1782 842; baseline 0.002 -16"><span class='ocrx_word' id='word_1_56' title='bbox 113 771 196 836; x_wconf 88' lang='lat' dir='ltr'><strong>liores,</strong></span> <span class='ocrx_word' id='word_1_57' title='bbox 225 783 296 840; x_wconf 90' lang='lat' dir='ltr'><strong>quos</strong></span> <span class='ocrx_word' id='word_1_58' title='bbox 325 769 408 842; x_wconf 82' lang='lat' dir='ltr'><strong>legati</strong></span> <span class='ocrx_word' id='word_1_59' title='bbox 435 768 581 840; x_wconf 90' lang='lat' dir='ltr'><strong>apostolici</strong></span> <span class='ocrx_word' id='word_1_60' title='bbox 608 770 637 824; x_wconf 89' lang='lat' dir='ltr'><strong>in</strong></span> <span class='ocrx_word' id='word_1_61' title='bbox 661 782 712 826; x_wconf 91' lang='lat' dir='ltr'><strong>suo</strong></span> <span class='ocrx_word' id='word_1_62' title='bbox 735 768 767 800; x_wconf 73' lang='lat'><strong>’⁹‘</strong></span> <span class='ocrx_word' id='word_1_63' title='bbox 789 769 920 825; x_wconf 82' lang='lat' dir='ltr'><strong>comitatu</strong></span> <span class='ocrx_word' id='word_1_64' title='bbox 961 761 1151 832; x_wconf 78' lang='lat' dir='ltr'><strong>clamosarum,</strong></span> <span class='ocrx_word' id='word_1_65' title='bbox 1167 773 1211 822; x_wconf 91' lang='lat' dir='ltr'><strong>set</strong></span> <span class='ocrx_word' id='word_1_66' title='bbox 1224 781 1279 824; x_wconf 90' lang='lat' dir='ltr'><strong>noo</strong></span> <span class='ocrx_word' id='word_1_67' title='bbox 1295 773 1325 824; x_wconf 88' lang='lat' dir='ltr'><strong>ut</strong></span> <span class='ocrx_word' id='word_1_68' title='bbox 1339 768 1426 825; x_wconf 85' lang='lat' dir='ltr'><strong>lectur</strong></span> <span class='ocrx_word' id='word_1_69' title='bbox 1439 785 1473 827; x_wconf 85' lang='lat' dir='ltr'><strong>ex</strong></span> <span class='ocrx_word' id='word_1_70' title='bbox 1487 774 1561 826; x_wconf 89' lang='lat' dir='ltr'><strong>omui</strong></span> <span class='ocrx_word' id='word_1_71' title='bbox 1578 775 1654 841; x_wconf 91' lang='lat' dir='ltr'><strong>parte</strong></span> <span class='ocrx_word' id='word_1_72' title='bbox 1669 771 1782 829; x_wconf 90' lang='lat' dir='ltr'><strong>idonea-</strong></span> 
     </span>
     <span class='ocr_line' id='line_1_7' title="bbox 111 856 1781 929; baseline 0.002 -15"><span class='ocrx_word' id='word_1_73' title='bbox 111 873 195 916; x_wconf 86' lang='lat' dir='ltr'><strong>secum</strong></span> <span class='ocrx_word' id='word_1_74' title='bbox 221 858 403 926; x_wconf 84' lang='lat' dir='ltr'><strong>adduxerant,</strong></span> <span class='ocrx_word' id='word_1_75' title='bbox 429 859 585 929; x_wconf 80' lang='lat' dir='ltr'><strong>hujusmodi</strong></span> <span class='ocrx_word' id='word_1_76' title='bbox 618 865 727 929; x_wconf 89' lang='lat' dir='ltr'><strong>pactum</strong></span> <span class='ocrx_word' id='word_1_77' title='bbox 759 859 838 929; x_wconf 90' lang='lat' dir='ltr'><strong>quasi</strong></span> <span class='ocrx_word' id='word_1_78' title='bbox 865 870 920 913; x_wconf 89' lang='lat' dir='ltr'><strong>non</strong></span> <span class='ocrx_word' id='word_1_79' title='bbox 961 865 1021 907; x_wconf 86' lang='lat' dir='ltr'><strong>rum</strong></span> <span class='ocrx_word' id='word_1_80' title='bbox 1045 856 1263 926; x_wconf 75' lang='lat' dir='ltr'><strong>excogitamenta</strong></span> <span class='ocrx_word' id='word_1_81' title='bbox 1287 857 1346 929; x_wconf 90' lang='lat' dir='ltr'><strong>ipse</strong></span> <span class='ocrx_word' id='word_1_82' title='bbox 1364 873 1426 914; x_wconf 92' lang='lat' dir='ltr'><strong>cum</strong></span> <span class='ocrx_word' id='word_1_83' title='bbox 1449 861 1507 916; x_wconf 89' lang='lat' dir='ltr'><strong>suis</strong></span> <span class='ocrx_word' id='word_1_84' title='bbox 1529 860 1657 917; x_wconf 89' lang='lat' dir='ltr'><strong>omnibus</strong></span> <span class='ocrx_word' id='word_1_85' title='bbox 1679 861 1781 918; x_wconf 88' lang='lat' dir='ltr'><strong>tumul·</strong></span> 
     </span>
     <span class='ocr_line' id='line_1_8' title="bbox 111 942 1780 1017; baseline 0.003 -17"><span class='ocrx_word' id='word_1_86' title='bbox 111 947 287 1002; x_wconf 88' lang='lat' dir='ltr'><strong>necessarium</strong></span> <span class='ocrx_word' id='word_1_87' title='bbox 322 946 369 1002; x_wconf 93' lang='lat' dir='ltr'><strong>din</strong></span> <span class='ocrx_word' id='word_1_88' title='bbox 402 947 571 1017; x_wconf 89' lang='lat' dir='ltr'><strong>multumque</strong></span> <span class='ocrx_word' id='word_1_89' title='bbox 602 954 771 1014; x_wconf 82' lang='lat' dir='ltr'><strong>recusantes,</strong></span> <span class='ocrx_word' id='word_1_90' title='bbox 809 946 921 1002; x_wconf 92' lang='lat' dir='ltr'><strong>laudare</strong></span> <span class='ocrx_word' id='word_1_91' title='bbox 962 945 1039 996; x_wconf 92' lang='lat' dir='ltr'><strong>tuosa</strong></span> <span class='ocrx_word' id='word_1_92' title='bbox 1054 942 1136 999; x_wconf 85' lang='lat' dir='ltr'><strong>rimis</strong></span> <span class='ocrx_word' id='word_1_93' title='bbox 1153 945 1326 1002; x_wconf 88' lang='lat' dir='ltr'><strong>animositate</strong></span> <span class='ocrx_word' id='word_1_94' title='bbox 1338 947 1503 1017; x_wconf 91' lang='lat' dir='ltr'><strong>inportunus</strong></span> <span class='ocrx_word' id='word_1_95' title='bbox 1517 949 1573 1004; x_wconf 85' lang='lat' dir='ltr'><strong>illic</strong></span> <span class='ocrx_word' id='word_1_96' title='bbox 1587 955 1630 1006; x_wconf 90' lang='lat' dir='ltr'><strong>set</strong></span> <span class='ocrx_word' id='word_1_97' title='bbox 1644 962 1699 1006; x_wconf 92' lang='lat' dir='ltr'><strong>non</strong></span> <span class='ocrx_word' id='word_1_98' title='bbox 1713 963 1780 1007; x_wconf 92' lang='lat' dir='ltr'><strong>sen·</strong></span> 
     </span>
     <span class='ocr_line' id='line_1_9' title="bbox 109 1031 1781 1108; baseline 0.004 -19"><span class='ocrx_word' id='word_1_99' title='bbox 109 1034 258 1091; x_wconf 85' lang='lat' dir='ltr'><strong>uoluerant.</strong></span> <span class='ocrx_word' id='word_1_100' title='bbox 274 1037 386 1093; x_wconf 87' lang='lat' dir='ltr'><strong>llcnrum</strong></span> <span class='ocrx_word' id='word_1_101' title='bbox 400 1049 466 1092; x_wconf 91' lang='lat' dir='ltr'><strong>vero</strong></span> <span class='ocrx_word' id='word_1_102' title='bbox 480 1050 541 1092; x_wconf 91' lang='lat' dir='ltr'><strong>cum</strong></span> <span class='ocrx_word' id='word_1_103' title='bbox 556 1035 672 1107; x_wconf 83' lang='lat' dir='ltr'><strong>legatos,</strong></span> <span class='ocrx_word' id='word_1_104' title='bbox 696 1037 832 1092; x_wconf 69' lang='lat' dir='ltr'><strong>&amp;tonum</strong></span> <span class='ocrx_word' id='word_1_105' title='bbox 855 1049 920 1090; x_wconf 90' lang='lat' dir='ltr'><strong>sen·</strong></span> <span class='ocrx_word' id='word_1_106' title='bbox 962 1031 1079 1088; x_wconf 88' lang='lat' dir='ltr'><strong>tentlose</strong></span> <span class='ocrx_word' id='word_1_107' title='bbox 1094 1033 1296 1100; x_wconf 88' lang='lat' dir='ltr'><strong>concinnabat;</strong></span> <span class='ocrx_word' id='word_1_108' title='bbox 1317 1049 1346 1091; x_wconf 92' lang='lat' dir='ltr'><strong>se</strong></span> <span class='ocrx_word' id='word_1_109' title='bbox 1361 1049 1472 1107; x_wconf 93' lang='lat' dir='ltr'><strong>quoque</strong></span> <span class='ocrx_word' id='word_1_110' title='bbox 1495 1037 1654 1108; x_wconf 86' lang='lat' dir='ltr'><strong>apostolicae</strong></span> <span class='ocrx_word' id='word_1_111' title='bbox 1676 1041 1781 1098; x_wconf 91' lang='lat' dir='ltr'><strong>delibe-</strong></span> 
     </span>
     <span class='ocr_line' id='line_1_10' title="bbox 109 1119 1782 1198; baseline 0.004 -18"><span class='ocrx_word' id='word_1_112' title='bbox 109 1125 195 1180; x_wconf 84' lang='lat' dir='ltr'><strong>tentlae</strong></span> <span class='ocrx_word' id='word_1_113' title='bbox 206 1131 302 1194; x_wconf 82' lang='lat' dir='ltr'><strong>utpote</strong></span> <span class='ocrx_word' id='word_1_114' title='bbox 315 1125 494 1196; x_wconf 83' lang='lat' dir='ltr'><strong>probabiliori</strong></span> <span class='ocrx_word' id='word_1_115' title='bbox 508 1125 597 1182; x_wconf 87' lang='lat' dir='ltr'><strong>lavere</strong></span> <span class='ocrx_word' id='word_1_116' title='bbox 613 1127 854 1198; x_wconf 79' lang='lat' dir='ltr'><strong>persentiscerent,</strong></span> <span class='ocrx_word' id='word_1_117' title='bbox 866 1137 920 1181; x_wconf 89' lang='lat' dir='ltr'><strong>non</strong></span> <span class='ocrx_word' id='word_1_118' title='bbox 962 1120 1062 1175; x_wconf 85' lang='lat' dir='ltr'><strong>rationi</strong></span> <span class='ocrx_word' id='word_1_119' title='bbox 1076 1119 1225 1187; x_wconf 87' lang='lat' dir='ltr'><strong>cboedisse,</strong></span> <span class='ocrx_word' id='word_1_120' title='bbox 1240 1122 1413 1181; x_wconf 87' lang='lat' dir='ltr'><strong>adversarios</strong></span> <span class='ocrx_word' id='word_1_121' title='bbox 1426 1134 1516 1181; x_wconf 90' lang='lat' dir='ltr'><strong>autern</strong></span> <span class='ocrx_word' id='word_1_122' title='bbox 1531 1141 1596 1184; x_wconf 90' lang='lat' dir='ltr'><strong>suos</strong></span> <span class='ocrx_word' id='word_1_123' title='bbox 1609 1129 1782 1186; x_wconf 87' lang='lat' dir='ltr'><strong>inoboedien·</strong></span> 
     </span>
     <span class='ocr_line' id='line_1_11' title="bbox 108 1207 1783 1284; baseline 0.003 -15"><span class='ocrx_word' id='word_1_124' title='bbox 108 1213 215 1270; x_wconf 92' lang='lat' dir='ltr'><strong>multum</strong></span> <span class='ocrx_word' id='word_1_125' title='bbox 247 1215 479 1282; x_wconf 86' lang='lat' dir='ltr'><strong>contradicentes,</strong></span> <span class='ocrx_word' id='word_1_126' title='bbox 509 1214 649 1271; x_wconf 89' lang='lat' dir='ltr'><strong>domiuum</strong></span> <span class='ocrx_word' id='word_1_127' title='bbox 681 1228 760 1271; x_wconf 91' lang='lat' dir='ltr'><strong>sunm</strong></span> <span class='ocrx_word' id='word_1_128' title='bbox 800 1214 922 1284; x_wconf 86' lang='lat' dir='ltr'><strong>quamvis</strong></span> <span class='ocrx_word' id='word_1_129' title='bbox 961 1207 1008 1263; x_wconf 86' lang='lat' dir='ltr'><strong>tiae</strong></span> <span class='ocrx_word' id='word_1_130' title='bbox 1023 1209 1164 1264; x_wconf 89' lang='lat' dir='ltr'><strong>convictos</strong></span> <span class='ocrx_word' id='word_1_131' title='bbox 1178 1207 1248 1276; x_wconf 88' lang='lat' dir='ltr'><strong>lore,</strong></span> <span class='ocrx_word' id='word_1_132' title='bbox 1264 1215 1292 1265; x_wconf 90' lang='lat' dir='ltr'><strong>ct</strong></span> <span class='ocrx_word' id='word_1_133' title='bbox 1306 1211 1333 1266; x_wconf 92' lang='lat' dir='ltr'><strong>in</strong></span> <span class='ocrx_word' id='word_1_134' title='bbox 1353 1211 1406 1269; x_wconf 94' lang='lat' dir='ltr'><strong>boc</strong></span> <span class='ocrx_word' id='word_1_135' title='bbox 1427 1216 1703 1274; x_wconf 76' lang='lat' dir='ltr'><strong>excommunicationi</strong></span> <span class='ocrx_word' id='word_1_136' title='bbox 1718 1218 1783 1274; x_wconf 89' lang='lat' dir='ltr'><strong>sub·</strong></span> 
     </span>
     <span class='ocr_line' id='line_1_12' title="bbox 107 1295 1783 1375; baseline 0.002 -19"><span class='ocrx_word' id='word_1_137' title='bbox 107 1301 284 1373; x_wconf 76' lang='lat' dir='ltr'><strong>reiragaotem</strong></span> <span class='ocrx_word' id='word_1_138' title='bbox 300 1303 334 1359; x_wconf 93' lang='lat' dir='ltr'><strong>ad</strong></span> <span class='ocrx_word' id='word_1_139' title='bbox 348 1303 402 1360; x_wconf 91' lang='lat' dir='ltr'><strong>boc</strong></span> <span class='ocrx_word' id='word_1_140' title='bbox 425 1310 533 1373; x_wconf 88' lang='lat' dir='ltr'><strong>pactum</strong></span> <span class='ocrx_word' id='word_1_141' title='bbox 550 1317 580 1360; x_wconf 91' lang='lat' dir='ltr'><strong>se</strong></span> <span class='ocrx_word' id='word_1_142' title='bbox 594 1310 741 1362; x_wconf 85' lang='lat' dir='ltr'><strong>coacturos</strong></span> <span class='ocrx_word' id='word_1_143' title='bbox 764 1303 834 1371; x_wconf 90' lang='lat' dir='ltr'><strong>lore,</strong></span> <span class='ocrx_word' id='word_1_144' title='bbox 858 1303 921 1359; x_wconf 88' lang='lat' dir='ltr'><strong>licta</strong></span> <span class='ocrx_word' id='word_1_145' title='bbox 963 1309 1034 1360; x_wconf 82' lang='lat' dir='ltr'><strong>essa.</strong></span> <span class='ocrx_word' id='word_1_146' title='bbox 1072 1295 1212 1353; x_wconf 80' lang='lat' dir='ltr'><strong>liberrime</strong></span> <span class='ocrx_word' id='word_1_147' title='bbox 1248 1299 1375 1367; x_wconf 82' lang='lat' dir='ltr'><strong>asseruit,</strong></span> <span class='ocrx_word' id='word_1_148' title='bbox 1410 1307 1558 1373; x_wconf 87' lang='lat' dir='ltr'><strong>reatusque</strong></span> <span class='ocrx_word' id='word_1_149' title='bbox 1596 1305 1783 1375; x_wconf 87' lang='lat' dir='ltr'><strong>probamentis</strong></span> 
     </span>
     <span class='ocr_line' id='line_1_13' title="bbox 107 1382 1783 1462; baseline 0.002 -16"><span class='ocrx_word' id='word_1_150' title='bbox 107 1397 132 1446; x_wconf 89' lang='lat' dir='ltr'><strong>et</strong></span> <span class='ocrx_word' id='word_1_151' title='bbox 157 1391 270 1447; x_wconf 90' lang='lat' dir='ltr'><strong>vecordi</strong></span> <span class='ocrx_word' id='word_1_152' title='bbox 298 1391 498 1462; x_wconf 86' lang='lat' dir='ltr'><strong>pollicitatione</strong></span> <span class='ocrx_word' id='word_1_153' title='bbox 528 1393 737 1462; x_wconf 90' lang='lat' dir='ltr'><strong>protltebaotur.</strong></span> <span class='ocrx_word' id='word_1_154' title='bbox 758 1395 794 1449; x_wconf 78' lang='lat' dir='ltr'><strong>na</strong></span> <span class='ocrx_word' id='word_1_155' title='bbox 814 1395 921 1448; x_wconf 89' lang='lat' dir='ltr'><strong>ratione</strong></span> <span class='ocrx_word' id='word_1_156' title='bbox 962 1382 1209 1456; x_wconf 82' lang='lat' dir='ltr'><strong>inretragabllious.</strong></span> <span class='ocrx_word' id='word_1_157' title='bbox 1239 1388 1350 1443; x_wconf 85' lang='lat' dir='ltr'><strong>nemum</strong></span> <span class='ocrx_word' id='word_1_158' title='bbox 1373 1402 1439 1444; x_wconf 86' lang='lat' dir='ltr'><strong>vcro</strong></span> <span class='ocrx_word' id='word_1_159' title='bbox 1462 1392 1622 1459; x_wconf 85' lang='lat' dir='ltr'><strong>apostolica</strong></span> <span class='ocrx_word' id='word_1_160' title='bbox 1645 1393 1720 1450; x_wconf 90' lang='lat' dir='ltr'><strong>sedis</strong></span> <span class='ocrx_word' id='word_1_161' title='bbox 1743 1394 1783 1451; x_wconf 92' lang='lat' dir='ltr'><strong>le-</strong></span> 
     </span>
     <span class='ocr_line' id='line_1_14' title="bbox 106 1473 1780 1553; baseline 0.009 -19"><span class='ocrx_word' id='word_1_162' title='bbox 106 1479 222 1535; x_wconf 86' lang='lat' dir='ltr'><strong>Saxoues</strong></span> <span class='ocrx_word' id='word_1_163' title='bbox 236 1480 367 1551; x_wconf 77' lang='lat' dir='ltr'><strong>legationi</strong></span> <span class='ocrx_word' id='word_1_164' title='bbox 382 1481 541 1551; x_wconf 83' lang='lat' dir='ltr'><strong>apostolicae</strong></span> <span class='ocrx_word' id='word_1_165' title='bbox 559 1482 644 1550; x_wconf 88' lang='lat' dir='ltr'><strong>sedis,</strong></span> <span class='ocrx_word' id='word_1_166' title='bbox 658 1484 682 1538; x_wconf 89' lang='lat' dir='ltr'><strong>si</strong></span> <span class='ocrx_word' id='word_1_167' title='bbox 699 1483 775 1553; x_wconf 90' lang='lat' dir='ltr'><strong>pacis</strong></span> <span class='ocrx_word' id='word_1_168' title='bbox 793 1489 821 1538; x_wconf 90' lang='lat' dir='ltr'><strong>et</strong></span> <span class='ocrx_word' id='word_1_169' title='bbox 838 1495 921 1538; x_wconf 88' lang='lat' dir='ltr'><strong>sccu-</strong></span> <span class='ocrx_word' id='word_1_170' title='bbox 961 1473 1027 1541; x_wconf 80' lang='lat' dir='ltr'><strong>gali,</strong></span> <span class='ocrx_word' id='word_1_171' title='bbox 1042 1474 1141 1543; x_wconf 67' lang='lat' dir='ltr'><strong>iniisti</strong></span> <span class='ocrx_word' id='word_1_172' title='bbox 1156 1474 1290 1530; x_wconf 91' lang='lat' dir='ltr'><strong>libertatis</strong></span> <span class='ocrx_word' id='word_1_173' title='bbox 1309 1488 1364 1531; x_wconf 76' lang='lat'>⁰⁰¹¹</span> <span class='ocrx_word' id='word_1_174' title='bbox 1379 1483 1409 1531; x_wconf 93' lang='lat' dir='ltr'><strong>ut</strong></span> <span class='ocrx_word' id='word_1_175' title='bbox 1426 1476 1458 1508; x_wconf 84' lang='lat'><strong>⁸⁰¹</strong></span> <span class='ocrx_word' id='word_1_176' title='bbox 1477 1480 1633 1547; x_wconf 89' lang='lat' dir='ltr'><strong>oportuerit</strong></span> <span class='ocrx_word' id='word_1_177' title='bbox 1646 1481 1780 1549; x_wconf 61' lang='lat' dir='ltr'><strong>intimati,</strong></span> 
     </span>
     <span class='ocr_line' id='line_1_15' title="bbox 105 1563 1781 1648; baseline 0.007 -33"><span class='ocrx_word' id='word_1_178' title='bbox 105 1565 189 1622; x_wconf 66' lang='lat' dir='ltr'><strong>rimam</strong></span> <span class='ocrx_word' id='word_1_179' title='bbox 213 1567 383 1626; x_wconf 68' lang='lat' dir='ltr'><strong>firmitudine</strong></span> <span class='ocrx_word' id='word_1_180' title='bbox 412 1569 472 1626; x_wconf 76' lang='lat' dir='ltr'><strong>cept</strong></span> <span class='ocrx_word' id='word_1_181' title='bbox 499 1577 602 1648; x_wconf 55' lang='lat' dir='ltr'><strong>poseat,</strong></span> <span class='ocrx_word' id='word_1_182' title='bbox 629 1584 659 1626; x_wconf 68' lang='lat' dir='ltr'><strong>se</strong></span> <span class='ocrx_word' id='word_1_183' title='bbox 687 1583 748 1626; x_wconf 71' lang='lat' dir='ltr'><strong>cum</strong></span> <span class='ocrx_word' id='word_1_184' title='bbox 776 1583 841 1642; x_wconf 66' lang='lat' dir='ltr'><strong>rege</strong></span> <span class='ocrx_word' id='word_1_185' title='bbox 869 1581 920 1625; x_wconf 75' lang='lat' dir='ltr'><strong>suo</strong></span> <span class='ocrx_word' id='word_1_186' title='bbox 961 1574 991 1616; x_wconf 91' lang='lat' dir='ltr'><strong>sc</strong></span> <span class='ocrx_word' id='word_1_187' title='bbox 1006 1575 1056 1630; x_wconf 90' lang='lat' dir='ltr'><strong>pro</strong></span> <span class='ocrx_word' id='word_1_188' title='bbox 1072 1575 1139 1630; x_wconf 90' lang='lat' dir='ltr'><strong>pace</strong></span> <span class='ocrx_word' id='word_1_189' title='bbox 1153 1563 1343 1632; x_wconf 91' lang='lat' dir='ltr'><strong>componenda</strong></span> <span class='ocrx_word' id='word_1_190' title='bbox 1358 1577 1464 1634; x_wconf 93' lang='lat' dir='ltr'><strong>proque</strong></span> <span class='ocrx_word' id='word_1_191' title='bbox 1484 1565 1530 1622; x_wconf 91' lang='lat' dir='ltr'><strong>die</strong></span> <span class='ocrx_word' id='word_1_192' title='bbox 1553 1567 1671 1638; x_wconf 90' lang='lat' dir='ltr'><strong>locoque</strong></span> <span class='ocrx_word' id='word_1_193' title='bbox 1694 1569 1781 1627; x_wconf 94' lang='lat' dir='ltr'><strong>collo·</strong></span> 
     </span>
     <span class='ocr_line' id='line_1_16' title="bbox 104 1650 1780 1728; baseline 0.008 -17"><span class='ocrx_word' id='word_1_194' title='bbox 104 1655 395 1714; x_wconf 76' lang='lat' dir='ltr'><strong>cooetenmsvucuros</strong></span> <span class='ocrx_word' id='word_1_195' title='bbox 418 1671 468 1728; x_wconf 76' lang='lat' dir='ltr'><strong>per</strong></span> <span class='ocrx_word' id='word_1_196' title='bbox 488 1659 579 1714; x_wconf 80' lang='lat' dir='ltr'><strong>emota</strong></span> <span class='ocrx_word' id='word_1_197' title='bbox 602 1659 792 1716; x_wconf 77' lang='lat' dir='ltr'><strong>succiderant.</strong></span> <span class='ocrx_word' id='word_1_198' title='bbox 817 1659 920 1715; x_wconf 78' lang='lat' dir='ltr'><strong>mulne</strong></span> <span class='ocrx_word' id='word_1_199' title='bbox 961 1650 1096 1718; x_wconf 79' lang='lat' dir='ltr'><strong>unitnon</strong></span> <span class='ocrx_word' id='word_1_200' title='bbox 1110 1651 1266 1721; x_wconf 77' lang='lat' dir='ltr'><strong>inin-nnat</strong></span> <span class='ocrx_word' id='word_1_201' title='bbox 1280 1657 1381 1719; x_wconf 79' lang='lat' dir='ltr'><strong>autem,</strong></span> <span class='ocrx_word' id='word_1_202' title='bbox 1396 1659 1439 1709; x_wconf 77' lang='lat' dir='ltr'><strong>set</strong></span> <span class='ocrx_word' id='word_1_203' title='bbox 1453 1655 1533 1724; x_wconf 80' lang='lat' dir='ltr'><strong>quale</strong></span> <span class='ocrx_word' id='word_1_204' title='bbox 1548 1657 1780 1716; x_wconf 82' lang='lat' dir='ltr'><strong>noneanonno</strong></span> 
     </span>
     <span class='ocr_line' id='line_1_17' title="bbox 104 1719 1779 1818; baseline 0.009 -19"><span class='ocrx_word' id='word_1_205' title='bbox 104 1743 145 1800; x_wconf 92' lang='lat' dir='ltr'><strong>die</strong></span> <span class='ocrx_word' id='word_1_206' title='bbox 159 1751 187 1800; x_wconf 90' lang='lat' dir='ltr'><strong>et</strong></span> <span class='ocrx_word' id='word_1_207' title='bbox 201 1745 265 1803; x_wconf 95' lang='lat' dir='ltr'><strong>loco</strong></span> <span class='ocrx_word' id='word_1_208' title='bbox 283 1746 416 1816; x_wconf 87' lang='lat' dir='ltr'><strong>colloquii</strong></span> <span class='ocrx_word' id='word_1_209' title='bbox 439 1747 559 1804; x_wconf 91' lang='lat' dir='ltr'><strong>habendi</strong></span> <span class='ocrx_word' id='word_1_210' title='bbox 583 1748 655 1817; x_wconf 91' lang='lat' dir='ltr'><strong>apud</strong></span> <span class='ocrx_word' id='word_1_211' title='bbox 685 1748 919 1818; x_wconf 89' lang='lat' dir='ltr'><strong>llerbipolltanam</strong></span> <span class='ocrx_word' id='word_1_212' title='bbox 928 1719 952 1778; x_wconf 74' lang='grc' dir='ltr'><strong>Β</strong></span> <span class='ocrx_word' id='word_1_213' title='bbox 961 1752 1031 1808; x_wconf 92' lang='lat' dir='ltr'><strong>papa</strong></span> <span class='ocrx_word' id='word_1_214' title='bbox 1045 1738 1186 1796; x_wconf 91' lang='lat' dir='ltr'><strong>decretum</strong></span> <span class='ocrx_word' id='word_1_215' title='bbox 1204 1747 1255 1806; x_wconf 66' lang='lat' dir='ltr'><strong>tsi,</strong></span> <span class='ocrx_word' id='word_1_216' title='bbox 1277 1740 1487 1809; x_wconf 60' lang='lat' dir='ltr'><strong>nnattt&#39;tntndin</strong></span> <span class='ocrx_word' id='word_1_217' title='bbox 1501 1747 1529 1799; x_wconf 77' lang='lat' dir='ltr'><strong>tt</strong></span> <span class='ocrx_word' id='word_1_218' title='bbox 1543 1749 1574 1800; x_wconf 77' lang='lat' dir='ltr'><strong>ni</strong></span> <span class='ocrx_word' id='word_1_219' title='bbox 1590 1743 1623 1776; x_wconf 77' lang='lat'><strong>&#39;⁰&#39;</strong></span> <span class='ocrx_word' id='word_1_220' title='bbox 1636 1745 1677 1800; x_wconf 64' lang='lat'><strong>⁸1⁰</strong></span> <span class='ocrx_word' id='word_1_221' title='bbox 1691 1745 1779 1814; x_wconf 89' lang='lat' dir='ltr'><strong>partis</strong></span> 
     </span>
     <span class='ocr_line' id='line_1_18' title="bbox 103 1827 1779 1906; baseline 0.009 -32"><span class='ocrx_word' id='word_1_222' title='bbox 103 1833 193 1889; x_wconf 58' lang='lat' dir='ltr'><strong>uppem</strong></span> <span class='ocrx_word' id='word_1_223' title='bbox 213 1835 250 1890; x_wconf 64' lang='lat' dir='ltr'><strong>ab</strong></span> <span class='ocrx_word' id='word_1_224' title='bbox 264 1835 389 1906; x_wconf 72' lang='lat' dir='ltr'><strong>utrmque</strong></span> <span class='ocrx_word' id='word_1_225' title='bbox 404 1836 551 1903; x_wconf 57' lang='lat' dir='ltr'><strong>comperis,</strong></span> <span class='ocrx_word' id='word_1_226' title='bbox 575 1837 604 1892; x_wconf 73' lang='lat' dir='ltr'><strong>pq</strong></span> <span class='ocrx_word' id='word_1_227' title='bbox 622 1837 778 1904; x_wconf 60' lang='lat' dir='ltr'><strong>saxoniam,</strong></span> <span class='ocrx_word' id='word_1_228' title='bbox 803 1838 849 1893; x_wconf 67' lang='lat'><strong>1311</strong></span> <span class='ocrx_word' id='word_1_229' title='bbox 872 1851 920 1893; x_wconf 69' lang='lat' dir='ltr'><strong>au.</strong></span> <span class='ocrx_word' id='word_1_230' title='bbox 960 1827 1104 1897; x_wconf 88' lang='lat' dir='ltr'><strong>utriusque</strong></span> <span class='ocrx_word' id='word_1_231' title='bbox 1123 1828 1318 1886; x_wconf 80' lang='lat' dir='ltr'><strong>oboedientiam</strong></span> <span class='ocrx_word' id='word_1_232' title='bbox 1337 1829 1484 1902; x_wconf 81' lang='lat' dir='ltr'><strong>diligenter</strong></span> <span class='ocrx_word' id='word_1_233' title='bbox 1502 1833 1700 1900; x_wconf 85' lang='lat' dir='ltr'><strong>examinarent,</strong></span> <span class='ocrx_word' id='word_1_234' title='bbox 1718 1847 1779 1890; x_wconf 89' lang='lat' dir='ltr'><strong>exa·</strong></span> 
     </span>
     <span class='ocr_line' id='line_1_19' title="bbox 103 1915 1782 1997; baseline 0.006 -19"><span class='ocrx_word' id='word_1_235' title='bbox 103 1928 153 1978; x_wconf 90' lang='lat' dir='ltr'><strong>tem</strong></span> <span class='ocrx_word' id='word_1_236' title='bbox 167 1937 231 1980; x_wconf 91' lang='lat' dir='ltr'><strong>cum</strong></span> <span class='ocrx_word' id='word_1_237' title='bbox 247 1924 345 1995; x_wconf 81' lang='lat' dir='ltr'><strong>legatis</strong></span> <span class='ocrx_word' id='word_1_238' title='bbox 363 1926 523 1997; x_wconf 88' lang='lat' dir='ltr'><strong>apostolicis</strong></span> <span class='ocrx_word' id='word_1_239' title='bbox 546 1927 580 1982; x_wconf 89' lang='lat' dir='ltr'><strong>ad</strong></span> <span class='ocrx_word' id='word_1_240' title='bbox 606 1927 746 1984; x_wconf 90' lang='lat' dir='ltr'><strong>dominum</strong></span> <span class='ocrx_word' id='word_1_241' title='bbox 769 1940 847 1983; x_wconf 88' lang='lat' dir='ltr'><strong>suum</strong></span> <span class='ocrx_word' id='word_1_242' title='bbox 872 1941 919 1984; x_wconf 91' lang='lat' dir='ltr'><strong>re·</strong></span> <span class='ocrx_word' id='word_1_243' title='bbox 960 1915 1143 1986; x_wconf 64' lang='lat' dir='ltr'><strong>mittimini</strong></span> <span class='ocrx_word' id='word_1_244' title='bbox 1156 1916 1191 1973; x_wconf 90' lang='lat' dir='ltr'><strong>ad</strong></span> <span class='ocrx_word' id='word_1_245' title='bbox 1205 1917 1299 1975; x_wconf 89' lang='lat' dir='ltr'><strong>sedem</strong></span> <span class='ocrx_word' id='word_1_246' title='bbox 1312 1919 1490 1990; x_wconf 66' lang='lat' dir='ltr'><strong>³90⁵t⁰¹i⁰tffl</strong></span> <span class='ocrx_word' id='word_1_247' title='bbox 1504 1921 1704 1988; x_wconf 62' lang='lat' dir='ltr'><strong>enuntiarent,</strong></span> <span class='ocrx_word' id='word_1_248' title='bbox 1716 1923 1782 1978; x_wconf 74' lang='lat' dir='ltr'><strong>init·</strong></span> 
     </span>
     <span class='ocr_line' id='line_1_20' title="bbox 101 2004 1779 2085; baseline -0.001 -17"><span class='ocrx_word' id='word_1_249' title='bbox 101 2012 226 2069; x_wconf 87' lang='lat' dir='ltr'><strong>meabant</strong></span> <span class='ocrx_word' id='word_1_250' title='bbox 240 2012 402 2070; x_wconf 76' lang='lat' dir='ltr'><strong>festinanter</strong></span> <span class='ocrx_word' id='word_1_251' title='bbox 416 2015 604 2085; x_wconf 84' lang='lat' dir='ltr'><strong>Ratisponam.</strong></span> <span class='ocrx_word' id='word_1_252' title='bbox 959 2017 1006 2060; x_wconf 89' lang='lat' dir='ltr'><strong>sos</strong></span> <span class='ocrx_word' id='word_1_253' title='bbox 1020 2004 1104 2062; x_wconf 89' lang='lat' dir='ltr'><strong>luisse</strong></span> <span class='ocrx_word' id='word_1_254' title='bbox 1122 2006 1237 2077; x_wconf 91' lang='lat' dir='ltr'><strong>prolessi</strong></span> <span class='ocrx_word' id='word_1_255' title='bbox 1256 2013 1340 2075; x_wconf 85' lang='lat' dir='ltr'><strong>suot;</strong></span> <span class='ocrx_word' id='word_1_256' title='bbox 1357 2022 1442 2078; x_wconf 91' lang='lat' dir='ltr'><strong>seque</strong></span> <span class='ocrx_word' id='word_1_257' title='bbox 1465 2021 1521 2064; x_wconf 93' lang='lat' dir='ltr'><strong>non</strong></span> <span class='ocrx_word' id='word_1_258' title='bbox 1544 2009 1629 2077; x_wconf 89' lang='lat' dir='ltr'><strong>solos,</strong></span> <span class='ocrx_word' id='word_1_259' title='bbox 1652 2016 1695 2066; x_wconf 93' lang='lat' dir='ltr'><strong>set</strong></span> <span class='ocrx_word' id='word_1_260' title='bbox 1717 2025 1779 2066; x_wconf 90' lang='lat' dir='ltr'><strong>cum</strong></span> 
     </span>
    </p>
   </div>
   <div class='ocr_carea' id='block_1_3' title="bbox 91 2093 1826 5105">
    <p class='ocr_par' dir='ltr' id='par_1_3' title="bbox 91 2093 1826 3854">
     <span class='ocr_line' id='line_1_21' title="bbox 133 2093 1781 2174; baseline 0.004 -24"><span class='ocrx_word' id='word_1_261' title='bbox 133 2101 194 2170; x_wconf 82' lang='lat' dir='ltr'><strong>lpse</strong></span> <span class='ocrx_word' id='word_1_262' title='bbox 210 2109 313 2169; x_wconf 74' lang='lat' dir='ltr'><strong>autem,</strong></span> <span class='ocrx_word' id='word_1_263' title='bbox 329 2102 393 2159; x_wconf 19' lang='lat' dir='ltr'><strong>fidles</strong></span> <span class='ocrx_word' id='word_1_264' title='bbox 409 2109 521 2172; x_wconf 68' lang='lat' dir='ltr'><strong>pactum</strong></span> <span class='ocrx_word' id='word_1_265' title='bbox 549 2103 624 2174; x_wconf 76' lang='lat' dir='ltr'><strong>quod</strong></span> <span class='ocrx_word' id='word_1_266' title='bbox 650 2103 831 2161; x_wconf 61' lang='lat' dir='ltr'><strong>condixeram</strong></span> <span class='ocrx_word' id='word_1_267' title='bbox 854 2105 919 2161; x_wconf 70' lang='lat' dir='ltr'><strong>qum</strong></span> <span class='ocrx_word' id='word_1_268' title='bbox 960 2093 1022 2149; x_wconf 90' lang='lat' dir='ltr'><strong>aliis</strong></span> <span class='ocrx_word' id='word_1_269' title='bbox 1040 2094 1098 2150; x_wconf 91' lang='lat' dir='ltr'><strong>suis</strong></span> <span class='ocrx_word' id='word_1_270' title='bbox 1112 2109 1183 2164; x_wconf 91' lang='lat' dir='ltr'><strong>quos</strong></span> <span class='ocrx_word' id='word_1_271' title='bbox 1197 2095 1314 2152; x_wconf 89' lang='lat' dir='ltr'><strong>domnus</strong></span> <span class='ocrx_word' id='word_1_272' title='bbox 1338 2109 1408 2166; x_wconf 90' lang='lat' dir='ltr'><strong>papa</strong></span> <span class='ocrx_word' id='word_1_273' title='bbox 1433 2097 1621 2163; x_wconf 88' lang='lat' dir='ltr'><strong>destinaverit,</strong></span> <span class='ocrx_word' id='word_1_274' title='bbox 1648 2099 1781 2170; x_wconf 84' lang='lat' dir='ltr'><strong>deinceps</strong></span> 
     </span>
     <span class='ocr_line' id='line_1_22' title="bbox 99 2183 1781 2264; baseline 0 -20"><span class='ocrx_word' id='word_1_275' title='bbox 99 2187 321 2256; x_wconf 87' lang='lat' dir='ltr'><strong>eiootlllcarent,</strong></span> <span class='ocrx_word' id='word_1_276' title='bbox 341 2193 426 2249; x_wconf 75' lang='lat' dir='ltr'><strong>corde</strong></span> <span class='ocrx_word' id='word_1_277' title='bbox 449 2193 589 2264; x_wconf 72' lang='lat' dir='ltr'><strong>verboque</strong></span> <span class='ocrx_word' id='word_1_278' title='bbox 614 2195 747 2264; x_wconf 60' lang='lat' dir='ltr'><strong>pertinaci</strong></span> <span class='ocrx_word' id='word_1_279' title='bbox 772 2195 919 2264; x_wconf 64' lang='lat' dir='ltr'><strong>parvipen.</strong></span> <span class='ocrx_word' id='word_1_280' title='bbox 959 2183 1069 2239; x_wconf 90' lang='lat' dir='ltr'><strong>idoneis</strong></span> <span class='ocrx_word' id='word_1_281' title='bbox 1083 2184 1226 2253; x_wconf 73' lang='lat' dir='ltr'><strong>collegatis</strong></span> <span class='ocrx_word' id='word_1_282' title='bbox 1239 2184 1273 2240; x_wconf 91' lang='lat' dir='ltr'><strong>ad</strong></span> <span class='ocrx_word' id='word_1_283' title='bbox 1288 2184 1361 2240; x_wconf 89' lang='lat' dir='ltr'><strong>illam</strong></span> <span class='ocrx_word' id='word_1_284' title='bbox 1381 2199 1461 2255; x_wconf 88' lang='lat' dir='ltr'><strong>quam</strong></span> <span class='ocrx_word' id='word_1_285' title='bbox 1486 2192 1551 2242; x_wconf 91' lang='lat' dir='ltr'><strong>tunc</strong></span> <span class='ocrx_word' id='word_1_286' title='bbox 1574 2188 1781 2256; x_wconf 85' lang='lat' dir='ltr'><strong>expostularent</strong></span> 
     </span>
     <span class='ocr_line' id='line_1_23' title="bbox 98 2271 1780 2352; baseline 0.001 -22"><span class='ocrx_word' id='word_1_287' title='bbox 98 2275 174 2344; x_wconf 90' lang='lat' dir='ltr'><strong>dens,</strong></span> <span class='ocrx_word' id='word_1_288' title='bbox 197 2279 343 2348; x_wconf 91' lang='lat' dir='ltr'><strong>pacilicum</strong></span> <span class='ocrx_word' id='word_1_289' title='bbox 369 2281 574 2352; x_wconf 77' lang='lat' dir='ltr'><strong>propitiumque</strong></span> <span class='ocrx_word' id='word_1_290' title='bbox 596 2294 626 2337; x_wconf 88' lang='lat' dir='ltr'><strong>se</strong></span> <span class='ocrx_word' id='word_1_291' title='bbox 654 2281 711 2337; x_wconf 85' lang='lat' dir='ltr'><strong>illis</strong></span> <span class='ocrx_word' id='word_1_292' title='bbox 734 2281 919 2338; x_wconf 76' lang='lat' dir='ltr'><strong>exhibiturum</strong></span> <span class='ocrx_word' id='word_1_293' title='bbox 961 2271 1127 2328; x_wconf 83' lang='lat' dir='ltr'><strong>seditionum</strong></span> <span class='ocrx_word' id='word_1_294' title='bbox 1142 2279 1170 2328; x_wconf 92' lang='lat' dir='ltr'><strong>et</strong></span> <span class='ocrx_word' id='word_1_295' title='bbox 1189 2272 1347 2342; x_wconf 88' lang='lat' dir='ltr'><strong>praeliorum</strong></span> <span class='ocrx_word' id='word_1_296' title='bbox 1371 2287 1479 2329; x_wconf 90' lang='lat' dir='ltr'><strong>causam</strong></span> <span class='ocrx_word' id='word_1_297' title='bbox 1501 2274 1575 2344; x_wconf 77' lang='lat' dir='ltr'><strong>juste</strong></span> <span class='ocrx_word' id='word_1_298' title='bbox 1598 2275 1780 2332; x_wconf 90' lang='lat' dir='ltr'><strong>dirimendam</strong></span> 
     </span>
     <span class='ocr_line' id='line_1_24' title="bbox 96 2360 1781 2441; baseline 0 -22"><span class='ocrx_word' id='word_1_299' title='bbox 96 2362 154 2421; x_wconf 89' lang='lat' dir='ltr'><strong>lore</strong></span> <span class='ocrx_word' id='word_1_300' title='bbox 172 2367 211 2424; x_wconf 95' lang='lat' dir='ltr'><strong>ob</strong></span> <span class='ocrx_word' id='word_1_301' title='bbox 233 2368 326 2424; x_wconf 90' lang='lat' dir='ltr'><strong>domni</strong></span> <span class='ocrx_word' id='word_1_302' title='bbox 349 2382 428 2440; x_wconf 80' lang='lat' dir='ltr'><strong>papae</strong></span> <span class='ocrx_word' id='word_1_303' title='bbox 451 2369 585 2426; x_wconf 91' lang='lat' dir='ltr'><strong>bonorem</strong></span> <span class='ocrx_word' id='word_1_304' title='bbox 610 2371 713 2441; x_wconf 87' lang='lat' dir='ltr'><strong>pariter</strong></span> <span class='ocrx_word' id='word_1_305' title='bbox 736 2377 765 2427; x_wconf 87' lang='lat' dir='ltr'><strong>et</strong></span> <span class='ocrx_word' id='word_1_306' title='bbox 786 2385 918 2438; x_wconf 90' lang='lat' dir='ltr'><strong>amorem,</strong></span> <span class='ocrx_word' id='word_1_307' title='bbox 960 2360 993 2393; x_wconf 72' lang='lat'><strong>⁸⁰⁸</strong></span> <span class='ocrx_word' id='word_1_308' title='bbox 1011 2361 1120 2431; x_wconf 82' lang='lat' dir='ltr'><strong>iudices</strong></span> <span class='ocrx_word' id='word_1_309' title='bbox 1136 2362 1302 2427; x_wconf 90' lang='lat' dir='ltr'><strong>nominatos,</strong></span> <span class='ocrx_word' id='word_1_310' title='bbox 1319 2361 1401 2418; x_wconf 93' lang='lat' dir='ltr'><strong>modo</strong></span> <span class='ocrx_word' id='word_1_311' title='bbox 1416 2375 1471 2418; x_wconf 91' lang='lat' dir='ltr'><strong>oon</strong></span> <span class='ocrx_word' id='word_1_312' title='bbox 1487 2367 1587 2429; x_wconf 75' lang='lat' dir='ltr'><strong>autern</strong></span> <span class='ocrx_word' id='word_1_313' title='bbox 1608 2369 1650 2419; x_wconf 91' lang='lat' dir='ltr'><strong>set</strong></span> <span class='ocrx_word' id='word_1_314' title='bbox 1672 2363 1781 2420; x_wconf 83' lang='lat' dir='ltr'><strong>tuturos</strong></span> 
     </span>
     <span class='ocr_line' id='line_1_25' title="bbox 94 2449 1782 2526; baseline 0.003 -19"><span class='ocrx_word' id='word_1_315' title='bbox 94 2453 136 2508; x_wconf 90' lang='lat' dir='ltr'><strong>vix</strong></span> <span class='ocrx_word' id='word_1_316' title='bbox 150 2455 189 2509; x_wconf 93' lang='lat' dir='ltr'><strong>ab</strong></span> <span class='ocrx_word' id='word_1_317' title='bbox 210 2455 253 2510; x_wconf 91' lang='lat' dir='ltr'><strong>eis</strong></span> <span class='ocrx_word' id='word_1_318' title='bbox 271 2456 437 2512; x_wconf 86' lang='lat' dir='ltr'><strong>constrictus</strong></span> <span class='ocrx_word' id='word_1_319' title='bbox 458 2455 647 2526; x_wconf 90' lang='lat' dir='ltr'><strong>prolitebatur,</strong></span> <span class='ocrx_word' id='word_1_320' title='bbox 672 2463 715 2514; x_wconf 91' lang='lat' dir='ltr'><strong>set</strong></span> <span class='ocrx_word' id='word_1_321' title='bbox 737 2458 760 2512; x_wconf 91' lang='lat' dir='ltr'><strong>si</strong></span> <span class='ocrx_word' id='word_1_322' title='bbox 784 2457 818 2513; x_wconf 91' lang='lat' dir='ltr'><strong>ad</strong></span> <span class='ocrx_word' id='word_1_323' title='bbox 838 2457 919 2514; x_wconf 89' lang='lat' dir='ltr'><strong>dedi·</strong></span> <span class='ocrx_word' id='word_1_324' title='bbox 961 2449 1020 2506; x_wconf 79' lang='lat' dir='ltr'><strong>inne</strong></span> <span class='ocrx_word' id='word_1_325' title='bbox 1035 2450 1197 2520; x_wconf 70' lang='lat' dir='ltr'><strong>(littonias,</strong></span> <span class='ocrx_word' id='word_1_326' title='bbox 1218 2449 1261 2506; x_wconf 78' lang='lat' dir='ltr'><strong>his</strong></span> <span class='ocrx_word' id='word_1_327' title='bbox 1285 2449 1333 2519; x_wconf 81' lang='lat' dir='ltr'><strong>nni</strong></span> <span class='ocrx_word' id='word_1_328' title='bbox 1352 2463 1381 2506; x_wconf 81' lang='lat' dir='ltr'><strong>se</strong></span> <span class='ocrx_word' id='word_1_329' title='bbox 1401 2451 1551 2508; x_wconf 76' lang='lat' dir='ltr'><strong>tantotiens</strong></span> <span class='ocrx_word' id='word_1_330' title='bbox 1575 2451 1782 2509; x_wconf 75' lang='lat' dir='ltr'><strong>inclamitabant</strong></span> 
     </span>
     <span class='ocr_line' id='line_1_26' title="bbox 92 2539 1781 2610; baseline 0.004 -14"><span class='ocrx_word' id='word_1_331' title='bbox 92 2543 202 2598; x_wconf 83' lang='lat' dir='ltr'><strong>tionem</strong></span> <span class='ocrx_word' id='word_1_332' title='bbox 236 2543 289 2598; x_wconf 85' lang='lat' dir='ltr'><strong>sibi</strong></span> <span class='ocrx_word' id='word_1_333' title='bbox 321 2542 434 2601; x_wconf 83' lang='lat' dir='ltr'><strong>indilate</strong></span> <span class='ocrx_word' id='word_1_334' title='bbox 465 2557 611 2602; x_wconf 78' lang='lat' dir='ltr'><strong>occanere</strong></span> <span class='ocrx_word' id='word_1_335' title='bbox 640 2545 833 2601; x_wconf 82' lang='lat' dir='ltr'><strong>cohumiliari</strong></span> <span class='ocrx_word' id='word_1_336' title='bbox 864 2559 920 2602; x_wconf 86' lang='lat' dir='ltr'><strong>non</strong></span> <span class='ocrx_word' id='word_1_337' title='bbox 961 2539 992 2572; x_wconf 78' lang='lat'><strong>⁸⁰⁰</strong></span> <span class='ocrx_word' id='word_1_338' title='bbox 1020 2541 1163 2608; x_wconf 82' lang='lat' dir='ltr'><strong>protestati</strong></span> <span class='ocrx_word' id='word_1_339' title='bbox 1191 2545 1265 2596; x_wconf 85' lang='lat' dir='ltr'><strong>sunt.</strong></span> <span class='ocrx_word' id='word_1_340' title='bbox 1294 2541 1389 2610; x_wconf 78' lang='lat' dir='ltr'><strong>noque</strong></span> <span class='ocrx_word' id='word_1_341' title='bbox 1416 2539 1607 2610; x_wconf 79' lang='lat' dir='ltr'><strong>responsionis</strong></span> <span class='ocrx_word' id='word_1_342' title='bbox 1631 2540 1781 2598; x_wconf 82' lang='lat' dir='ltr'><strong>anincloso</strong></span> 
     </span>
     <span class='ocr_line' id='line_1_27' title="bbox 91 2627 1782 2704; baseline 0 -18"><span class='ocrx_word' id='word_1_343' title='bbox 91 2630 298 2686; x_wconf 88' lang='lat' dir='ltr'><strong>detractarent.</strong></span> <span class='ocrx_word' id='word_1_344' title='bbox 318 2633 419 2702; x_wconf 80' lang='lat' dir='ltr'><strong>-iiaque</strong></span> <span class='ocrx_word' id='word_1_345' title='bbox 446 2631 606 2689; x_wconf 89' lang='lat' dir='ltr'><strong>conditione</strong></span> <span class='ocrx_word' id='word_1_346' title='bbox 638 2633 817 2702; x_wconf 89' lang='lat' dir='ltr'><strong>colloquium,</strong></span> <span class='ocrx_word' id='word_1_347' title='bbox 847 2634 920 2704; x_wconf 93' lang='lat' dir='ltr'><strong>quod</strong></span> <span class='ocrx_word' id='word_1_348' title='bbox 962 2629 1046 2684; x_wconf 92' lang='lat' dir='ltr'><strong>modo</strong></span> <span class='ocrx_word' id='word_1_349' title='bbox 1059 2629 1104 2684; x_wconf 85' lang='lat' dir='ltr'><strong>vix</strong></span> <span class='ocrx_word' id='word_1_350' title='bbox 1118 2642 1148 2684; x_wconf 91' lang='lat' dir='ltr'><strong>sc</strong></span> <span class='ocrx_word' id='word_1_351' title='bbox 1162 2629 1196 2684; x_wconf 92' lang='lat' dir='ltr'><strong>ab</strong></span> <span class='ocrx_word' id='word_1_352' title='bbox 1211 2627 1422 2685; x_wconf 88' lang='lat' dir='ltr'><strong>inclamantibus</strong></span> <span class='ocrx_word' id='word_1_353' title='bbox 1444 2634 1473 2684; x_wconf 91' lang='lat' dir='ltr'><strong>et</strong></span> <span class='ocrx_word' id='word_1_354' title='bbox 1495 2629 1725 2686; x_wconf 86' lang='lat' dir='ltr'><strong>tumultuantibus</strong></span> <span class='ocrx_word' id='word_1_355' title='bbox 1748 2629 1782 2686; x_wconf 92' lang='lat' dir='ltr'><strong>li·</strong></span> 
     </span>
     <span class='ocr_line' id='line_1_28' title="bbox 92 2716 1780 2792; baseline 0.001 -18"><span class='ocrx_word' id='word_1_356' title='bbox 92 2720 190 2776; x_wconf 83' lang='lat' dir='ltr'><strong>ltomae</strong></span> <span class='ocrx_word' id='word_1_357' title='bbox 207 2720 238 2774; x_wconf 89' lang='lat' dir='ltr'><strong>in</strong></span> <span class='ocrx_word' id='word_1_358' title='bbox 253 2721 360 2790; x_wconf 82' lang='lat' dir='ltr'><strong>syuodo</strong></span> <span class='ocrx_word' id='word_1_359' title='bbox 383 2735 399 2776; x_wconf 90' lang='lat' dir='ltr'><strong>a</strong></span> <span class='ocrx_word' id='word_1_360' title='bbox 421 2721 511 2792; x_wconf 82' lang='lat' dir='ltr'><strong>legato</strong></span> <span class='ocrx_word' id='word_1_361' title='bbox 530 2734 580 2778; x_wconf 89' lang='lat' dir='ltr'><strong>suo</strong></span> <span class='ocrx_word' id='word_1_362' title='bbox 600 2723 731 2791; x_wconf 80' lang='lat' dir='ltr'><strong>juratum,</strong></span> <span class='ocrx_word' id='word_1_363' title='bbox 757 2729 785 2777; x_wconf 91' lang='lat' dir='ltr'><strong>et</strong></span> <span class='ocrx_word' id='word_1_364' title='bbox 808 2735 921 2778; x_wconf 88' lang='lat' dir='ltr'><strong>excom·</strong></span> <span class='ocrx_word' id='word_1_365' title='bbox 962 2716 1114 2782; x_wconf 88' lang='lat' dir='ltr'><strong>berabant;</strong></span> <span class='ocrx_word' id='word_1_366' title='bbox 1130 2718 1249 2773; x_wconf 88' lang='lat' dir='ltr'><strong>scientes</strong></span> <span class='ocrx_word' id='word_1_367' title='bbox 1264 2731 1314 2787; x_wconf 91' lang='lat' dir='ltr'><strong>pro</strong></span> <span class='ocrx_word' id='word_1_368' title='bbox 1329 2724 1405 2773; x_wconf 89' lang='lat' dir='ltr'><strong>certo</strong></span> <span class='ocrx_word' id='word_1_369' title='bbox 1425 2729 1515 2787; x_wconf 79' lang='lat' dir='ltr'><strong>regem</strong></span> <span class='ocrx_word' id='word_1_370' title='bbox 1537 2718 1695 2774; x_wconf 89' lang='lat' dir='ltr'><strong>llelnrlcum</strong></span> <span class='ocrx_word' id='word_1_371' title='bbox 1718 2731 1780 2776; x_wconf 89' lang='lat' dir='ltr'><strong>cum</strong></span> 
     </span>
     <span class='ocr_line' id='line_1_29' title="bbox 93 2805 1781 2879; baseline 0.001 -17"><span class='ocrx_word' id='word_1_372' title='bbox 93 2807 295 2865; x_wconf 84' lang='lat' dir='ltr'><strong>manicationis</strong></span> <span class='ocrx_word' id='word_1_373' title='bbox 309 2809 474 2866; x_wconf 86' lang='lat' dir='ltr'><strong>auctoritate</strong></span> <span class='ocrx_word' id='word_1_374' title='bbox 488 2822 505 2863; x_wconf 95' lang='lat' dir='ltr'><strong>a</strong></span> <span class='ocrx_word' id='word_1_375' title='bbox 520 2808 604 2865; x_wconf 90' lang='lat' dir='ltr'><strong>nullis</strong></span> <span class='ocrx_word' id='word_1_376' title='bbox 613 2809 730 2879; x_wconf 86' lang='lat' dir='ltr'><strong>partium</strong></span> <span class='ocrx_word' id='word_1_377' title='bbox 742 2813 920 2879; x_wconf 89' lang='lat' dir='ltr'><strong>utrarumque</strong></span> <span class='ocrx_word' id='word_1_378' title='bbox 962 2807 1156 2862; x_wconf 89' lang='lat' dir='ltr'><strong>consentaneis</strong></span> <span class='ocrx_word' id='word_1_379' title='bbox 1175 2806 1302 2862; x_wconf 91' lang='lat' dir='ltr'><strong>omnibus</strong></span> <span class='ocrx_word' id='word_1_380' title='bbox 1324 2805 1391 2870; x_wconf 90' lang='lat' dir='ltr'><strong>suis,</strong></span> <span class='ocrx_word' id='word_1_381' title='bbox 1416 2805 1548 2876; x_wconf 89' lang='lat' dir='ltr'><strong>colloquii</strong></span> <span class='ocrx_word' id='word_1_382' title='bbox 1571 2806 1605 2861; x_wconf 92' lang='lat' dir='ltr'><strong>ab</strong></span> <span class='ocrx_word' id='word_1_383' title='bbox 1629 2806 1781 2876; x_wconf 87' lang='lat' dir='ltr'><strong>apostolica</strong></span> 
     </span>
     <span class='ocr_line' id='line_1_30' title="bbox 95 2894 1779 2969; baseline -0.001 -17"><span class='ocrx_word' id='word_1_384' title='bbox 95 2897 227 2966; x_wconf 90' lang='lat' dir='ltr'><strong>personis</strong></span> <span class='ocrx_word' id='word_1_385' title='bbox 240 2909 296 2954; x_wconf 88' lang='lat' dir='ltr'><strong>uon</strong></span> <span class='ocrx_word' id='word_1_386' title='bbox 311 2897 394 2954; x_wconf 92' lang='lat' dir='ltr'><strong>modo</strong></span> <span class='ocrx_word' id='word_1_387' title='bbox 408 2909 464 2954; x_wconf 88' lang='lat' dir='ltr'><strong>uon</strong></span> <span class='ocrx_word' id='word_1_388' title='bbox 479 2898 619 2968; x_wconf 90' lang='lat' dir='ltr'><strong>impediri,</strong></span> <span class='ocrx_word' id='word_1_389' title='bbox 635 2899 701 2969; x_wconf 91' lang='lat' dir='ltr'><strong>quin</strong></span> <span class='ocrx_word' id='word_1_390' title='bbox 721 2900 814 2968; x_wconf 88' lang='lat' dir='ltr'><strong>potius</strong></span> <span class='ocrx_word' id='word_1_391' title='bbox 828 2899 919 2955; x_wconf 88' lang='lat' dir='ltr'><strong>omni·</strong></span> <span class='ocrx_word' id='word_1_392' title='bbox 962 2895 1125 2951; x_wconf 89' lang='lat' dir='ltr'><strong>auctoritate</strong></span> <span class='ocrx_word' id='word_1_393' title='bbox 1140 2895 1235 2950; x_wconf 79' lang='lat' dir='ltr'><strong>suinai</strong></span> <span class='ocrx_word' id='word_1_394' title='bbox 1249 2907 1305 2950; x_wconf 89' lang='lat' dir='ltr'><strong>non</strong></span> <span class='ocrx_word' id='word_1_395' title='bbox 1320 2895 1402 2950; x_wconf 95' lang='lat' dir='ltr'><strong>modo</strong></span> <span class='ocrx_word' id='word_1_396' title='bbox 1417 2906 1472 2950; x_wconf 90' lang='lat' dir='ltr'><strong>oon</strong></span> <span class='ocrx_word' id='word_1_397' title='bbox 1487 2894 1702 2962; x_wconf 84' lang='lat' dir='ltr'><strong>observatorem,</strong></span> <span class='ocrx_word' id='word_1_398' title='bbox 1713 2896 1779 2965; x_wconf 88' lang='lat' dir='ltr'><strong>quin</strong></span> 
     </span>
     <span class='ocr_line' id='line_1_31' title="bbox 94 2981 1781 3053; baseline -0.001 -12"><span class='ocrx_word' id='word_1_399' title='bbox 94 2987 184 3042; x_wconf 89' lang='lat' dir='ltr'><strong>modis</strong></span> <span class='ocrx_word' id='word_1_400' title='bbox 210 2985 352 3043; x_wconf 90' lang='lat' dir='ltr'><strong>observari</strong></span> <span class='ocrx_word' id='word_1_401' title='bbox 380 2986 521 3044; x_wconf 89' lang='lat' dir='ltr'><strong>decretum</strong></span> <span class='ocrx_word' id='word_1_402' title='bbox 549 2994 601 3052; x_wconf 89' lang='lat' dir='ltr'><strong>est,</strong></span> <span class='ocrx_word' id='word_1_403' title='bbox 625 3002 655 3044; x_wconf 87' lang='lat' dir='ltr'><strong>se</strong></span> <span class='ocrx_word' id='word_1_404' title='bbox 681 3002 742 3044; x_wconf 91' lang='lat' dir='ltr'><strong>cum</strong></span> <span class='ocrx_word' id='word_1_405' title='bbox 767 2989 921 3044; x_wconf 87' lang='lat' dir='ltr'><strong>saxonibus</strong></span> <span class='ocrx_word' id='word_1_406' title='bbox 962 2985 1056 3053; x_wconf 91' lang='lat' dir='ltr'><strong>potins</strong></span> <span class='ocrx_word' id='word_1_407' title='bbox 1070 2983 1244 3039; x_wconf 88' lang='lat' dir='ltr'><strong>temerarium</strong></span> <span class='ocrx_word' id='word_1_408' title='bbox 1258 2981 1451 3052; x_wconf 90' lang='lat' dir='ltr'><strong>impeditorem</strong></span> <span class='ocrx_word' id='word_1_409' title='bbox 1466 2982 1613 3049; x_wconf 88' lang='lat' dir='ltr'><strong>exstitisse,</strong></span> <span class='ocrx_word' id='word_1_410' title='bbox 1634 2989 1662 3040; x_wconf 93' lang='lat' dir='ltr'><strong>et</strong></span> <span class='ocrx_word' id='word_1_411' title='bbox 1680 2985 1708 3038; x_wconf 91' lang='lat' dir='ltr'><strong>ln</strong></span> <span class='ocrx_word' id='word_1_412' title='bbox 1727 2983 1781 3040; x_wconf 92' lang='lat' dir='ltr'><strong>boc</strong></span> 
     </span>
     <span class='ocr_line' id='line_1_32' title="bbox 95 3039 1782 3146; baseline 0.001 -18"><span class='ocrx_word' id='word_1_413' title='bbox 95 3073 256 3131; x_wconf 81' lang='lat' dir='ltr'><strong>babituram</strong></span> <span class='ocrx_word' id='word_1_414' title='bbox 271 3074 418 3144; x_wconf 86' lang='lat' dir='ltr'><strong>laudabat;</strong></span> <span class='ocrx_word' id='word_1_415' title='bbox 438 3075 519 3132; x_wconf 89' lang='lat' dir='ltr'><strong>aliter</strong></span> <span class='ocrx_word' id='word_1_416' title='bbox 536 3081 626 3134; x_wconf 88' lang='lat' dir='ltr'><strong>autern</strong></span> <span class='ocrx_word' id='word_1_417' title='bbox 643 3089 825 3146; x_wconf 89' lang='lat' dir='ltr'><strong>nequaquam.</strong></span> <span class='ocrx_word' id='word_1_418' title='bbox 840 3076 918 3144; x_wconf 83' lang='lat' dir='ltr'><strong>Quod</strong></span> <span class='ocrx_word' id='word_1_419' title='bbox 929 3039 951 3101; x_wconf 68' lang='lat'>⁰</span> <span class='ocrx_word' id='word_1_420' title='bbox 961 3072 1127 3130; x_wconf 87' lang='lat' dir='ltr'><strong>anathemati</strong></span> <span class='ocrx_word' id='word_1_421' title='bbox 1141 3085 1172 3128; x_wconf 92' lang='lat' dir='ltr'><strong>se</strong></span> <span class='ocrx_word' id='word_1_422' title='bbox 1185 3072 1338 3142; x_wconf 90' lang='lat' dir='ltr'><strong>apostolico</strong></span> <span class='ocrx_word' id='word_1_423' title='bbox 1352 3070 1441 3140; x_wconf 90' lang='lat' dir='ltr'><strong>palam</strong></span> <span class='ocrx_word' id='word_1_424' title='bbox 1456 3085 1516 3126; x_wconf 91' lang='lat' dir='ltr'><strong>cum</strong></span> <span class='ocrx_word' id='word_1_425' title='bbox 1531 3072 1589 3128; x_wconf 90' lang='lat' dir='ltr'><strong>suis</strong></span> <span class='ocrx_word' id='word_1_426' title='bbox 1600 3071 1782 3141; x_wconf 89' lang='lat' dir='ltr'><strong>complicibus</strong></span> 
     </span>
     <span class='ocr_line' id='line_1_33' title="bbox 94 3161 1780 3235; baseline 0.002 -18"><span class='ocrx_word' id='word_1_427' title='bbox 94 3177 153 3218; x_wconf 91' lang='lat' dir='ltr'><strong>cum</strong></span> <span class='ocrx_word' id='word_1_428' title='bbox 180 3164 349 3234; x_wconf 89' lang='lat' dir='ltr'><strong>primatibus</strong></span> <span class='ocrx_word' id='word_1_429' title='bbox 372 3165 508 3221; x_wconf 64' lang='lat' dir='ltr'><strong>&amp;nonum</strong></span> <span class='ocrx_word' id='word_1_430' title='bbox 534 3165 801 3235; x_wconf 79' lang='lat' dir='ltr'><strong>Alamannorumque</strong></span> <span class='ocrx_word' id='word_1_431' title='bbox 833 3170 920 3220; x_wconf 85' lang='lat' dir='ltr'><strong>caete·</strong></span> <span class='ocrx_word' id='word_1_432' title='bbox 961 3163 1162 3228; x_wconf 87' lang='lat' dir='ltr'><strong>substravisse;</strong></span> <span class='ocrx_word' id='word_1_433' title='bbox 1184 3176 1235 3219; x_wconf 90' lang='lat' dir='ltr'><strong>neo</strong></span> <span class='ocrx_word' id='word_1_434' title='bbox 1255 3175 1310 3218; x_wconf 91' lang='lat' dir='ltr'><strong>nou</strong></span> <span class='ocrx_word' id='word_1_435' title='bbox 1325 3161 1415 3231; x_wconf 90' lang='lat' dir='ltr'><strong>ipsum</strong></span> <span class='ocrx_word' id='word_1_436' title='bbox 1439 3163 1586 3230; x_wconf 81' lang='lat' dir='ltr'><strong>praesentis</strong></span> <span class='ocrx_word' id='word_1_437' title='bbox 1606 3163 1705 3234; x_wconf 85' lang='lat' dir='ltr'><strong>synodi</strong></span> <span class='ocrx_word' id='word_1_438' title='bbox 1722 3176 1780 3220; x_wconf 85' lang='lat' dir='ltr'><strong>suae</strong></span> 
     </span>
     <span class='ocr_line' id='line_1_34' title="bbox 96 3250 1826 3324; baseline 0.003 -18"><span class='ocrx_word' id='word_1_439' title='bbox 96 3251 186 3322; x_wconf 91' lang='lat' dir='ltr'><strong>risque</strong></span> <span class='ocrx_word' id='word_1_440' title='bbox 197 3253 262 3308; x_wconf 88' lang='lat' dir='ltr'><strong>suis</strong></span> <span class='ocrx_word' id='word_1_441' title='bbox 271 3252 504 3310; x_wconf 88' lang='lat' dir='ltr'><strong>commilitonibus</strong></span> <span class='ocrx_word' id='word_1_442' title='bbox 518 3260 688 3324; x_wconf 88' lang='lat' dir='ltr'><strong>compertum</strong></span> <span class='ocrx_word' id='word_1_443' title='bbox 702 3252 809 3320; x_wconf 89' lang='lat' dir='ltr'><strong>luisset,</strong></span> <span class='ocrx_word' id='word_1_444' title='bbox 826 3266 921 3323; x_wconf 77' lang='lat' dir='ltr'><strong>quarm</strong></span> <span class='ocrx_word' id='word_1_445' title='bbox 960 3251 1139 3309; x_wconf 76' lang='lat' dir='ltr'><strong>simulatoriae</strong></span> <span class='ocrx_word' id='word_1_446' title='bbox 1154 3251 1243 3308; x_wconf 92' lang='lat' dir='ltr'><strong>locum</strong></span> <span class='ocrx_word' id='word_1_447' title='bbox 1263 3264 1325 3306; x_wconf 92' lang='lat' dir='ltr'><strong>cum</strong></span> <span class='ocrx_word' id='word_1_448' title='bbox 1340 3250 1440 3306; x_wconf 90' lang='lat' dir='ltr'><strong>incolis</strong></span> <span class='ocrx_word' id='word_1_449' title='bbox 1453 3251 1593 3320; x_wconf 76' lang='lat' dir='ltr'><strong>suislosto</strong></span> <span class='ocrx_word' id='word_1_450' title='bbox 1605 3254 1660 3319; x_wconf 82' lang='lat' dir='ltr'><strong>iam</strong></span> <span class='ocrx_word' id='word_1_451' title='bbox 1672 3251 1779 3322; x_wconf 87' lang='lat' dir='ltr'><strong>judicio</strong></span> <span class='ocrx_word' id='word_1_452' title='bbox 1822 3305 1826 3312; x_wconf 94' lang='lat'>.</span> 
     </span>
     <span class='ocr_line' id='line_1_35' title="bbox 94 3337 1780 3412; baseline 0.001 -17"><span class='ocrx_word' id='word_1_453' title='bbox 94 3355 172 3410; x_wconf 90' lang='lat' dir='ltr'><strong>qoam</strong></span> <span class='ocrx_word' id='word_1_454' title='bbox 192 3340 230 3397; x_wconf 90' lang='lat' dir='ltr'><strong>ad</strong></span> <span class='ocrx_word' id='word_1_455' title='bbox 262 3341 419 3398; x_wconf 89' lang='lat' dir='ltr'><strong>condictum</strong></span> <span class='ocrx_word' id='word_1_456' title='bbox 445 3341 612 3412; x_wconf 91' lang='lat' dir='ltr'><strong>colloquium</strong></span> <span class='ocrx_word' id='word_1_457' title='bbox 636 3342 692 3412; x_wconf 77' lang='lat' dir='ltr'><strong>jam</strong></span> <span class='ocrx_word' id='word_1_458' title='bbox 719 3348 920 3398; x_wconf 89' lang='lat' dir='ltr'><strong>consentaneos</strong></span> <span class='ocrx_word' id='word_1_459' title='bbox 960 3341 1146 3410; x_wconf 91' lang='lat' dir='ltr'><strong>abepiscopo</strong></span> <span class='ocrx_word' id='word_1_460' title='bbox 1171 3353 1222 3397; x_wconf 91' lang='lat' dir='ltr'><strong>suo</strong></span> <span class='ocrx_word' id='word_1_461' title='bbox 1249 3339 1377 3395; x_wconf 90' lang='lat' dir='ltr'><strong>similiter</strong></span> <span class='ocrx_word' id='word_1_462' title='bbox 1400 3337 1556 3394; x_wconf 88' lang='lat' dir='ltr'><strong>damnatum</strong></span> <span class='ocrx_word' id='word_1_463' title='bbox 1580 3337 1674 3404; x_wconf 87' lang='lat' dir='ltr'><strong>luisse,</strong></span> <span class='ocrx_word' id='word_1_464' title='bbox 1695 3354 1780 3409; x_wconf 86' lang='lat' dir='ltr'><strong>seque</strong></span> 
     </span>
     <span class='ocr_line' id='line_1_36' title="bbox 94 3426 1782 3500; baseline -0.001 -17"><span class='ocrx_word' id='word_1_465' title='bbox 94 3441 122 3483; x_wconf 90' lang='lat' dir='ltr'><strong>se</strong></span> <span class='ocrx_word' id='word_1_466' title='bbox 136 3429 244 3487; x_wconf 92' lang='lat' dir='ltr'><strong>domno</strong></span> <span class='ocrx_word' id='word_1_467' title='bbox 261 3430 415 3500; x_wconf 88' lang='lat' dir='ltr'><strong>apostolico</strong></span> <span class='ocrx_word' id='word_1_468' title='bbox 439 3431 611 3498; x_wconf 89' lang='lat' dir='ltr'><strong>exbiberent,</strong></span> <span class='ocrx_word' id='word_1_469' title='bbox 627 3435 694 3487; x_wconf 88' lang='lat' dir='ltr'><strong>turrc</strong></span> <span class='ocrx_word' id='word_1_470' title='bbox 717 3431 799 3487; x_wconf 90' lang='lat' dir='ltr'><strong>simul</strong></span> <span class='ocrx_word' id='word_1_471' title='bbox 823 3443 920 3486; x_wconf 91' lang='lat' dir='ltr'><strong>omnes</strong></span> <span class='ocrx_word' id='word_1_472' title='bbox 961 3431 1037 3499; x_wconf 90' lang='lat' dir='ltr'><strong>ipsos</strong></span> <span class='ocrx_word' id='word_1_473' title='bbox 1055 3429 1099 3486; x_wconf 90' lang='lat' dir='ltr'><strong>bis</strong></span> <span class='ocrx_word' id='word_1_474' title='bbox 1117 3429 1246 3486; x_wconf 89' lang='lat' dir='ltr'><strong>omnibus</strong></span> <span class='ocrx_word' id='word_1_475' title='bbox 1261 3434 1356 3484; x_wconf 90' lang='lat' dir='ltr'><strong>contra</strong></span> <span class='ocrx_word' id='word_1_476' title='bbox 1371 3426 1412 3481; x_wconf 92' lang='lat' dir='ltr'><strong>las</strong></span> <span class='ocrx_word' id='word_1_477' title='bbox 1431 3432 1458 3482; x_wconf 85' lang='lat' dir='ltr'><strong>et</strong></span> <span class='ocrx_word' id='word_1_478' title='bbox 1467 3429 1513 3494; x_wconf 80' lang='lat' dir='ltr'><strong>jus</strong></span> <span class='ocrx_word' id='word_1_479' title='bbox 1531 3427 1694 3482; x_wconf 89' lang='lat' dir='ltr'><strong>canonicum</strong></span> <span class='ocrx_word' id='word_1_480' title='bbox 1710 3429 1782 3496; x_wconf 88' lang='lat' dir='ltr'><strong>peri·</strong></span> 
     </span>
     <span class='ocr_line' id='line_1_37' title="bbox 95 3515 1379 3591; baseline -0.005 -18"><span class='ocrx_word' id='word_1_481' title='bbox 95 3519 268 3585; x_wconf 86' lang='lat' dir='ltr'><strong>pertinacem</strong></span> <span class='ocrx_word' id='word_1_482' title='bbox 293 3520 366 3591; x_wconf 75' lang='lat' dir='ltr'><strong>regis</strong></span> <span class='ocrx_word' id='word_1_483' title='bbox 380 3520 510 3576; x_wconf 84' lang='lat' dir='ltr'><strong>·lleinrici</strong></span> <span class='ocrx_word' id='word_1_484' title='bbox 533 3519 688 3576; x_wconf 86' lang='lat' dir='ltr'><strong>vecordiam</strong></span> <span class='ocrx_word' id='word_1_485' title='bbox 715 3519 918 3586; x_wconf 89' lang='lat' dir='ltr'><strong>commirantes,</strong></span> <span class='ocrx_word' id='word_1_486' title='bbox 961 3518 1054 3576; x_wconf 87' lang='lat' dir='ltr'><strong>culoso</strong></span> <span class='ocrx_word' id='word_1_487' title='bbox 1073 3518 1140 3574; x_wconf 90' lang='lat' dir='ltr'><strong>satis</strong></span> <span class='ocrx_word' id='word_1_488' title='bbox 1153 3515 1379 3573; x_wconf 87' lang='lat' dir='ltr'><strong>communicasse.</strong></span> 
     </span>
     <span class='ocr_line' id='line_1_38' title="bbox 95 3598 1780 3674; baseline -0.004 -14"><span class='ocrx_word' id='word_1_489' title='bbox 95 3615 120 3662; x_wconf 91' lang='lat' dir='ltr'><strong>et</strong></span> <span class='ocrx_word' id='word_1_490' title='bbox 134 3615 331 3667; x_wconf 89' lang='lat' dir='ltr'><strong>contumacem</strong></span> <span class='ocrx_word' id='word_1_491' title='bbox 346 3609 571 3666; x_wconf 72' lang='lat' dir='ltr'><strong>inobendientiam</strong></span> <span class='ocrx_word' id='word_1_492' title='bbox 586 3609 765 3674; x_wconf 90' lang='lat' dir='ltr'><strong>detestantes,</strong></span> <span class='ocrx_word' id='word_1_493' title='bbox 780 3607 919 3664; x_wconf 90' lang='lat' dir='ltr'><strong>sollicitu·</strong></span> <span class='ocrx_word' id='word_1_494' title='bbox 996 3607 1040 3662; x_wconf 88' lang='lat' dir='ltr'><strong>Sic</strong></span> <span class='ocrx_word' id='word_1_495' title='bbox 1059 3603 1288 3661; x_wconf 89' lang='lat' dir='ltr'><strong>anathematicum</strong></span> <span class='ocrx_word' id='word_1_496' title='bbox 1306 3602 1360 3657; x_wconf 94' lang='lat' dir='ltr'><strong>boc</strong></span> <span class='ocrx_word' id='word_1_497' title='bbox 1383 3598 1530 3656; x_wconf 89' lang='lat' dir='ltr'><strong>concilium</strong></span> <span class='ocrx_word' id='word_1_498' title='bbox 1554 3600 1780 3670; x_wconf 77' lang='lat' dir='ltr'><strong>tergiversatione</strong></span> 
     </span>
     <span class='ocr_line' id='line_1_39' title="bbox 94 3688 1781 3769; baseline -0.004 -17"><span class='ocrx_word' id='word_1_499' title='bbox 94 3697 170 3754; x_wconf 90' lang='lat' dir='ltr'><strong>dines</strong></span> <span class='ocrx_word' id='word_1_500' title='bbox 186 3699 428 3769; x_wconf 87' lang='lat' dir='ltr'><strong>necessitatesque</strong></span> <span class='ocrx_word' id='word_1_501' title='bbox 442 3712 507 3754; x_wconf 92' lang='lat' dir='ltr'><strong>suas</strong></span> <span class='ocrx_word' id='word_1_502' title='bbox 531 3699 602 3754; x_wconf 84' lang='lat' dir='ltr'><strong>Deos</strong></span> <span class='ocrx_word' id='word_1_503' title='bbox 626 3710 676 3766; x_wconf 89' lang='lat' dir='ltr'><strong>per</strong></span> <span class='ocrx_word' id='word_1_504' title='bbox 689 3697 721 3730; x_wconf 85' lang='lat'><strong>⁸⁰⁰</strong></span> <span class='ocrx_word' id='word_1_505' title='bbox 736 3696 826 3752; x_wconf 89' lang='lat' dir='ltr'><strong>omula</strong></span> <span class='ocrx_word' id='word_1_506' title='bbox 846 3708 921 3751; x_wconf 91' lang='lat' dir='ltr'><strong>com·</strong></span> <span class='ocrx_word' id='word_1_507' title='bbox 960 3695 1072 3752; x_wconf 87' lang='lat' dir='ltr'><strong>vecordi</strong></span> <span class='ocrx_word' id='word_1_508' title='bbox 1087 3701 1145 3749; x_wconf 91' lang='lat' dir='ltr'><strong>tum</strong></span> <span class='ocrx_word' id='word_1_509' title='bbox 1159 3689 1351 3748; x_wconf 86' lang='lat' dir='ltr'><strong>execrabiliter</strong></span> <span class='ocrx_word' id='word_1_510' title='bbox 1366 3689 1513 3754; x_wconf 87' lang='lat' dir='ltr'><strong>initiatum,</strong></span> <span class='ocrx_word' id='word_1_511' title='bbox 1527 3695 1584 3743; x_wconf 93' lang='lat' dir='ltr'><strong>lum</strong></span> <span class='ocrx_word' id='word_1_512' title='bbox 1599 3688 1781 3746; x_wconf 83' lang='lat' dir='ltr'><strong>execrabilius</strong></span> 
     </span>
     <span class='ocr_line' id='line_1_40' title="bbox 95 3777 1780 3854; baseline -0.004 -13"><span class='ocrx_word' id='word_1_513' title='bbox 95 3789 262 3846; x_wconf 83' lang='lat' dir='ltr'><strong>mandantes</strong></span> <span class='ocrx_word' id='word_1_514' title='bbox 276 3788 349 3844; x_wconf 89' lang='lat' dir='ltr'><strong>domi</strong></span> <span class='ocrx_word' id='word_1_515' title='bbox 365 3788 530 3844; x_wconf 86' lang='lat' dir='ltr'><strong>unanimiter</strong></span> <span class='ocrx_word' id='word_1_516' title='bbox 543 3801 573 3842; x_wconf 89' lang='lat' dir='ltr'><strong>se</strong></span> <span class='ocrx_word' id='word_1_517' title='bbox 592 3786 795 3842; x_wconf 77' lang='lat' dir='ltr'><strong>‹continueraot</strong></span> <span class='ocrx_word' id='word_1_518' title='bbox 963 3785 1067 3842; x_wconf 87' lang='lat' dir='ltr'><strong>initum</strong></span> <span class='ocrx_word' id='word_1_519' title='bbox 1089 3780 1181 3854; x_wconf 74' lang='lat'><strong>(209),</strong></span> <span class='ocrx_word' id='word_1_520' title='bbox 1201 3779 1328 3836; x_wconf 89' lang='lat' dir='ltr'><strong>turbidus</strong></span> <span class='ocrx_word' id='word_1_521' title='bbox 1346 3778 1413 3833; x_wconf 92' lang='lat' dir='ltr'><strong>satis</strong></span> <span class='ocrx_word' id='word_1_522' title='bbox 1431 3783 1459 3833; x_wconf 92' lang='lat' dir='ltr'><strong>et</strong></span> <span class='ocrx_word' id='word_1_523' title='bbox 1476 3777 1616 3833; x_wconf 85' lang='lat' dir='ltr'><strong>animosus</strong></span> <span class='ocrx_word' id='word_1_524' title='bbox 1635 3777 1780 3835; x_wconf 86' lang='lat' dir='ltr'><strong>lleinricus</strong></span> 
     </span>
    </p>

    <p class='ocr_par' dir='ltr' id='par_1_4' title="bbox 92 3864 1784 5105">
     <span class='ocr_line' id='line_1_41' title="bbox 127 3864 1779 3948; baseline -0.006 -16"><span class='ocrx_word' id='word_1_525' title='bbox 127 3879 188 3948; x_wconf 90' lang='lat' dir='ltr'><strong>lpse</strong></span> <span class='ocrx_word' id='word_1_526' title='bbox 209 3883 306 3934; x_wconf 88' lang='lat' dir='ltr'><strong>autem</strong></span> <span class='ocrx_word' id='word_1_527' title='bbox 323 3877 514 3946; x_wconf 90' lang='lat' dir='ltr'><strong>undecumque</strong></span> <span class='ocrx_word' id='word_1_528' title='bbox 535 3888 589 3932; x_wconf 92' lang='lat' dir='ltr'><strong>non</strong></span> <span class='ocrx_word' id='word_1_529' title='bbox 613 3873 729 3931; x_wconf 92' lang='lat' dir='ltr'><strong>modicis</strong></span> <span class='ocrx_word' id='word_1_530' title='bbox 752 3888 809 3930; x_wconf 85' lang='lat' dir='ltr'><strong>soae</strong></span> <span class='ocrx_word' id='word_1_531' title='bbox 834 3874 921 3944; x_wconf 88' lang='lat' dir='ltr'><strong>partis</strong></span> <span class='ocrx_word' id='word_1_532' title='bbox 962 3887 1020 3938; x_wconf 89' lang='lat' dir='ltr'><strong>rex,</strong></span> <span class='ocrx_word' id='word_1_533' title='bbox 1040 3869 1187 3940; x_wconf 83' lang='lat' dir='ltr'><strong>assumptis</strong></span> <span class='ocrx_word' id='word_1_534' title='bbox 1205 3881 1297 3925; x_wconf 89' lang='lat' dir='ltr'><strong>secum</strong></span> <span class='ocrx_word' id='word_1_535' title='bbox 1317 3865 1414 3937; x_wconf 82' lang='lat' dir='ltr'><strong>legatis</strong></span> <span class='ocrx_word' id='word_1_536' title='bbox 1432 3864 1603 3936; x_wconf 89' lang='lat' dir='ltr'><strong>apostolicis,</strong></span> <span class='ocrx_word' id='word_1_537' title='bbox 1628 3867 1779 3922; x_wconf 87' lang='lat' dir='ltr'><strong>exercitum</strong></span> 
     </span>
     <span class='ocr_line' id='line_1_42' title="bbox 96 3955 1779 4037; baseline -0.004 -19"><span class='ocrx_word' id='word_1_538' title='bbox 96 3965 522 4037; x_wconf 83' lang='lat' dir='ltr'><strong>episcoporumcaeterornroque</strong></span> <span class='ocrx_word' id='word_1_539' title='bbox 537 3963 701 4034; x_wconf 89' lang='lat' dir='ltr'><strong>complicum</strong></span> <span class='ocrx_word' id='word_1_540' title='bbox 722 3976 835 4019; x_wconf 90' lang='lat' dir='ltr'><strong>suorum</strong></span> <span class='ocrx_word' id='word_1_541' title='bbox 850 3976 922 4019; x_wconf 89' lang='lat' dir='ltr'><strong>coo·</strong></span> <span class='ocrx_word' id='word_1_542' title='bbox 962 3975 1043 4033; x_wconf 89' lang='lat' dir='ltr'><strong>quem</strong></span> <span class='ocrx_word' id='word_1_543' title='bbox 1057 3959 1090 3993; x_wconf 81' lang='lat'><strong>⁸⁰⁸</strong></span> <span class='ocrx_word' id='word_1_544' title='bbox 1108 3973 1163 4016; x_wconf 88' lang='lat' dir='ltr'><strong>non</strong></span> <span class='ocrx_word' id='word_1_545' title='bbox 1188 3956 1354 4014; x_wconf 87' lang='lat' dir='ltr'><strong>mediocrem</strong></span> <span class='ocrx_word' id='word_1_546' title='bbox 1378 3955 1569 4025; x_wconf 89' lang='lat' dir='ltr'><strong>undecumque</strong></span> <span class='ocrx_word' id='word_1_547' title='bbox 1593 3961 1779 4021; x_wconf 88' lang='lat' dir='ltr'><strong>contraxerat,</strong></span> 
     </span>
     <span class='ocr_line' id='line_1_43' title="bbox 95 4044 1779 4126; baseline -0.004 -18"><span class='ocrx_word' id='word_1_548' title='bbox 95 4057 186 4112; x_wconf 88' lang='lat' dir='ltr'><strong>tractis</strong></span> <span class='ocrx_word' id='word_1_549' title='bbox 201 4055 308 4126; x_wconf 90' lang='lat' dir='ltr'><strong>copiis,</strong></span> <span class='ocrx_word' id='word_1_550' title='bbox 329 4054 363 4110; x_wconf 92' lang='lat' dir='ltr'><strong>ad</strong></span> <span class='ocrx_word' id='word_1_551' title='bbox 387 4052 545 4124; x_wconf 78' lang='lat' dir='ltr'><strong>predictam</strong></span> <span class='ocrx_word' id='word_1_552' title='bbox 570 4053 707 4108; x_wconf 88' lang='lat' dir='ltr'><strong>civitatem</strong></span> <span class='ocrx_word' id='word_1_553' title='bbox 731 4049 816 4121; x_wconf 63' lang='lat'><strong>(208),</strong></span> <span class='ocrx_word' id='word_1_554' title='bbox 841 4066 874 4108; x_wconf 91' lang='lat' dir='ltr'><strong>ac</strong></span> <span class='ocrx_word' id='word_1_555' title='bbox 896 4053 920 4108; x_wconf 90' lang='lat' dir='ltr'><strong>si</strong></span> <span class='ocrx_word' id='word_1_556' title='bbox 962 4051 990 4108; x_wconf 91' lang='lat' dir='ltr'><strong>in</strong></span> <span class='ocrx_word' id='word_1_557' title='bbox 1009 4052 1130 4106; x_wconf 63' lang='lat' dir='ltr'><strong>mannes</strong></span> <span class='ocrx_word' id='word_1_558' title='bbox 1148 4046 1286 4104; x_wconf 89' lang='lat' dir='ltr'><strong>bostillter</strong></span> <span class='ocrx_word' id='word_1_559' title='bbox 1300 4045 1483 4101; x_wconf 86' lang='lat' dir='ltr'><strong>devastandos</strong></span> <span class='ocrx_word' id='word_1_560' title='bbox 1502 4044 1646 4102; x_wconf 88' lang='lat' dir='ltr'><strong>temerarie</strong></span> <span class='ocrx_word' id='word_1_561' title='bbox 1666 4045 1779 4102; x_wconf 88' lang='lat' dir='ltr'><strong>multum</strong></span> 
     </span>
     <span class='ocr_line' id='line_1_44' title="bbox 95 4133 1781 4214; baseline -0.004 -17"><span class='ocrx_word' id='word_1_562' title='bbox 95 4155 141 4210; x_wconf 90' lang='lat' dir='ltr'><strong>per</strong></span> <span class='ocrx_word' id='word_1_563' title='bbox 156 4144 210 4202; x_wconf 90' lang='lat' dir='ltr'><strong>boc</strong></span> <span class='ocrx_word' id='word_1_564' title='bbox 236 4143 396 4214; x_wconf 89' lang='lat' dir='ltr'><strong>apostolico</strong></span> <span class='ocrx_word' id='word_1_565' title='bbox 410 4156 440 4198; x_wconf 90' lang='lat' dir='ltr'><strong>se</strong></span> <span class='ocrx_word' id='word_1_566' title='bbox 459 4140 653 4208; x_wconf 89' lang='lat' dir='ltr'><strong>excusabilem,</strong></span> <span class='ocrx_word' id='word_1_567' title='bbox 671 4140 843 4196; x_wconf 86' lang='lat' dir='ltr'><strong>anathemate</strong></span> <span class='ocrx_word' id='word_1_568' title='bbox 858 4154 921 4210; x_wconf 89' lang='lat' dir='ltr'><strong>per·</strong></span> <span class='ocrx_word' id='word_1_569' title='bbox 961 4140 1062 4198; x_wconf 90' lang='lat' dir='ltr'><strong>abbinc</strong></span> <span class='ocrx_word' id='word_1_570' title='bbox 1078 4139 1238 4194; x_wconf 89' lang='lat' dir='ltr'><strong>dimoverat.</strong></span> <span class='ocrx_word' id='word_1_571' title='bbox 1254 4137 1401 4205; x_wconf 88' lang='lat' dir='ltr'><strong>Comperto</strong></span> <span class='ocrx_word' id='word_1_572' title='bbox 1420 4139 1509 4190; x_wconf 90' lang='lat' dir='ltr'><strong>autem</strong></span> <span class='ocrx_word' id='word_1_573' title='bbox 1530 4138 1583 4190; x_wconf 76' lang='lat' dir='ltr'><strong>mor</strong></span> <span class='ocrx_word' id='word_1_574' title='bbox 1607 4133 1717 4196; x_wconf 91' lang='lat' dir='ltr'><strong>hostilis</strong></span> <span class='ocrx_word' id='word_1_575' title='bbox 1738 4137 1781 4190; x_wconf 90' lang='lat' dir='ltr'><strong>iu-</strong></span> 
     </span>
     <span class='ocr_line' id='line_1_45' title="bbox 92 4221 1780 4304; baseline -0.006 -16"><span class='ocrx_word' id='word_1_576' title='bbox 92 4233 212 4304; x_wconf 84' lang='lat' dir='ltr'><strong>jurilque</strong></span> <span class='ocrx_word' id='word_1_577' title='bbox 241 4239 323 4290; x_wconf 90' lang='lat' dir='ltr'><strong>reatu</strong></span> <span class='ocrx_word' id='word_1_578' title='bbox 353 4233 489 4288; x_wconf 90' lang='lat' dir='ltr'><strong>inmunem</strong></span> <span class='ocrx_word' id='word_1_579' title='bbox 517 4229 548 4262; x_wconf 78' lang='lat'><strong>⁸⁰¹</strong></span> <span class='ocrx_word' id='word_1_580' title='bbox 577 4233 672 4298; x_wconf 88' lang='lat' dir='ltr'><strong>posset</strong></span> <span class='ocrx_word' id='word_1_581' title='bbox 698 4228 818 4297; x_wconf 85' lang='lat' dir='ltr'><strong>elicere,</strong></span> <span class='ocrx_word' id='word_1_582' title='bbox 847 4229 920 4285; x_wconf 91' lang='lat' dir='ltr'><strong>circa</strong></span> <span class='ocrx_word' id='word_1_583' title='bbox 962 4226 1100 4284; x_wconf 86' lang='lat' dir='ltr'><strong>cursionis</strong></span> <span class='ocrx_word' id='word_1_584' title='bbox 1118 4227 1146 4281; x_wconf 93' lang='lat' dir='ltr'><strong>iu</strong></span> <span class='ocrx_word' id='word_1_585' title='bbox 1165 4237 1195 4280; x_wconf 92' lang='lat' dir='ltr'><strong>se</strong></span> <span class='ocrx_word' id='word_1_586' title='bbox 1223 4236 1342 4293; x_wconf 89' lang='lat' dir='ltr'><strong>suosque</strong></span> <span class='ocrx_word' id='word_1_587' title='bbox 1371 4223 1485 4292; x_wconf 90' lang='lat' dir='ltr'><strong>impetu,</strong></span> <span class='ocrx_word' id='word_1_588' title='bbox 1505 4221 1658 4278; x_wconf 82' lang='lat' dir='ltr'><strong>lloudollus</strong></span> <span class='ocrx_word' id='word_1_589' title='bbox 1685 4237 1733 4278; x_wconf 87' lang='lat' dir='ltr'><strong>rex</strong></span> <span class='ocrx_word' id='word_1_590' title='bbox 1753 4223 1780 4278; x_wconf 92' lang='lat' dir='ltr'><strong>ln</strong></span> 
     </span>
     <span class='ocr_line' id='line_1_46' title="bbox 94 4309 1783 4412; baseline -0.008 -35"><span class='ocrx_word' id='word_1_591' title='bbox 94 4331 194 4380; x_wconf 73' lang='lat' dir='ltr'><strong>sanctae</strong></span> <span class='ocrx_word' id='word_1_592' title='bbox 215 4323 313 4380; x_wconf 86' lang='lat' dir='ltr'><strong>llariae</strong></span> <span class='ocrx_word' id='word_1_593' title='bbox 327 4321 540 4390; x_wconf 89' lang='lat' dir='ltr'><strong>assumptionem</strong></span> <span class='ocrx_word' id='word_1_594' title='bbox 553 4332 615 4375; x_wconf 90' lang='lat' dir='ltr'><strong>cum</strong></span> <span class='ocrx_word' id='word_1_595' title='bbox 634 4318 731 4389; x_wconf 84' lang='lat' dir='ltr'><strong>legatis</strong></span> <span class='ocrx_word' id='word_1_596' title='bbox 748 4318 918 4388; x_wconf 89' lang='lat' dir='ltr'><strong>apostolicis,</strong></span> <span class='ocrx_word' id='word_1_597' title='bbox 930 4319 1019 4412; x_wconf 80' lang='lat' dir='ltr'><strong>Dlieo</strong></span> <span class='ocrx_word' id='word_1_598' title='bbox 1034 4318 1148 4387; x_wconf 88' lang='lat' dir='ltr'><strong>ejusque</strong></span> <span class='ocrx_word' id='word_1_599' title='bbox 1168 4312 1345 4368; x_wconf 89' lang='lat' dir='ltr'><strong>miseratione</strong></span> <span class='ocrx_word' id='word_1_600' title='bbox 1358 4309 1390 4340; x_wconf 76' lang='lat'><strong>¹⁰⁷</strong></span> <span class='ocrx_word' id='word_1_601' title='bbox 1405 4309 1525 4365; x_wconf 90' lang='lat' dir='ltr'><strong>conlisus</strong></span> <span class='ocrx_word' id='word_1_602' title='bbox 1543 4317 1571 4366; x_wconf 94' lang='lat' dir='ltr'><strong>et</strong></span> <span class='ocrx_word' id='word_1_603' title='bbox 1585 4311 1783 4366; x_wconf 88' lang='lat' dir='ltr'><strong>corroboratus</strong></span> 
     </span>
     <span class='ocr_line' id='line_1_47' title="bbox 95 4396 1782 4482; baseline -0.009 -16"><span class='ocrx_word' id='word_1_604' title='bbox 95 4419 120 4466; x_wconf 88' lang='lat' dir='ltr'><strong>et</strong></span> <span class='ocrx_word' id='word_1_605' title='bbox 134 4413 214 4482; x_wconf 90' lang='lat' dir='ltr'><strong>ipsis,</strong></span> <span class='ocrx_word' id='word_1_606' title='bbox 232 4417 269 4469; x_wconf 94' lang='lat' dir='ltr'><strong>ut</strong></span> <span class='ocrx_word' id='word_1_607' title='bbox 283 4411 369 4476; x_wconf 91' lang='lat' dir='ltr'><strong>alunt,</strong></span> <span class='ocrx_word' id='word_1_608' title='bbox 381 4409 540 4466; x_wconf 90' lang='lat' dir='ltr'><strong>muneribus</strong></span> <span class='ocrx_word' id='word_1_609' title='bbox 550 4408 648 4477; x_wconf 89' lang='lat' dir='ltr'><strong>partlm</strong></span> <span class='ocrx_word' id='word_1_610' title='bbox 659 4409 807 4478; x_wconf 89' lang='lat' dir='ltr'><strong>corruptis,</strong></span> <span class='ocrx_word' id='word_1_611' title='bbox 822 4409 919 4478; x_wconf 90' lang='lat' dir='ltr'><strong>partim</strong></span> <span class='ocrx_word' id='word_1_612' title='bbox 964 4405 1074 4472; x_wconf 89' lang='lat' dir='ltr'><strong>liducia,</strong></span> <span class='ocrx_word' id='word_1_613' title='bbox 1094 4409 1122 4460; x_wconf 89' lang='lat' dir='ltr'><strong>et</strong></span> <span class='ocrx_word' id='word_1_614' title='bbox 1140 4403 1199 4473; x_wconf 91' lang='lat' dir='ltr'><strong>ipse</strong></span> <span class='ocrx_word' id='word_1_615' title='bbox 1214 4413 1270 4457; x_wconf 90' lang='lat' dir='ltr'><strong>non</strong></span> <span class='ocrx_word' id='word_1_616' title='bbox 1284 4397 1421 4455; x_wconf 91' lang='lat' dir='ltr'><strong>modicum</strong></span> <span class='ocrx_word' id='word_1_617' title='bbox 1446 4410 1527 4467; x_wconf 90' lang='lat' dir='ltr'><strong>quem</strong></span> <span class='ocrx_word' id='word_1_618' title='bbox 1552 4396 1675 4453; x_wconf 90' lang='lat' dir='ltr'><strong>studiose</strong></span> <span class='ocrx_word' id='word_1_619' title='bbox 1694 4396 1782 4452; x_wconf 92' lang='lat' dir='ltr'><strong>colle·</strong></span> 
     </span>
     <span class='ocr_line' id='line_1_48' title="bbox 96 4482 1784 4570; baseline -0.009 -16"><span class='ocrx_word' id='word_1_620' title='bbox 96 4507 166 4556; x_wconf 89' lang='lat' dir='ltr'><strong>metu</strong></span> <span class='ocrx_word' id='word_1_621' title='bbox 201 4501 345 4570; x_wconf 90' lang='lat' dir='ltr'><strong>minisque</strong></span> <span class='ocrx_word' id='word_1_622' title='bbox 378 4497 536 4563; x_wconf 89' lang='lat' dir='ltr'><strong>contractis,</strong></span> <span class='ocrx_word' id='word_1_623' title='bbox 570 4501 598 4552; x_wconf 90' lang='lat' dir='ltr'><strong>et</strong></span> <span class='ocrx_word' id='word_1_624' title='bbox 629 4495 780 4564; x_wconf 89' lang='lat' dir='ltr'><strong>blanditiis,</strong></span> <span class='ocrx_word' id='word_1_625' title='bbox 814 4495 923 4551; x_wconf 89' lang='lat' dir='ltr'><strong>astutiis</strong></span> <span class='ocrx_word' id='word_1_626' title='bbox 963 4499 1040 4564; x_wconf 84' lang='lat' dir='ltr'><strong>gerat</strong></span> <span class='ocrx_word' id='word_1_627' title='bbox 1067 4504 1124 4547; x_wconf 85' lang='lat' dir='ltr'><strong>suae</strong></span> <span class='ocrx_word' id='word_1_628' title='bbox 1153 4487 1258 4544; x_wconf 77' lang='lat' dir='ltr'><strong>militia</strong></span> <span class='ocrx_word' id='word_1_629' title='bbox 1286 4491 1445 4556; x_wconf 90' lang='lat' dir='ltr'><strong>apparatum</strong></span> <span class='ocrx_word' id='word_1_630' title='bbox 1474 4484 1501 4539; x_wconf 94' lang='lat' dir='ltr'><strong>in</strong></span> <span class='ocrx_word' id='word_1_631' title='bbox 1535 4496 1680 4540; x_wconf 90' lang='lat' dir='ltr'><strong>occursum</strong></span> <span class='ocrx_word' id='word_1_632' title='bbox 1709 4482 1784 4539; x_wconf 90' lang='lat' dir='ltr'><strong>illius</strong></span> 
     </span>
     <span class='ocr_line' id='line_1_49' title="bbox 96 4571 1784 4661; baseline -0.009 -19"><span class='ocrx_word' id='word_1_633' title='bbox 96 4591 225 4661; x_wconf 90' lang='lat' dir='ltr'><strong>omnique</strong></span> <span class='ocrx_word' id='word_1_634' title='bbox 251 4589 365 4660; x_wconf 82' lang='lat' dir='ltr'><strong>ingenio</strong></span> <span class='ocrx_word' id='word_1_635' title='bbox 392 4589 420 4642; x_wconf 91' lang='lat' dir='ltr'><strong>io</strong></span> <span class='ocrx_word' id='word_1_636' title='bbox 445 4587 519 4642; x_wconf 93' lang='lat' dir='ltr'><strong>illius</strong></span> <span class='ocrx_word' id='word_1_637' title='bbox 538 4583 658 4642; x_wconf 85' lang='lat' dir='ltr'><strong>favorem</strong></span> <span class='ocrx_word' id='word_1_638' title='bbox 681 4583 766 4641; x_wconf 90' lang='lat' dir='ltr'><strong>lerme</strong></span> <span class='ocrx_word' id='word_1_639' title='bbox 789 4582 921 4648; x_wconf 87' lang='lat' dir='ltr'><strong>seductis,</strong></span> <span class='ocrx_word' id='word_1_640' title='bbox 963 4579 1115 4652; x_wconf 89' lang='lat' dir='ltr'><strong>prudenter</strong></span> <span class='ocrx_word' id='word_1_641' title='bbox 1128 4577 1283 4634; x_wconf 91' lang='lat' dir='ltr'><strong>ordinatum</strong></span> <span class='ocrx_word' id='word_1_642' title='bbox 1304 4579 1496 4644; x_wconf 88' lang='lat' dir='ltr'><strong>promoverat;</strong></span> <span class='ocrx_word' id='word_1_643' title='bbox 1512 4571 1657 4641; x_wconf 88' lang='lat' dir='ltr'><strong>missisque</strong></span> <span class='ocrx_word' id='word_1_644' title='bbox 1671 4572 1705 4627; x_wconf 94' lang='lat' dir='ltr'><strong>ad</strong></span> <span class='ocrx_word' id='word_1_645' title='bbox 1721 4585 1784 4627; x_wconf 93' lang='lat' dir='ltr'><strong>om·</strong></span> 
     </span>
     <span class='ocr_line' id='line_1_50' title="bbox 96 4661 1784 4747; baseline -0.01 -15"><span class='ocrx_word' id='word_1_646' title='bbox 96 4680 264 4735; x_wconf 88' lang='lat' dir='ltr'><strong>temerarius</strong></span> <span class='ocrx_word' id='word_1_647' title='bbox 278 4678 345 4734; x_wconf 90' lang='lat' dir='ltr'><strong>satis</strong></span> <span class='ocrx_word' id='word_1_648' title='bbox 360 4676 494 4747; x_wconf 89' lang='lat' dir='ltr'><strong>pervenit.</strong></span> <span class='ocrx_word' id='word_1_649' title='bbox 509 4674 568 4730; x_wconf 91' lang='lat' dir='ltr'><strong>lllic</strong></span> <span class='ocrx_word' id='word_1_650' title='bbox 583 4673 618 4730; x_wconf 91' lang='lat' dir='ltr'><strong>ab</strong></span> <span class='ocrx_word' id='word_1_651' title='bbox 644 4672 751 4729; x_wconf 90' lang='lat' dir='ltr'><strong>libitum</strong></span> <span class='ocrx_word' id='word_1_652' title='bbox 775 4685 854 4727; x_wconf 89' lang='lat' dir='ltr'><strong>suum</strong></span> <span class='ocrx_word' id='word_1_653' title='bbox 878 4686 922 4742; x_wconf 80' lang='lat' dir='ltr'><strong>sy·</strong></span> <span class='ocrx_word' id='word_1_654' title='bbox 963 4684 1013 4727; x_wconf 91' lang='lat' dir='ltr'><strong>nes</strong></span> <span class='ocrx_word' id='word_1_655' title='bbox 1026 4668 1164 4725; x_wconf 88' lang='lat' dir='ltr'><strong>exercitus</strong></span> <span class='ocrx_word' id='word_1_656' title='bbox 1177 4665 1287 4722; x_wconf 90' lang='lat' dir='ltr'><strong>hostilis</strong></span> <span class='ocrx_word' id='word_1_657' title='bbox 1301 4663 1447 4734; x_wconf 91' lang='lat' dir='ltr'><strong>optimates</strong></span> <span class='ocrx_word' id='word_1_658' title='bbox 1473 4661 1586 4727; x_wconf 87' lang='lat' dir='ltr'><strong>nuntiis,</strong></span> <span class='ocrx_word' id='word_1_659' title='bbox 1607 4674 1656 4717; x_wconf 90' lang='lat' dir='ltr'><strong>cos</strong></span> <span class='ocrx_word' id='word_1_660' title='bbox 1671 4675 1720 4730; x_wconf 89' lang='lat' dir='ltr'><strong>per</strong></span> <span class='ocrx_word' id='word_1_661' title='bbox 1733 4661 1784 4716; x_wconf 72' lang='lat' dir='ltr'><strong>mi</strong></span> 
     </span>
     <span class='ocr_line' id='line_1_51' title="bbox 97 4748 1783 4832; baseline -0.009 -12"><span class='ocrx_word' id='word_1_662' title='bbox 97 4767 168 4823; x_wconf 89' lang='lat' dir='ltr'><strong>nodo</strong></span> <span class='ocrx_word' id='word_1_663' title='bbox 184 4768 240 4824; x_wconf 90' lang='lat' dir='ltr'><strong>bac</strong></span> <span class='ocrx_word' id='word_1_664' title='bbox 257 4765 427 4823; x_wconf 87' lang='lat' dir='ltr'><strong>simulatoria</strong></span> <span class='ocrx_word' id='word_1_665' title='bbox 450 4761 619 4821; x_wconf 81' lang='lat' dir='ltr'><strong>omnifariam</strong></span> <span class='ocrx_word' id='word_1_666' title='bbox 644 4775 695 4832; x_wconf 91' lang='lat' dir='ltr'><strong>per</strong></span> <span class='ocrx_word' id='word_1_667' title='bbox 717 4773 783 4817; x_wconf 89' lang='lat' dir='ltr'><strong>suos</strong></span> <span class='ocrx_word' id='word_1_668' title='bbox 806 4759 920 4830; x_wconf 80' lang='lat' dir='ltr'><strong>synodi·</strong></span> <span class='ocrx_word' id='word_1_669' title='bbox 962 4757 1141 4816; x_wconf 88' lang='lat' dir='ltr'><strong>sericordiam</strong></span> <span class='ocrx_word' id='word_1_670' title='bbox 1164 4755 1213 4812; x_wconf 84' lang='lat' dir='ltr'><strong>liei</strong></span> <span class='ocrx_word' id='word_1_671' title='bbox 1238 4753 1407 4819; x_wconf 89' lang='lat' dir='ltr'><strong>obsecratos,</strong></span> <span class='ocrx_word' id='word_1_672' title='bbox 1427 4749 1568 4806; x_wconf 90' lang='lat' dir='ltr'><strong>humiliter</strong></span> <span class='ocrx_word' id='word_1_673' title='bbox 1595 4749 1662 4805; x_wconf 90' lang='lat' dir='ltr'><strong>satis</strong></span> <span class='ocrx_word' id='word_1_674' title='bbox 1684 4748 1783 4820; x_wconf 73' lang='lat' dir='ltr'><strong>rogita-</strong></span> 
     </span>
     <span class='ocr_line' id='line_1_52' title="bbox 96 4839 1783 4919; baseline -0.009 -9"><span class='ocrx_word' id='word_1_675' title='bbox 96 4869 142 4911; x_wconf 89' lang='lat' dir='ltr'><strong>cos</strong></span> <span class='ocrx_word' id='word_1_676' title='bbox 157 4863 187 4912; x_wconf 92' lang='lat' dir='ltr'><strong>et</strong></span> <span class='ocrx_word' id='word_1_677' title='bbox 202 4854 364 4913; x_wconf 76' lang='lat' dir='ltr'><strong>eanddioos</strong></span> <span class='ocrx_word' id='word_1_678' title='bbox 381 4852 532 4910; x_wconf 88' lang='lat' dir='ltr'><strong>secundom</strong></span> <span class='ocrx_word' id='word_1_679' title='bbox 559 4864 608 4908; x_wconf 91' lang='lat' dir='ltr'><strong>cor</strong></span> <span class='ocrx_word' id='word_1_680' title='bbox 630 4861 708 4907; x_wconf 92' lang='lat' dir='ltr'><strong>suum</strong></span> <span class='ocrx_word' id='word_1_681' title='bbox 731 4849 921 4919; x_wconf 88' lang='lat' dir='ltr'><strong>disputaturos</strong></span> <span class='ocrx_word' id='word_1_682' title='bbox 962 4851 1008 4917; x_wconf 90' lang='lat' dir='ltr'><strong>vit,</strong></span> <span class='ocrx_word' id='word_1_683' title='bbox 1025 4848 1154 4918; x_wconf 90' lang='lat' dir='ltr'><strong>quatinus</strong></span> <span class='ocrx_word' id='word_1_684' title='bbox 1167 4842 1347 4914; x_wconf 89' lang='lat' dir='ltr'><strong>colloquium,</strong></span> <span class='ocrx_word' id='word_1_685' title='bbox 1363 4839 1437 4910; x_wconf 92' lang='lat' dir='ltr'><strong>quod</strong></span> <span class='ocrx_word' id='word_1_686' title='bbox 1453 4853 1522 4910; x_wconf 92' lang='lat' dir='ltr'><strong>papa</strong></span> <span class='ocrx_word' id='word_1_687' title='bbox 1534 4840 1589 4910; x_wconf 77' lang='lat' dir='ltr'><strong>lato</strong></span> <span class='ocrx_word' id='word_1_688' title='bbox 1605 4851 1657 4909; x_wconf 90' lang='lat' dir='ltr'><strong>pro</strong></span> <span class='ocrx_word' id='word_1_689' title='bbox 1671 4851 1738 4908; x_wconf 90' lang='lat' dir='ltr'><strong>pace</strong></span> <span class='ocrx_word' id='word_1_690' title='bbox 1753 4849 1783 4901; x_wconf 90' lang='lat' dir='ltr'><strong>et</strong></span> 
     </span>
     <span class='ocr_line' id='line_1_53' title="bbox 97 4925 1783 5017; baseline -0.01 -17"><span class='ocrx_word' id='word_1_691' title='bbox 97 4945 244 5017; x_wconf 87' lang='lat' dir='ltr'><strong>disposita,</strong></span> <span class='ocrx_word' id='word_1_692' title='bbox 268 4946 329 5015; x_wconf 87' lang='lat' dir='ltr'><strong>ipso</strong></span> <span class='ocrx_word' id='word_1_693' title='bbox 343 4956 394 5014; x_wconf 90' lang='lat' dir='ltr'><strong>pro</strong></span> <span class='ocrx_word' id='word_1_694' title='bbox 409 4943 486 5014; x_wconf 72' lang='lat' dir='ltr'><strong>regni</strong></span> <span class='ocrx_word' id='word_1_695' title='bbox 498 4941 544 4997; x_wconf 89' lang='lat' dir='ltr'><strong>sul</strong></span> <span class='ocrx_word' id='word_1_696' title='bbox 559 4939 792 4997; x_wconf 85' lang='lat' dir='ltr'><strong>disturbatoribus</strong></span> <span class='ocrx_word' id='word_1_697' title='bbox 806 4948 835 4996; x_wconf 89' lang='lat' dir='ltr'><strong>et</strong></span> <span class='ocrx_word' id='word_1_698' title='bbox 848 4942 923 4998; x_wconf 90' lang='lat' dir='ltr'><strong>lova·</strong></span> <span class='ocrx_word' id='word_1_699' title='bbox 964 4925 1068 5000; x_wconf 77' lang='lat' dir='ltr'><strong>unitae</strong></span> <span class='ocrx_word' id='word_1_700' title='bbox 1087 4933 1221 4993; x_wconf 78' lang='lat' dir='ltr'><strong>ecclesia</strong></span> <span class='ocrx_word' id='word_1_701' title='bbox 1236 4945 1268 4990; x_wconf 89' lang='lat' dir='ltr'><strong>ac</strong></span> <span class='ocrx_word' id='word_1_702' title='bbox 1287 4929 1372 4986; x_wconf 90' lang='lat' dir='ltr'><strong>totius</strong></span> <span class='ocrx_word' id='word_1_703' title='bbox 1395 4929 1473 5001; x_wconf 74' lang='lat' dir='ltr'><strong>requi</strong></span> <span class='ocrx_word' id='word_1_704' title='bbox 1496 4927 1647 4985; x_wconf 88' lang='lat' dir='ltr'><strong>concordia</strong></span> <span class='ocrx_word' id='word_1_705' title='bbox 1670 4939 1783 4997; x_wconf 90' lang='lat' dir='ltr'><strong>compo·</strong></span> 
     </span>
     <span class='ocr_line' id='line_1_54' title="bbox 95 5017 1784 5105; baseline -0.011 -13"><span class='ocrx_word' id='word_1_706' title='bbox 95 5037 283 5094; x_wconf 88' lang='lat' dir='ltr'><strong>scribussese</strong></span> <span class='ocrx_word' id='word_1_707' title='bbox 303 5033 400 5105; x_wconf 75' lang='lat' dir='ltr'><strong>legatis</strong></span> <span class='ocrx_word' id='word_1_708' title='bbox 413 5030 573 5102; x_wconf 91' lang='lat' dir='ltr'><strong>apostolicis</strong></span> <span class='ocrx_word' id='word_1_709' title='bbox 592 5030 747 5087; x_wconf 89' lang='lat' dir='ltr'><strong>intentione</strong></span> <span class='ocrx_word' id='word_1_710' title='bbox 770 5031 839 5086; x_wconf 90' lang='lat' dir='ltr'><strong>satis</strong></span> <span class='ocrx_word' id='word_1_711' title='bbox 861 5045 923 5089; x_wconf 86' lang='lat' dir='ltr'><strong>sua·</strong></span> <span class='ocrx_word' id='word_1_712' title='bbox 964 5030 1054 5089; x_wconf 90' lang='lat' dir='ltr'><strong>nenda</strong></span> <span class='ocrx_word' id='word_1_713' title='bbox 1068 5027 1238 5088; x_wconf 86' lang='lat' dir='ltr'><strong>decreverat,</strong></span> <span class='ocrx_word' id='word_1_714' title='bbox 1255 5025 1283 5076; x_wconf 88' lang='lat' dir='ltr'><strong>ct</strong></span> <span class='ocrx_word' id='word_1_715' title='bbox 1301 5019 1353 5089; x_wconf 90' lang='lat' dir='ltr'><strong>ipsi</strong></span> <span class='ocrx_word' id='word_1_716' title='bbox 1373 5031 1435 5074; x_wconf 90' lang='lat' dir='ltr'><strong>cum</strong></span> <span class='ocrx_word' id='word_1_717' title='bbox 1454 5017 1566 5074; x_wconf 90' lang='lat' dir='ltr'><strong>domino</strong></span> <span class='ocrx_word' id='word_1_718' title='bbox 1585 5030 1635 5074; x_wconf 89' lang='lat' dir='ltr'><strong>suo</strong></span> <span class='ocrx_word' id='word_1_719' title='bbox 1655 5017 1784 5074; x_wconf 83' lang='lat' dir='ltr'><strong>obserua-</strong></span> 
     </span>
    </p>
   </div>
   <div class='ocr_carea' id='block_1_4' title="bbox 784 5155 1107 5216">
    <p class='ocr_par' dir='ltr' id='par_1_5' title="bbox 784 5155 1107 5216">
     <span class='ocr_line' id='line_1_55' title="bbox 784 5155 1107 5216; baseline -0.003 -5"><span class='ocrx_word' id='word_1_720' title='bbox 784 5157 895 5216; x_wconf 81' lang='lat' dir='ltr'><strong>VARIAE</strong></span> <span class='ocrx_word' id='word_1_721' title='bbox 914 5155 1107 5216; x_wconf 77' lang='lat' dir='ltr'><strong>anemonas.</strong></span> 
     </span>
    </p>
   </div>
   <div class='ocr_carea' id='block_1_5' title="bbox 98 5215 1783 5388">
    <p class='ocr_par' dir='ltr' id='par_1_6' title="bbox 98 5215 1783 5388">
     <span class='ocr_line' id='line_1_56' title="bbox 108 5215 1782 5330; baseline -0.011 -13"><span class='ocrx_word' id='word_1_722' title='bbox 108 5215 162 5292; x_wconf 33' lang='lat'><strong>&#39;¹‘</strong></span> <span class='ocrx_word' id='word_1_723' title='bbox 177 5261 208 5318; x_wconf 91' lang='lat' dir='ltr'><strong>b.</strong></span> <span class='ocrx_word' id='word_1_724' title='bbox 228 5258 394 5330; x_wconf 73' lang='lat' dir='ltr'><strong>qnmoacec.</strong></span> <span class='ocrx_word' id='word_1_725' title='bbox 414 5256 494 5312; x_wconf 84' lang='lat' dir='ltr'><strong>Xll&#39;.</strong></span> <span class='ocrx_word' id='word_1_726' title='bbox 509 5256 538 5309; x_wconf 89' lang='lat' dir='ltr'><strong>iu</strong></span> <span class='ocrx_word' id='word_1_727' title='bbox 556 5252 582 5310; x_wconf 86' lang='lat'><strong>2.</strong></span> <span class='ocrx_word' id='word_1_728' title='bbox 621 5252 653 5286; x_wconf 74' lang='lat'><strong>¹⁹⁰</strong></span> <span class='ocrx_word' id='word_1_729' title='bbox 678 5268 771 5312; x_wconf 88' lang='lat' dir='ltr'><strong>secum</strong></span> <span class='ocrx_word' id='word_1_730' title='bbox 795 5255 878 5313; x_wconf 83' lang='lat' dir='ltr'><strong>addit</strong></span> <span class='ocrx_word' id='word_1_731' title='bbox 904 5257 932 5312; x_wconf 84' lang='lat'><strong>2.</strong></span> <span class='ocrx_word' id='word_1_732' title='bbox 969 5253 1001 5288; x_wconf 74' lang='lat'><strong>⁸⁰⁰</strong></span> <span class='ocrx_word' id='word_1_733' title='bbox 1028 5265 1109 5326; x_wconf 84' lang='lat' dir='ltr'><strong>supro</strong></span> <span class='ocrx_word' id='word_1_734' title='bbox 1133 5248 1179 5305; x_wconf 87' lang='lat' dir='ltr'><strong>lia.</strong></span> <span class='ocrx_word' id='word_1_735' title='bbox 1204 5245 1257 5302; x_wconf 87' lang='lat' dir='ltr'><strong>olio</strong></span> <span class='ocrx_word' id='word_1_736' title='bbox 1282 5243 1437 5300; x_wconf 76' lang='lat' dir='ltr'><strong>oltroomolo</strong></span> <span class='ocrx_word' id='word_1_737' title='bbox 1460 5240 1488 5298; x_wconf 80' lang='lat'><strong>2.</strong></span> <span class='ocrx_word' id='word_1_738' title='bbox 1509 5241 1611 5326; x_wconf 83' lang='lat' dir='ltr'><strong>domno</strong></span> <span class='ocrx_word' id='word_1_739' title='bbox 1632 5256 1716 5326; x_wconf 38' lang='lat' dir='ltr'><strong>&#39;papae</strong></span> <span class='ocrx_word' id='word_1_740' title='bbox 1739 5241 1782 5298; x_wconf 86' lang='lat' dir='ltr'><strong>cd.</strong></span> 
     </span>
     <span class='ocr_line' id='line_1_57' title="bbox 98 5311 1783 5388; baseline -0.011 1"><span class='ocrx_word' id='word_1_741' title='bbox 98 5330 125 5360; x_wconf 76' lang='lat'><strong>¹⁴¹</strong></span> <span class='ocrx_word' id='word_1_742' title='bbox 141 5332 287 5388; x_wconf 89' lang='lat' dir='ltr'><strong>iomanem</strong></span> <span class='ocrx_word' id='word_1_743' title='bbox 306 5327 334 5384; x_wconf 83' lang='lat'><strong>2.</strong></span> <span class='ocrx_word' id='word_1_744' title='bbox 373 5325 456 5383; x_wconf 80' lang='lat' dir='ltr'><strong>⁸⁰¹itc</strong></span> <span class='ocrx_word' id='word_1_745' title='bbox 474 5323 512 5382; x_wconf 84' lang='lat' dir='ltr'><strong>l*.</strong></span> <span class='ocrx_word' id='word_1_746' title='bbox 529 5337 584 5381; x_wconf 90' lang='lat' dir='ltr'><strong>non</strong></span> <span class='ocrx_word' id='word_1_747' title='bbox 599 5325 670 5382; x_wconf 80' lang='lat' dir='ltr'><strong>deest</strong></span> <span class='ocrx_word' id='word_1_748' title='bbox 685 5330 715 5382; x_wconf 91' lang='lat' dir='ltr'><strong>ut</strong></span> <span class='ocrx_word' id='word_1_749' title='bbox 729 5325 799 5384; x_wconf 82' lang='lat' dir='ltr'><strong>deest</strong></span> <span class='ocrx_word' id='word_1_750' title='bbox 813 5327 841 5382; x_wconf 82' lang='lat'><strong>2.</strong></span> <span class='ocrx_word' id='word_1_751' title='bbox 879 5327 1063 5385; x_wconf 74' lang='lat' dir='ltr'><strong>mcondecet</strong></span> <span class='ocrx_word' id='word_1_752' title='bbox 1082 5325 1104 5378; x_wconf 94' lang='lat' dir='ltr'><strong>l.</strong></span> <span class='ocrx_word' id='word_1_753' title='bbox 1120 5321 1148 5376; x_wconf 80' lang='grc'><strong>2.</strong></span> <span class='ocrx_word' id='word_1_754' title='bbox 1186 5312 1440 5373; x_wconf 59' lang='lat' dir='ltr'><strong>mdiumeodata.</strong></span> <span class='ocrx_word' id='word_1_755' title='bbox 1479 5311 1511 5344; x_wconf 51' lang='grc' dir='ltr'><strong>’θ’</strong></span> <span class='ocrx_word' id='word_1_756' title='bbox 1529 5311 1738 5370; x_wconf 80' lang='lat' dir='ltr'><strong>inclamitabant</strong></span> <span class='ocrx_word' id='word_1_757' title='bbox 1755 5311 1783 5370; x_wconf 84' lang='lat'><strong>2.</strong></span> 
     </span>
    </p>
   </div>
   <div class='ocr_carea' id='block_1_6' title="bbox 97 5395 589 5475">
    <p class='ocr_par' dir='ltr' id='par_1_7' title="bbox 97 5395 589 5475">
     <span class='ocr_line' id='line_1_58' title="bbox 97 5395 589 5475; baseline -0.018 -14"><span class='ocrx_word' id='word_1_758' title='bbox 97 5401 127 5433; x_wconf 82' lang='lat'><strong>”⁸</strong></span> <span class='ocrx_word' id='word_1_759' title='bbox 142 5417 229 5475; x_wconf 90' lang='lat' dir='ltr'><strong>quarn</strong></span> <span class='ocrx_word' id='word_1_760' title='bbox 251 5399 278 5456; x_wconf 83' lang='lat'><strong>2.</strong></span> <span class='ocrx_word' id='word_1_761' title='bbox 316 5397 348 5431; x_wconf 77' lang='lat'><strong>⁸⁰⁷</strong></span> <span class='ocrx_word' id='word_1_762' title='bbox 364 5396 549 5456; x_wconf 87' lang='lat' dir='ltr'><strong>miserationis</strong></span> <span class='ocrx_word' id='word_1_763' title='bbox 562 5395 589 5452; x_wconf 82' lang='lat'><strong>2.</strong></span> 
     </span>
    </p>
   </div>
   <div class='ocr_carea' id='block_1_7' title="bbox 133 5487 1416 5650">
    <p class='ocr_par' dir='ltr' id='par_1_8' title="bbox 133 5487 1416 5650">
     <span class='ocr_line' id='line_1_59' title="bbox 133 5487 1416 5650; baseline -0.013 -14"><span class='ocrx_word' id='word_1_764' title='bbox 133 5579 206 5650; x_wconf 54' lang='lat' dir='ltr'><strong>rnna)</strong></span> <span class='ocrx_word' id='word_1_765' title='bbox 225 5576 409 5648; x_wconf 88' lang='lat' dir='ltr'><strong>llerbipolim.</strong></span> <span class='ocrx_word' id='word_1_766' title='bbox 882 5487 990 5545; x_wconf 40' lang='lat' dir='ltr'><strong>Now·</strong></span> <span class='ocrx_word' id='word_1_767' title='bbox 1032 5571 1103 5644; x_wconf 77' lang='lat' dir='ltr'><strong>(non)</strong></span> <span class='ocrx_word' id='word_1_768' title='bbox 1118 5565 1272 5626; x_wconf 82' lang='lat' dir='ltr'><strong>accusativi</strong></span> <span class='ocrx_word' id='word_1_769' title='bbox 1287 5563 1416 5621; x_wconf 89' lang='lat' dir='ltr'><strong>absoluti.</strong></span> 
     </span>
    </p>
   </div>
   <div class='ocr_carea' id='block_1_8' title="bbox 0 0 2016 6170">
    <p class='ocr_par' dir='ltr' id='par_1_9' title="bbox 0 0 2016 6170">
     <span class='ocr_line' id='line_1_60' title="bbox 0 0 2016 6170; baseline 0 0"><span class='ocrx_word' id='word_1_770' title='bbox 0 0 2016 6170; x_wconf 95' lang='lat' dir='ltr'><strong> </strong></span> 
     </span>
    </p>
   </div>
  </div>
 </body>
</html>
