4108 6164
228 193 282 250 375
727 189 917 246 nnnrtmbbt
936 189 1143 247 Pnbsntrtmt
1162 190 1443 248 cobsrabvtlottsts
1861 189 1914 246 3¹16

231 319 270 376 sis
293 321 390 374 autem·
407 314 546 384 bimam,
570 315 694 386 episcopi
717 313 824 372 scilicet
847 313 927 383 him,
952 320 979 372 et
1002 316 1091 376 abui
1126 317 1192 372 'lioc
1216 315 1356 388 colloquio
1379 315 1453 374 circa
1475 314 1612 373 beandas
1638 314 1802 372 Novembris
1829 315 1916 382 ildito,

231 409 310 466 hales
338 407 443 479 plures,
469 419 521 463 nec
545 419 601 462 non
628 406 761 475 majorum
787 410 815 462 ct
840 405 976 463 minorum
999 419 1055 462 non
1096 404 1162 462 iiico
1178 411 1279 476 prater
1294 403 1405 462 solitum
1431 403 1603 476 pregrandis
1616 402 1664 460 nix
1686 409 1776 462 terras
1798 403 1920 476 nudique

232 496 343 555 modica
372 495 453 554 turba
479 495 515 552 oh
540 502 645 552 reatum
670 494 873 552 communionis
899 494 982 566 rogis,
1006 509 1055 553 sen
1097 493 1253 566 opprimere
1282 494 1406 566 incepit.
1441 495 1507 552 lieo
1534 492 1672 566 siquidem
1701 495 1864 566 presagium
1892 501 1919 550 et

233 587 308 658 quod
334 585 390 658 ipsi
414 585 450 642 ob
473 583 699 642 inoboedientiam
725 583 952 641 excommunicati
980 591 1055 652 sunt,
1097 584 1206 656 siguum
1228 581 1382 640 lutnrorum
1410 582 1544 640 malorum
1569 595 1625 639 non
1651 581 1740 640 solunt
1768 583 1921 654 cisalpinas

232 676 291 734 slve
313 674 388 747 quod
417 678 582 744 receperunt
607 673 703 730 missas
722 677 750 728 et
768 671 857 730 cilicia
883 673 1056 730 sacerdotum
1098 679 1200 744 partes,
1216 685 1321 740 verum,
1334 671 1409 743 quod
1423 673 1517 742 potius
1529 671 1655 728 mirabile
1668 671 1757 730 visum
1771 679 1823 742 est,
1834 677 1921 731 totam

235 765 272 822 ob
297 763 526 822 incontinentiam
544 761 587 818 vel
605 761 725 819 heresim
743 762 927 833 symoniacam
947 761 1058 820 damna-
1098 761 1316 834 Longobardiam
1336 761 1477 818 nimietate
1496 761 1619 818 inaudita
1638 774 1694 820 uon
1713 773 1810 832 parum
1827 767 1926 834 stupe-

233 859 336 922 torum,
353 851 456 909 ibidem
476 850 646 908 reconciliati
666 850 694 906 in
714 851 933 908 communionem
952 851 1057 923 recepti
1098 850 1174 909 feeit.
1202 850 1292 907 Nimio
1318 850 1420 922 quippe
1449 849 1561 924 trigoris
1593 850 1801 923 congelamento
1829 853 1925 908 lienus

233 948 306 1000 sunt.
1099 940 1203 1012 pariter
1219 945 1248 997 et
1261 939 1406 1010 Eridanus,
1423 947 1452 997 ut
1467 939 1502 997 de
1516 940 1605 998 tiuviis
1619 940 1728 998 oaeterls
1745 945 1878 1009 taceatur,
1895 940 1924 997 in

271 1033 413 1088 Postremo
446 1027 544 1085 diebus
574 1028 670 1085 decem
702 1028 731 1084 in
765 1027 922 1099 huiusmodi
959 1028 1059 1086 stodiis
1099 1033 1205 1086 tantum
1220 1028 1386 1086 consolidati
1401 1035 1517 1098 suntet
1531 1029 1706 1106 perlongum
1722 1035 1831 1102 tempus
1844 1029 1924 1101 quasi

235 1121 392 1186 transactis,
415 1132 476 1176 cum
499 1131 549 1174 rex
564 1117 671 1176 videret
689 1122 717 1175 et
736 1118 845 1175 audiret
864 1122 905 1176 tot
921 1121 950 1176 et
968 1121 1060 1176 tantos
1100 1131 1150 1190 per
1165 1123 1267 1176 terram
1281 1118 1351 1176 vmm
1371 1118 1401 1174 iu
1415 1132 1445 1176 se
1463 1118 1605 1192 glacialem
1629 1117 1794 1176 exhiberent
1815 1117 1928 1176 uinctis

235 1207 396 1282 apostobca
420 1207 549 1279 dignitati
573 1205 714 1264 humiliter
736 1207 864 1275 cessisse,
888 1220 992 1279 eosque
1016 1221 1060 1264 re·
1100 1207 1304 1265 itinerantibus.
1320 1207 1365 1265 Sic
1383 1207 1492 1279 hiemps
1509 1221 1605 1278 aspera
1625 1215 1653 1264 et
1667 1207 1886 1280 nivosa'algoris
1899 1206 1927 1264 vi

235 1313 296 1372 gem
325 1296 408 1354 alinm
436 1310 487 1367 pro
516 1310 546 1352 se
574 1295 798 1354 constituendum
826 1295 1004 1364 deliberasse,
1033 1300 1061 1352 et
1101 1297 1261 1355 continuata
1279 1311 1367 1368 usque
1382 1297 1411 1354 in
1425 1297 1491 1355 idus
1507 1297 1607 1367 llartii,
1623 1297 1731 1355 scilicet
1748 1312 1764 1354 a
1783 1297 1928 1369 colloquio

236 1390 299 1460 ipse
326 1398 490 1458 quamquam
518 1385 617 1442 nolens
642 1392 670 1442 et
697 1386 808 1454 invitus,
829 1391 857 1443 et
883 1400 940 1456 prae
964 1383 1060 1443 dolore
1102 1385 1238 1458 praedicto
1249 1399 1337 1457 usque
1349 1385 1384 1443 ad
1396 1385 1565 1458 colloquium
1575 1385 1649 1458 quod
1661 1386 1735 1458 apnd
1750 1385 1929 1446 forihcheim

236 1478 291 1535 hoc
314 1473 414 1532 lere¹⁸⁰
438 1474 510 1531 ultra
533 1475 660 1545 spiritum
684 1487 740 1532 non
763 1475 879 1545 hahens,
898 1475 1014 1532 cessisse
1031 1489 1061 1532 se
1102 1477 1210 1549 arogni
1229 1476 1408 1547 optimatibus
1426 1482 1517 1534 actum
1532 1483 1584 1546 est,
1604 1475 1774 1548 perduravit.
1794 1479 1858 1549 ipso
1873 1476 1929 1533 de·

238 1580 321 1639 quam
335 1564 420 1622 vix¹⁸¹
441 1563 588 1632 simulavit,
604 1577 660 1621 non
678 1564 761 1622 modo
782 1579 871 1636 papae,
886 1578 980 1622 verum
995 1577 1062 1636 quo·
1103 1566 1187 1637 nique
1202 1565 1247 1623 die
1265 1565 1352 1638 coepit
1368 1565 1416 1622 nix
1434 1580 1485 1638 per
1500 1579 1595 1624 omnes
1614 1570 1749 1624 terrarum
1770 1571 1929 1624 nostrarum

239 1671 293 1728 que
319 1655 397 1726 regni
423 1653 595 1725 principibus
617 1653 645 1710 in
669 1653 777 1710 cunctis
798 1667 980 1726 quecumque
1008 1653 1209 1727 ipsinartes,
1230 1655 1346 1712 diversis
1373 1669 1423 1727 pro
1449 1654 1581 1726 unalitate
1609 1654 1734 1713 looorttm
1762 1654 1932 1728 liquefienda

239 1747 374 1816 inponere
394 1749 422 1800 et
441 1743 587 1800 observare
611 1756 673 1799 enm
696 1742 857 1800 voluissent.
881 1745 958 1801 lunc
975 1743 1062 1799 visum
1105 1744 1238 1816 lapsibus,
1254 1743 1383 1817 paulatim
1399 1743 1572 1801 descrecere.

242 1840 284 1891 est
309 1834 350 1891 eis
376 1839 479 1904 prater
507 1838 626 1899 catera,
656 1837 687 1888 ut
715 1831 840 1902 inprimis
870 1831 1064 1890 wormatiensi
1140 1835 1200 1890 ilex
1217 1830 1309 1890 autem
1328 1838 1468 1890 transacto
1487 1833 1561 1890 circa
1579 1832 1744 1904 Oppinheim
1764 1833 1934 1903 praescripto

242 1923 374 1994 episcopo
393 1921 474 1979 sedes
494 1927 522 1977 et
541 1921 637 1978 civitas
658 1935 708 1978 sua
726 1920 813 1980 libera
832 1921 1005 1990 redderetur,
1020 1935 1065 1978 re
1106 1921 1257 1994 colloquio,
1278 1921 1366 1993 spira
1390 1934 1451 1978 cum
1481 1921 1619 1979 tutoribus
1637 1926 1666 1978 et
1681 1921 1832 1991 actoribus,
1848 1922 1898 1993 qui
1917 1933 1934 1977 a

242 2011 307 2085 gina
320 2011 385 2068 inde
400 2025 462 2068 cnm
482 2011 541 2067 suis
558 2010 687 2067 omnibus
711 2010 899 2083 egrederetur,
912 2009 1066 2068 saxonibus
1107 2011 1270 2084 primatibus
1283 2011 1361 2083 regni
1376 2010 1429 2081 ipsi
1444 2009 1568 2081 deputati
1583 2017 1658 2079 sunt,
1669 2010 1839 2082 aliquamdiu
1853 2023 1935 2066 more

243 2101 356 2158 obsides
378 2100 488 2157 illorum
509 2099 701 2167 redderentur,
723 2097 750 2156 et
771 2107 801 2156 ut
823 2100 858 2158 ab
880 2100 1066 2159 excommnni·
1108 2100 1300 2173 penitentium
1311 2099 1439 2156 victitans
1451 2099 1537 2157 stetit.
1548 2099 1653 2156 bebius
1665 2100 1700 2156 ob
1711 2099 1936 2170 conjurationem
2025 2147 2026 2150 ,

244 2190 314 2248 catis
327 2189 385 2252 suis
399 2203 428 2246 se
448 2203 496 2245 rex
511 2189 623 2245 omnino
648 2193 800 2259 separaret,
816 2201 868 2245 neo
882 2202 937 2246 uon
961 2189 1067 2245 litteras
1109 2189 1264 2260 principum
1279 2188 1439 2260 predictam
1458 2187 1602 2260 suspicans
1616 2189 1645 2245 in
1657 2202 1689 2245 se
1708 2186 1939 2260 contorquendas

245 2292 324 2350 papae
338 2277 480 2350 Gregorio,
497 2277 618 2334 debitam
632 2277 839 2346 oboedientiam,
854 2276 1067 2335 satisfactionem
1109 2279 1251 2350 pertidiam
1275 2283 1303 2334 et
1326 2278 1460 2335 versutias
1483 2277 1592 2334 iliorum
1620 2275 1863 2348 supplantatorias,
1886 2289 1939 2331 re-
2025 2315 2026 2340 ,

246 2371 274 2424 et
293 2367 401 2438 dignam
428 2365 617 2437 penitentiam
636 2379 666 2424 se
685 2371 855 2423 servaturum
874 2366 990 2424 tirmiter
1003 2366 1069 2423 inti·
1110 2367 1235 2426 cobectis
1254 2366 1376 2437 undique
1395 2366 1562 2423 consiliariis
1579 2366 1648 2434 suis,
1668 2365 1798 2437 placitum
1812 2364 1940 2437 optima-

246 2462 363 2524 mantes,
387 2455 491 2526 absque
515 2467 591 2510 mora
615 2453 766 2526 dirigeret,
793 2455 851 2526 ipse
875 2461 966 2512 autem
991 2456 1070 2527 iuxta
1111 2465 1168 2514 tum
1191 2471 1303 2514 suorum
1326 2456 1489 2513 temerarius
1514 2455 1681 2527 postposuit,
1700 2460 1728 2512 et
1742 2455 1783 2511 sic
1797 2467 1833 2512 ne
1847 2467 1941 2526 regno
2025 2527 2026 2530 Ἴ

248 2543 394 2606 consilinm
415 2557 510 2602 eorum
535 2544 644 2601 interim
668 2543 804 2602 manendo
828 2558 990 2616 responsum
1004 2559 1071 2617 apo·
1112 2545 1275 2617 privaretur,
1292 2550 1351 2602 toto
1366 2544 1519 2600 industrius
1537 2549 1565 2600 et
1588 2543 1788 2600 attentissimus
1809 2542 1941 2614 ingenio,

249 2632 377 2691 stolictun
396 2638 423 2690 et
442 2629 695 2691 reconciliationem
714 2632 790 2690 illius
804 2639 985 2704 exspectaret.
1006 2635 1071 2690 llaeo
1112 2633 1256 2694 omeliaria
1279 2648 1392 2692 suorum
1415 2634 1548 2690 scrutinia
1569 2639 1598 2690 et
1621 2633 1738 2690 consilia
1763 2631 1943 2691 conterendo
2025 2627 2026 2636 ’

250 2729 278 2780 et
300 2729 401 2779 caetera
425 2721 516 2778 omnia
538 2736 596 2790 rex,
614 2737 777 2794 quamquam
801 2737 856 2780 non
878 2737 912 2782 ex
931 2729 990 2781 tota
1007 2723 1072 2780 sitm
1113 2722 1322 2795 diligentissime
1341 2736 1371 2779 se
1390 2721 1573 2794 praemunivit

250 2811 385 2883 plicitate,
406 2809 471 2868 ilico
496 2810 612 2884 peregit.
636 2811 744 2868 Abhinc
769 2811 883 2880 litteras,
901 2814 978 2884 juxta
997 2812 1072 2885 quod
1149 2812 1286 2870 tullensis
1303 2818 1394 2868 antem
1413 2809 1571 2882 episcopus,
1587 2824 1639 2868 uec
1653 2823 1709 2868 non
1722 2810 1826 2882 paritor
1840 2809 1945 2865 ileme-

251 2899 432 2957 condixerant
458 2901 531 2958 inter
553 2915 583 2958 sc
607 2901 785 2972 compositas,
811 2907 839 2959 ct
868 2901 897 2958 in
927 2902 1073 2973 praesentia
1116 2900 1202 2956 tensis
1220 2913 1284 2958 mox
1302 2914 1364 2958 cnm
1383 2899 1477 2956 multm
1494 2899 1568 2967 aliis,
1588 2899 1690 2971 quibns
1711 2899 1766 2957 hoc
1789 2911 1840 2970 per
1858 2898 1945 2956 ohoe-
2025 2971 2026 2986 χ

252 3001 347 3045 eorum
371 2988 513 3062 sigillatas,
540 3003 609 3061 quas
636 2995 726 3046 tamen
755 2989 887 3060 deinceps
914 2991 974 3062 ipse
1002 2990 1246 3061 stamedientiam
1266 2989 1450 3046 aPataviensi
1473 2989 1605 3060 episcopo
1630 2987 1789 3060 impositum
1807 2990 1861 3055 est,
1882 2988 1945 3044 lio·
2025 2987 2026 2992 ’

252 3077 378 3134 alteravit
406 3083 434 3134 et
464 3078 499 3134 ad
527 3077 635 3135 lihitum
663 3093 743 3135 suum
771 3079 903 3146 mutavit,
935 3093 985 3151 per
1012 3081 1077 3136 ire·
1117 3093 1188 3138 mam
1208 3079 1410 3150 pervenientes,
1432 3092 1510 3150 pape
1532 3093 1562 3136 se
1586 3091 1649 3135 roos
1667 3091 1729 3135 cum
1751 3075 1946 3134 satisfactione
2025 3087 2026 3100 ¹

253 3166 389 3224 virensem
420 3167 580 3238 episcopum
612 3168 725 3224 Romam
759 3182 837 3239 papae
871 3169 1077 3239 praesentandas
1118 3175 1146 3226 et
1170 3167 1342 3226 oboedientia
1363 3167 1457 3226 debita
1480 3167 1624 3225 dederant.
1643 3170 1717 3236 Quos
1737 3165 1784 3224 ille
1807 3166 1947 3223 canonice

253 3255 414 3312 transmisit.
438 3255 572 3313 Primatcs
594 3269 660 3314 vero
689 3256 777 3329 regni,
806 3256 886 3314 dolos
912 3256 1077 3328 solitamque
1119 3258 1324 3323 reconcibatos,
1345 3270 1441 3315 eorum
1464 3257 1660 3314 obedientiam
1679 3254 1849 3328 aliquamdiu
1873 3269 1947 3326 pro·

254 3345 409 3403 vecordiam
438 3344 659 3404 consiliariorum
687 3348 779 3418 regis,
814 3361 896 3419 quam
928 3347 1079 3404 tantotiens
1119 3347 1211 3404 bando
1230 3347 1259 3404 in
1285 3345 1491 3404 monasterialia
1517 3345 1642 3417 quaedam
1671 3345 1839 3403 custodiaria
1865 3343 1948 3400 solos

256 3435 362 3506 experti
385 3441 459 3504 sunt,
476 3442 639 3505 metuentes,
656 3441 684 3493 et
707 3436 760 3506 ipsi
784 3436 889 3506 legatos
911 3437 977 3494 boni
1001 3436 1079 3493 testi·
1120 3451 1169 3495 eos
1183 3435 1250 3494 lecit
1270 3436 1449 3503 incarcerari,
1465 3436 1555 3494 donec
1579 3435 1763 3507 imperatricis
1785 3435 1948 3491 interventu

256 3525 352 3592 monii,
368 3524 416 3595 qui
436 3523 479 3580 his
498 3526 708 3596 omnibusque
728 3511 833 3583 ibidem'
847 3531 908 3583 acta
927 3532 992 3584 sunt
1009 3540 1080 3598 prae·
1120 3527 1165 3582 vix
1187 3525 1253 3584 inde
1275 3525 1395 3592 reducti,
1415 3525 1519 3597 absque
1543 3524 1642 3583 ordine
1665 3538 1721 3582 non
1740 3523 1773 3556 ¹⁸⁸
1796 3535 1947 3590 concesso,

257 3620 300 3673 sto
319 3612 568 3683 inerant,imn1am
593 3615 758 3686 periteque
783 3629 852 3686 papa
876 3615 949 3674 dolis
968 3615 1079 3673 illorum
1120 3613 1207 3672 solius
1242 3613 1355 3672 licentia
1391 3613 1593 3672 communionis
1629 3614 1780 3686 repatriare
1816 3613 1948 3684 permissi

258 3703 453 3775 deciperetur,
483 3709 665 3775 properanter
691 3703 832 3777 dirigunt,
862 3705 1007 3776 ipsumque
1031 3720 1081 3777 per
1120 3709 1196 3762 sunt.

259 3791 476 3849 misericordiam
506 3793 555 3849 bei
587 3791 750 3864 suppliciter
779 3792 952 3850 obsecratum
984 3793 1080 3864 impio·
1156 3795 1214 3851 iios
1236 3807 1251 3850 e
1275 3793 1393 3866 vestigio
1425 3793 1595 3851 'trevirensis
1624 3791 1852 3865 archiepiscopus
1884 3807 1949 3851 cnm

260 3885 333 3947 raut,
349 3884 379 3937 ut
393 3881 422 3937 in
440 3881 491 3936 has
505 3886 598 3951 partes
614 3881 814 3939 dissensionem
833 3881 990 3953 hujusmodl
1009 3896 1082 3940 com·
1123 3883 1206 3955 regiae
1226 3882 1373 3954 legationis
1391 3882 1491 3939 litteris
1515 3881 1630 3940 tostinus
1651 3882 1733 3940 nimis
1753 3883 1949 3954 consequitur,

180 3965 186 3974 '
262 3969 404 4042 positurus
427 3969 522 4026 venire
545 3971 715 4042 dignaretur.
744 3972 860 4042 insuper
882 3977 913 4028 ut
938 3985 1030 4044 regem
1048 3972 1082 4031 ad
1124 3986 1220 4043 papam
1240 3971 1377 4039 salutavit,
1397 3970 1504 4028 litteras
1526 3971 1694 4028 adulteratas
1716 3971 1770 4042 ipsi
1792 3979 1950 4042 prasenta-

262 4056 422 4130 apostoticae
450 4058 524 4115 sedis
547 4059 743 4117 oboedientiam
772 4058 920 4131 perfectius
947 4061 1082 4118 constrin·
1124 4059 1412 4129 nicomediensi
1440 4073 1533 4118 coram
1552 4061 1651 4134 legatis
1678 4061 1842 4133 optimatum
1869 4063 1951 4135 regni

263 4153 371 4222 gerent,
386 4151 532 4220 antequam
555 4148 590 4206 ab
613 4148 728 4206 invicem
753 4148 939 4218 discederent,
959 4153 1083 4221 coniura-
1125 4151 1236 4209 recitari
1261 4151 1315 4208 sihi
1330 4149 1429 4220 noluit,
1450 4157 1481 4208 ut
1498 4151 1551 4222 ipsi
1567 4157 1652 4208 testes
1670 4151 1843 4208 recitationis
1864 4151 1951 4208 ades-

263 4237 339 4307 hant,
359 4245 390 4295 ut
409 4239 433 4296 si
450 4237 530 4310 culpa
548 4252 597 4296 sna
616 4238 688 4296 nitra
706 4252 807 4295 annum
834 4239 1086 4298 excommunicatus
1125 4247 1197 4308 sent,
1213 4240 1260 4311 qui
1276 4245 1305 4297 et
1319 4254 1412 4298 aarum
1432 4240 1642 4312 compositionis
1656 4243 1684 4297 et
1698 4240 1856 4298 emissionis
1869 4241 1953 4300 scioli

264 4327 437 4400 perduraret,
462 4327 515 4398 ipsi
535 4341 597 4384 eum
616 4327 732 4386 ulterius
754 4342 847 4400 regem
867 4343 921 4386 non
940 4329 1296 4396 baberentliasstiterant.
1326 4331 1472 4401 Postquam
1501 4330 1586 4403 igitur
1612 4331 1727 4404 recitate
1754 4335 1837 4402 sunt,
1867 4329 1953 4404 legati

264 4417 387 4489 indeque
411 4418 447 4474 ob
471 4422 572 4476 metum
596 4415 695 4476 litturae
718 4418 747 4474 in
769 4431 818 4476 eos
836 4419 910 4490 regis
928 4419 1041 4477 ultionis
1059 4424 1088 4476 et
1129 4419 1269 4478 materiam
1288 4419 1370 4492 longe
1390 4419 1471 4478 aliam
1489 4433 1570 4490 quana
1590 4433 1653 4490 quae
1672 4420 1700 4475 in
1723 4420 1873 4490 presentia
1893 4421 1954 4491 pri·

266 4507 384 4580 injuria,
400 4521 483 4579 quem
499 4521 550 4578 per
568 4505 662 4579 plures
682 4520 777 4566 eorum
798 4521 853 4566 non
868 4509 955 4566 visum
970 4514 998 4567 et
1017 4510 1089 4566 insa·
1129 4517 1230 4568 matum
1255 4510 1333 4582 regni
1356 4509 1510 4580 composita
1533 4513 1561 4566 et
1584 4508 1703 4582 sigillata
1726 4507 1788 4577 luit,
1812 4522 1954 4583 recogno·

267 4597 382 4656 tutatum
404 4596 513 4669 sibique
538 4597 620 4654 nimis
642 4597 795 4656 subiratum
817 4598 997 4670 reliquerant,
1024 4599 1089 4656 data
1129 4603 1250 4668 scentes,
1267 4611 1322 4656 non
1337 4597 1453 4656 eandem
1466 4601 1511 4656 set
1528 4597 1670 4656 alteratam
1685 4605 1713 4655 et
1726 4611 1777 4668 per
1790 4597 1851 4657 loca
1866 4605 1957 4656 muta-

268 4689 321 4745 sibi
345 4687 374 4743 in
398 4687 525 4754 invicem,
543 4687 566 4742 si
586 4685 652 4758 qnid
676 4687 718 4744 eis
739 4686 775 4744 ob
800 4687 956 4759 hujusmodi
979 4702 1088 4746 caumm
1131 4693 1184 4746 tam
1200 4687 1295 4756 luisse,
1317 4701 1367 4760 per
1384 4685 1532 4744 dominum
1545 4689 1628 4745 Mum
1646 4687 1788 4746 liberrime
1807 4689 1957 4759 protestati

269 4777 470 4844 adversaretur,
497 4774 551 4832 lide
577 4775 722 4847 adjutoria,
751 4777 940 4849 unusquisque
971 4777 1090 4851 glorian·
1131 4782 1204 4835 sunt.
1238 4777 1284 4834 sic
1314 4775 1485 4833 Trevirensls
1516 4775 1752 4848 archiepiscopus,
1788 4789 1956 4848 quamquam

271 4864 355 4924 ter¹⁸¹
372 4865 402 4923 in
420 4880 469 4924 sua
488 4869 653 4924 remeamut.
1132 4867 1160 4924 in
1188 4867 1285 4940 primis
1313 4866 1423 4924 litteras
1450 4864 1599 4924 detentere
1627 4865 1789 4938 incepisset,
1815 4871 1959 4938 postremo

950 5013 1062 5072 vnttlm
1086 5013 1278 5071 tensiones.

311 5155 341 5190 ¹⁷⁸
359 5157 502 5216 Homiaian
516 5158 535 5216 l.
551 5175 574 5216 e.
591 5161 688 5221 ultimo
702 5160 773 5234 tepit.
793 5163 878 5223 lllmae
897 5169 984 5223 tomen
1001 5165 1082 5236 juata
1101 5165 1203 5222 sedeas
1222 5163 1357 5237 bperdom
1370 5179 1427 5222 csse
1442 5169 1516 5294 W
1534 5179 1569 5222 ea
1586 5163 1713 5223 bernoldi
1731 5163 1893 5240 epolopetieo
1909 5183 1961 5240 pro

275 5228 429 5288 Gebebordo
452 5232 643 5290 Oomtntdieaai
662 5235 782 5308 episeopo
799 5236 910 5310 (Opone
926 5239 965 5306 Χ,
981 5236 1008 5305 4,
1022 5253 1051 5309 p.
1067 5235 1146 5320 380.)
1165 5257 1172 5294 :
1189 5235 1234 5294 aii
1247 5236 1336 5294 ottoni
1350 5237 1422 5310 epod
1465 5235 1549 5318 imam·
1561 5237 1706 5294 mammio
1725 5235 1830 5295 reddin
1849 5237 1959 5296 ἀὶαϊιιν.

278 5301 356 5359 USS.
371 5373 377 5386 ⁸
396 5301 427 5334 Η·
448 5301 478 5357 l*
491 5319 566 5387 noces
581 5311 609 5389 et
622 5305 687 5364 abb.
704 5320 731 5377 p.
748 5321 775 5365 n.
792 5322 820 5365 n.
837 5322 873 5366 tn.
890 5315 918 5366 et
933 5310 1068 5366 minomm
1082 5313 1181 5380 scapio
1200 5309 1294 5366 itervm
1307 5307 1411 5376 demit,
1426 5314 1451 5366 et
1465 5312 1526 5365 tenc
1538 5312 1578 5366 rto
1591 5310 1694 5437 pergit:
1712 5307 1963 5368 «tridentinensis

275 5371 437 5458 veiirrent,
452 5374 626 5434 coloniensis
639 5382 669 5434 et
685 5379 875 5452 agripinensis
888 5380 929 5438 vel
950 5381 1041 5445 liolln,
1058 5380 1123 5452 item
1148 5382 1277 5438 tielensis
1294 5381 1337 5438 vel
1356 5383 1435 5450 beta,
1451 5379 1592 5438 xtullensis
1610 5393 1641 5438 ve
1675 5381 1735 5445 Tol,
1756 5381 1901 5440 belnensis
1918 5381 1962 5438 vei

279 5445 370 5512 verns,
391 5447 592 5504 lausannensis
609 5449 652 5505 vel
671 5451 771 5520 bosen,
792 5452 938 5510 Frisiensis
955 5451 998 5508 vel
1018 5450 1171 5524 Frisingen,
1187 5457 1216 5509 et
1234 5453 1348 5511 abbates
1367 5453 1461 5524 plures
1479 5465 1531 5510 nee
1550 5465 1605 5509 non
1624 5453 1757 5524 malorum
1775 5454 1961 5514 studuerunt

278 5528 334 5572 non
354 5517 460 5575 modica
477 5519 566 5588 turba,
583 5524 631 5576 etc.
672 5520 703 5553 ¹⁰⁰
721 5523 759 5579 itc
773 5523 850 5582 codd.
890 5523 917 5558 ¹⁸¹
938 5522 1226 5596 quaerebamus.
1266 5523 1296 5558 ¹⁰¹
1314 5523 1509 5597 glorianturi.
1548 5523 1578 5558 ¹⁸⁸
1597 5537 1652 5584 non
1672 5525 1799 5583 dmsted.
