4106 6178
93 315 161 372 reos
852 308 1012 368 chhfflhh.
1707 315 1775 372 1254

88 440 159 510 Quid
179 437 300 512 colaphi,
316 443 407 509 sputa,
424 438 523 509 spine,
533 436 602 508 quid
620 435 738 504 arundo,
754 433 871 506 bugella,
919 434 1077 505 Abstegat,
1093 434 1226 502 occurrit,
1242 449 1305 493 mox
1318 441 1453 507 apparent
1466 435 1558 494 alieno

89 528 159 596 Quid
174 543 252 594 crux,
267 525 335 598 quid
350 526 430 596 olavi,
445 525 512 598 quid
527 530 645 592 acetum,
660 523 763 595 longia,
775 529 803 580 et
815 521 863 588 iel,
953 523 1019 592 Quae
1039 522 1141 580 luerint
1154 524 1252 582 sordes
1270 533 1336 582 tunc
1349 526 1400 582 sub
1414 525 1563 596 splendore
1576 526 1704 586 latentes.

90 617 206 684 Lancea,
229 629 313 684 nrors,
330 615 461 681 tumulus,
478 615 629 670 descensus
642 613 676 670 ad
688 615 752 681 iura,
768 611 810 669 vel
826 611 914 682 ipsun
955 614 994 669 ho
1009 612 1082 672 bona
1096 621 1172 670 certa
1186 613 1277 680 honis,
1292 628 1348 686 quo
1359 615 1421 684 plus
1434 615 1586 672 versaveris
1599 615 1657 673 illa.

90 703 234 761 Proiuerat
249 704 346 761 redimi
359 709 371 760 ι
384 703 449 759 duro
459 707 570 774 spectas
582 702 645 769 ista,
662 703 759 758 timere
773 700 851 760 noli:
955 701 1093 772 Undique,
1109 708 1137 759 et
1150 704 1178 760 in
1193 703 1300 773 species
1318 703 1432 761 meliora
1446 701 1599 762 forinsecus
1614 705 1654 762 illi

90 794 174 848 Tanta
190 792 239 848 tibi
254 791 336 864 longe
352 790 522 862 providimus
539 803 615 846 arma
629 827 741 844 .....
955 793 1016 848 lion
1028 790 1143 863 iulgent,
1160 792 1296 852 introrsus
1307 793 1381 850 enirn
1399 792 1472 850 bona
1485 806 1595 863 seruper
1608 806 1703 852 eorum

91 883 155 937 llaec
169 881 217 938 ubi
232 880 365 948 confidas,
382 879 442 936 haec
457 879 545 937 hostis
559 879 638 951 signa
652 885 772 946 veretur,
956 881 1025 938 Sunt
1039 881 1164 948 obversa,
1181 882 1262 939 bonis
1276 896 1332 940 non
1347 881 1540 953 prosperitatis
1554 895 1648 952 egere,

91 973 156 1028 llaec
171 972 259 1040 timet,
275 970 335 1028 hacc
350 968 545 1040 1·eiugit,vires
559 968 603 1025 his
618 967 738 1039 denique
753 968 841 1024 scnsit
957 971 1129 1041 Prosperitas
1144 978 1186 1028 est
1205 971 1243 1027 nil
1258 971 1340 1029 modo
1355 970 1484 1028 deridere
1499 976 1638 1040 potentes,

91 1062 203 1117 Fractas
217 1074 278 1117 esse
294 1074 368 1128 suas,
385 1059 493 1116 enervis
508 1057 563 1126 hic,
584 1058 774 1129 invalidusque
956 1059 1044 1130 hique
1059 1060 1177 1130 probare
1191 1066 1272 1131 potes
1285 1061 1412 1128 miseros,
1427 1073 1545 1132 quorum
1559 1059 1650 1132 gravis
1663 1059 1704 1116 ira

91 1151 148 1218 ist,
164 1149 214 1207 sed
229 1149 265 1205 ob
283 1149 444 1206 innumeros
458 1160 575 1204 nervoso
590 1148 696 1218 poplite
709 1161 790 1203 εεειιε
956 1147 1067 1204 Pusillis
1085 1149 1176 1206 anino
1195 1156 1316 1207 terrores
1331 1149 1474 1206 insidiosis

92 1238 172 1295 bisca
186 1237 318 1309 frequens
327 1240 388 1308 ejus
406 1237 505 1294 callum
521 1237 648 1292 durabile
661 1237 751 1293 duxit.
957 1239 1077 1294 intentat
1091 1237 1191 1296 studiis
1204 1238 1315 1295 lethalis
1330 1237 1384 1294 tela
1400 1237 1549 1309 pharetrae,

91 1328 205 1399 cunque
220 1327 322 1383 cadens
336 1327 429 1394 alitur,
445 1326 553 1396 nequit,
570 1331 599 1382 et
613 1323 648 1380 de
662 1336 760 1381 cruore
776 1322 892 1390 laborat,
957 1327 1149 1398 Nequitiaeque
1164 1341 1270 1394 manus,
1286 1327 1363 1384 necis
1376 1339 1468 1397 arcus,
1483 1327 1634 1398 impietatis

93 1418 186 1487 noque
203 1429 275 1488 genu
290 1421 404 1488 pugnat,
420 1413 526 1471 nullum
540 1413 616 1485 quod
632 1412 794 1470 debilitatus
958 1419 1048 1484 hrma,
1064 1415 1128 1472 nali
1146 1415 1231 1473 iacies
1248 1424 1314 1474 suot
1332 1416 1453 1473 materiae
1471 1415 1620 1473 cruciatus.

92 1506 191 1562 Exorat
205 1509 248 1562 est
257 1505 352 1562 robur.
369 1504 447 1561 Levis
461 1502 532 1570 haic,
547 1501 596 1560 sed
611 1502 708 1559 sedula
723 1500 758 1557 lis
771 1506 824 1569 εει,
958 1507 1032 1574 Quos
1045 1505 1122 1563 ladit
1136 1505 1228 1564 odisse
1241 1507 1326 1576 iuvat,
1341 1505 1500 1576 iaciuntque
1515 1511 1650 1564 nocentes

92 1595 127 1650 ht
141 1593 175 1650 lis
189 1595 373 1652 membrorum
392 1592 458 1650 licet
473 1592 525 1650 hac
538 1591 573 1648 dc
589 1591 637 1648 lite
652 1591 689 1647 sit
702 1597 774 1658 orta,
958 1597 1032 1664 Quos
1045 1608 1166 1654 nocuere
1178 1597 1277 1653 timont
1291 1601 1362 1652 etse
1376 1595 1477 1666 quihus
1491 1609 1552 1654 esse
1567 1595 1660 1654 timori

92 1685 126 1740 Et
140 1682 206 1742 licet
222 1683 256 1740 ad
271 1683 353 1740 linem
372 1683 407 1738 lis
421 1687 537 1754 utraque
555 1680 650 1738 tendat
665 1681 808 1752 iniquum,
958 1686 1066 1742 Summa
1081 1691 1188 1754 putent,
1204 1684 1234 1742 hi
1248 1684 1343 1742 iehces
1356 1687 1467 1757 quoties
1478 1686 1591 1756 iacuere

93 1772 203 1832 Scilicet
218 1778 248 1830 ut
262 1779 368 1830 menws
382 1772 515 1829 humanas
528 1771 655 1842 dissipet,
671 1771 765 1827 instat.
925 1759 1072 1832 illitorum
1090 1780 1154 1832 ante
1168 1774 1263 1845 pedes,
1279 1788 1350 1846 quos
1368 1773 1440 1831 iastu
1454 1788 1529 1845 saepe
1543 1773 1665 1844 superbo

94 1863 197 1920 Divinae
211 1863 312 1920 rnenhs
326 1862 397 1919 ratio
412 1867 503 1919 tauron
518 1875 572 1918 una
586 1860 694 1918 duabus
957 1866 979 1920 tl
994 1863 1111 1933 pedibus
1123 1863 1255 1934 pepulere
1273 1863 1341 1928 suis,
1359 1864 1469 1934 quoties
1483 1868 1512 1919 et
1525 1862 1554 1919 in
1574 1863 1644 1920 istos

94 1951 243 2009 Vincendis
256 1965 313 2009 noo
328 1957 380 2020 est,
396 1951 477 2008 aliam
494 1950 626 2022 patientia
639 1948 751 2021 frangit,
959 1951 1064 2009 Felices
1078 1951 1139 2009 aliis
1157 1952 1259 2023 quibus
1273 1951 1397 2009 invidero
1414 1956 1508 2023 parata

94 2043 141 2098 vis
159 2041 250 2110 alian,
261 2042 372 2112 dignam
385 2041 432 2097 illa
447 2041 524 2097 dabit
539 2043 603 2111 post
616 2038 712 2109 praelia
726 2037 843 2108 palmam
856 2058 864 2106 ;
959 2043 1042 2098 Poeha
1057 2040 1230 2111 redundavit,
1246 2041 1357 2112 quoties
1375 2041 1423 2112 qui
1437 2054 1511 2110 saepe
1531 2039 1649 2112 negavit,

96 2133 161 2187 ilaeo
179 2130 243 2188 coeli
257 2143 381 2202 regnum.
396 2129 521 2186 Gaudent
540 2128 583 2186 hae
603 2128 674 2185 bella
687 2139 815 2198 supernae
959 2134 1022 2202 ipse
1036 2131 1107 2202 petit
1120 2131 1237 2188 veniam.
1253 2130 1330 2187 Felix
1343 2137 1386 2187 est
1396 2132 1459 2201 iure
1475 2129 1614 2200 putandus

96 2220 226 2287 Virtutes,
246 2220 366 2292 gaudent
380 2224 465 2286 vates,
481 2218 603 2291 gaudent
621 2216 797 2288 patriarchae,
960 2219 1115 2277 invidiosus
1128 2232 1210 2290 queur
1225 2224 1337 2292 torquet
1350 2217 1476 2286 lelicior;
1492 2223 1563 2274 esto.

96 2311 151 2366 lsta
169 2315 281 2366 senatus
295 2308 465 2380 apostolicus
478 2307 597 2374 lactatur,
610 2311 638 2362 et
652 2306 712 2362 haec
726 2308 791 2361 sunt
960 2293 1027 2366 Sint'
1038 2305 1153 2374 iallces;
1170 2305 1216 2363 dic
1235 2306 1282 2362 ubi
1297 2311 1362 2362 sunt
1376 2319 1447 2376 quos
1460 2305 1571 2363 noveris
1581 2310 1641 2362 arta

97 2398 189 2454 Dulcis
208 2397 383 2470 martyribus,
399 2397 469 2453 tales
483 2403 511 2452 et
526 2395 589 2452 lata
599 2393 754 2464 triumphos
961 2397 1031 2455 sade
1050 2395 1251 2466 triumphantes
1265 2393 1375 2465 populis
1388 2394 1454 2451 dare
1466 2394 1529 2464 iura
1543 2393 1690 2450 subactis?

96 2488 208 2557 Spectat
226 2487 380 2558 virginitas,
400 2484 539 2542 exsultant
558 2483 642 2539 rebus
657 2483 685 2537 in
701 2482 763 2538 istis
960 2485 1019 2544 olla
1033 2483 1111 2543 iuere
1124 2484 1198 2552 vitri,
1214 2482 1353 2542 contracta
1373 2489 1426 2552 est,
1440 2483 1546 2555 grando
1565 2481 1669 2554 liquata
1683 2489 1736 2550 est,

98 2576 203 2634 retices
215 2577 325 2645 animae,
341 2576 408 2632 mihi
422 2581 486 2631 sunt
500 2573 560 2630 haec
574 2576 652 2644 grata
665 2583 779 2638 corona,
962 2576 1111 2633 Flumineus
1125 2573 1208 2630 bullae
1220 2581 1310 2643 ruptae
1324 2579 1399 2640 sunt,
1415 2573 1511 2630 umbra
1526 2573 1652 2641 recessit,

96 2665 168 2734 Quas
182 2678 233 2737 ego
248 2679 306 2737 prae
320 2664 426 2721 meritis
440 2662 592 2718 victoribus
606 2660 659 2731 ipsi
675 2658 809 2730 rependo,
963 2667 1063 2721 liumus
1078 2662 1222 2734 praeteriit,
1238 2663 1327 2719 nubes
1340 2661 1485 2733 disparuit.
1502 2664 1567 2719 llaec
1581 2668 1655 2730 sunt,

96 2753 265 2811 contirrocnt
278 2755 398 2810 animuin
413 2755 574 2810 constanter
587 2749 622 2806 ad
638 2762 718 2805 omne
730 2745 884 2804 icrcnduur.
962 2755 1028 2821 Quae
1042 2753 1152 2820 motuis,
1173 2751 1233 2809 iraeo
1251 2766 1315 2808 sunt
1328 2773 1337 2821 ;
1352 2765 1408 2808 non
1426 2752 1468 2808 vis
1482 2765 1615 2823 pugnare,
1635 2751 1744 2808 recede.

98 2845 138 2899 hle
155 2857 242 2915 genus
259 2841 407 2898 humanum
423 2841 540 2911 patrium
555 2844 705 2910 cognoscat
719 2837 833 2904 habere,
963 2845 997 2899 At
1011 2843 1124 2915 regione
1139 2843 1219 2898 times
1233 2840 1423 2897 alienavivere
1438 2854 1563 2911 pauper:

96 2934 186 3003 hique
218 2944 343 2988 Silerum
374 2929 512 2996 inimum·
537 2929 583 2986 cui
610 2926 765 2998 ⁰⁰ffli¹²00l
795 2925 837 2981 ili
865 2920 922 2979 fle·
964 2933 997 2988 Et
1011 2931 1075 3001 quis
1093 2935 1148 2986 mna
1165 2943 1269 2999 pauper
1283 2929 1358 2996 vivit,
1373 2943 1455 3000 quam
1470 2928 1612 2986 nascituri
1630 2928 1678 2985 llis
1692 2933 1720 2985 te

755 3013 889 3087 [qnealer
966 3019 1048 3091 Eripe
1063 3018 1182 3085 deliciis,
1198 3024 1226 3074 te
1237 3018 1330 3084 rebus,
1347 3025 1375 3074 et
1388 3017 1464 3089 eripe
1481 3018 1586 3086 mundi,

96 3108 139 3166 hd
152 3108 244 3165 studia
257 3106 373 3180 prolem,
387 3105 493 3163 seriatis
507 3105 582 3164 nulla
595 3105 694 3162 diebus
934 3089 1030 3177 unae
1044 3113 1148 3179 quanto
1163 3104 1251 3178 fugies
1266 3111 1343 3162 huto
1358 3106 1424 3162 ntihi
1439 3113 1553 3176 propter
1566 3105 1701 3162 adderes.

97 3197 160 3254 Otia
178 3195 306 3264 concedi,
322 3196 451 3254 sudorem
465 3196 569 3267 saepius
583 3196 639 3252 illis
964 3197 1072 3254 christe
1086 3199 1169 3263 licus,
1184 3195 1247 3253 vita
1261 3209 1334 3252 vere
1347 3193 1497 3253 fabricator
1511 3202 1539 3252 et
1553 3195 1631 3274 almae
1645 3213 1653 3262 ;

103 3286 210 3355 brenti,
230 3291 259 3342 et
280 3285 419 3342 interdurn
447 3285 591 3356 lacrymas,
619 3296 672 3340 nec
698 3287 790 3339 servat
816 3280 846 3337 iu
865 3292 924 3336 um·
1000 3287 1108 3346 Christe
1123 3288 1205 3354 heus,
1220 3285 1329 3356 pulchri
1344 3285 1566 3356 conditoratque
1580 3284 1667 3354 boni;

811 3368 887 3442 [bre
964 3375 1072 3433 Christe
1085 3376 1167 3438 Deus,
1189 3388 1239 3444 por
1253 3387 1335 3444 quern
1350 3373 1426 3444 quod
1442 3386 1498 3429 noo
1517 3377 1560 3430 est
1582 3371 1655 3429 redii
1674 3372 1710 3430 ad
1729 3385 1790 3430 esse

100 3465 157 3522 Nee
174 3462 248 3521 iovet
261 3463 290 3518 in
305 3463 421 3534 gremio,
437 3463 552 3532 tristari,
569 3461 695 3532 flerique,
710 3460 833 3530 patique.
1000 3466 1088 3536 Atque
1103 3463 1178 3535 quod
1193 3460 1350 3520 estfactum
1365 3461 1489 3518 creditur
1507 3475 1542 3518 ex
1555 3461 1653 3518 nihilo.

100 3552 216 3610 Grandia
230 3552 395 3624 perpetitur,
412 3565 462 3622 per
476 3550 559 3607 taedia
578 3550 690 3621 pinguia
702 3548 843 3620 languent.
964 3552 1083 3618 christe,
1100 3537 1199 3609 malurn
1214 3551 1262 3622 qui
1277 3563 1333 3608 non
1348 3549 1433 3607 ullum
1447 3549 1527 3618 iacis,
1540 3555 1568 3606 ει
1582 3548 1650 3607 iacis
1663 3563 1736 3619 esse,

100 3641 228 3710 Quolibet
242 3641 303 3698 haec
317 3645 393 3698 urotu
407 3638 511 3697 luerint
528 3639 629 3712 agitata
643 3637 748 3694 laboris
1001 3641 1122 3698 Pessima
1138 3653 1174 3696 ne
1190 3639 1266 3706 bant,
1286 3644 1315 3696 et
1329 3639 1402 3698 bona
1417 3638 1589 3710 perveniant.

102 3731 235 3787 deiciunt
249 3744 334 3788 onere
349 3729 474 3800 proprio,
490 3726 595 3785 nullum
613 3725 684 3784 ieret
697 3726 783 3782 ictum
965 3731 1073 3788 christe
1087 3729 1189 3787 malurn
1203 3727 1330 3796 nihilum,
1342 3729 1390 3800 qui
1405 3727 1629 3800 confugientibus
1642 3728 1678 3785 ad
1693 3733 1731 3796 te,

102 3818 273 3890 Prosperitas
285 3819 382 3876 illaesa.
396 3819 463 3888 Quis
476 3823 505 3875 et
524 3830 579 3874 non
594 3817 651 3873 otia
666 3827 774 3886 poenauu
1000 3820 1051 3888 eri
1066 3833 1130 3876 vere
1146 3819 1236 3876 bonus
1251 3832 1281 3874 es
1295 3832 1329 3874 ex
1344 3817 1451 3875 ratione
1469 3817 1582 3888 probas.

102 3909 235 3965 Strenuus
248 3908 386 3965 aestimati
399 3907 527 3979 ingentes
544 3905 697 3963 industrius
716 3903 806 3962 ournis
965 3909 1073 3967 Christe
1093 3909 1174 3975 heus,
1190 3921 1241 3978 per
1258 3919 1341 3977 quen
1355 3913 1420 3964 suut
1434 3909 1463 3963 et
1477 3920 1539 3963 cum
1554 3913 1632 3978 parte
1644 3906 1756 3964 sinistra

102 3999 157 4056 lies
170 3997 252 4070 gerit,
266 4002 298 4055 ut
316 3996 411 4054 iaclles
423 3996 478 4053 nisi
497 4009 558 4053 cum
578 3996 681 4065 majore
695 3999 806 4051 recusat
1001 3997 1097 4054 omnia
1110 3994 1243 4067 perlecta,
1263 3994 1359 4054 condit
1372 3995 1489 4066 pulchra
1502 3995 1586 4053 bona.

103 4087 150 4144 Vel
166 4101 233 4159 pace
247 4088 396 4158 conponi,
412 4100 475 4144 naua
489 4086 600 4143 vincere
614 4084 696 4156 digna
711 4089 836 4155 paratum
966 4086 1075 4144 christe
1092 4088 1181 4155 heus,
1206 4099 1288 4156 quens
1307 4084 1435 4156 quisquis
1458 4097 1549 4142 aurare
1577 4089 1679 4156 potest,
1709 4089 1792 4154 amat,

105 4176 181 4234 Vinci
196 4189 247 4234 nee
261 4177 322 4234 iaus
340 4181 392 4246 est,
409 4190 460 4233 nec
474 4176 572 4249 gloria.
589 4175 680 4233 Fortis
688 4174 724 4230 ab
734 4174 783 4232 illo
1673 4171 1757 4246 [iilud

104 4268 171 4324 Cum
185 4280 240 4338 quo
253 4267 373 4324 luctatur
383 4280 498 4324 securus
512 4266 603 4337 poscit
616 4266 645 4321 io
659 4265 749 4336 ipsum
1004 4264 1065 4321 Sive
1080 4263 1117 4321 sit
1130 4263 1252 4334 ignoras,
1268 4262 1325 4319 sive
1340 4262 1433 4318 sciens
1446 4261 1522 4334 quod
1536 4267 1617 4318 amat.

105 4364 214 4421 Viribus
228 4364 295 4422 enlti
310 4365 387 4434 totis,
402 4372 431 4420 at
445 4363 508 4421 leta
522 4363 611 4431 ieriri,
969 4352 1077 4411 christe
1092 4357 1172 4423 pater
1185 4351 1316 4417 clemens,
1333 4348 1377 4406 cui
1394 4362 1489 4405 verum
1502 4361 1559 4405 non
1574 4348 1627 4404 nisi
1639 4347 1758 4406 mundos

105 4453 190 4520 Gadi,
206 4454 308 4520 vexari,
322 4455 436 4524 patitur,
452 4453 505 4510 nisi
521 4465 570 4522 par
585 4451 732 4521 reperitur.
938 4417 964 4475 D
1006 4443 1127 4498 Noscere
1142 4438 1304 4510 periectom,
1321 4442 1349 4496 et
1363 4438 1486 4508 reperire
1501 4436 1601 4506 placet.

106 4542 234 4600 Pluribus
248 4543 389 4614 objicitur,
406 4550 462 4600 turo
482 4541 550 4612 quid
565 4539 698 4611 patientia
712 4539 810 4608 possit,
972 4529 1090 4597 Christe,
1106 4533 1182 4586 sator
1195 4527 1264 4595 veri,
1279 4541 1330 4599 per
1344 4541 1425 4599 quenr
1440 4530 1504 4582 sunt
1518 4525 1610 4582 ournia
1628 4538 1703 4593 vera,

107 4633 212 4690 Polieat
230 4637 258 4690 ct
272 4638 415 4704 wantum,
430 4629 566 4687 clarescit.
587 4629 632 4684 Sic
651 4625 805 4685 iaciendum
1008 4619 1042 4675 lit
1056 4632 1106 4688 per
1119 4631 1201 4689 quern
1215 4618 1326 4707 sapiunt
1338 4617 1429 4674 onrnia
1448 4629 1511 4686 quae
1520 4614 1641 4685 sapiunt.

108 4723 173 4778 Esse
189 4722 270 4779 honis
285 4719 512 4793 perpenderitis,
528 4720 569 4775 An
583 4716 655 4775 forre
666 4715 780 4784 voreris,
972 4704 1092 4773 christe,
1108 4711 1187 4776 pater
1201 4705 1333 4773 clemens,
1346 4703 1523 4775 perfectaque
1534 4715 1696 4772 summaque
1710 4703 1775 4760 vita.

107 4812 181 4878 Quos
195 4811 246 4869 tibi
262 4811 428 4880 conspicuos
442 4809 489 4866 dat
503 4809 593 4879 imago
607 4806 666 4864 sola
685 4806 832 4872 bonorum,
1006 4797 1065 4863 Quo
1083 4795 1150 4852 vivit
1162 4807 1269 4852 summo
1283 4796 1376 4852 vivere
1391 4792 1526 4866 quidquid
1540 4791 1634 4860 hahet,

108 4902 229 4968 Quorum
243 4906 308 4957 sunt
321 4899 405 4957 animi
423 4899 508 4956 veluti
522 4911 572 4968 per
589 4895 695 4953 somnia
709 4895 801 4966 longa,
972 4883 1079 4942 Christe
1097 4886 1180 4952 heus,
1198 4886 1276 4954 cujus
1291 4883 1377 4942 totius
1391 4882 1516 4940 machina
1531 4881 1627 4939 mundi

110 4992 238 5062 vanaque
253 4990 353 5057 delusi,
368 5003 439 5061 quos
457 4989 542 5046 ebore
557 4985 674 5044 mundus
689 4991 717 5042 ει
730 4998 798 5043 auro
1008 4975 1057 5030 Fal
1068 4987 1194 5045 regnum,
1209 4973 1256 5045 qul
1272 4986 1329 5031 non
1340 4986 1439 5030 sensus
1457 4972 1535 5030 obire
1551 4972 1654 5042 potest,

110 5079 233 5150 compsit
251 5085 279 5136 et
292 5085 418 5150 argento.
439 5079 478 5134 iu
493 5089 544 5147 pro
558 5074 686 5132 ielicihus
699 5074 764 5130 illos
973 5061 1081 5119 Christe
1096 5064 1178 5130 Deus,
1198 5063 1277 5132 cnjus
1293 5061 1327 5118 tle
1343 5075 1429 5133 regno
1445 5059 1560 5118 venitin
1575 5059 1628 5116 ista

110 5168 227 5239 hspicis,
242 5173 271 5223 at
285 5167 308 5224 si
318 5181 373 5239 qua
386 5167 491 5224 lateant
504 5164 694 5236 speculabere,
715 5175 770 5220 uon
790 5175 843 5232 qua
1009 5154 1065 5210 Lex
1083 5154 1155 5211 eninr
1170 5158 1277 5224 regnat,
1289 5152 1460 5222 justitiaque
1476 5150 1564 5222 rigor.

110 5259 275 5324 Occurrunt,
295 5258 422 5324 miseros,
437 5253 536 5322 ioedos,
553 5259 703 5324 turpesque
716 5250 824 5309 videbis
974 5241 1092 5311 Christe,
1108 5249 1187 5312 pater
1198 5241 1329 5310 clemens,
1346 5254 1432 5313 aquo
1450 5239 1587 5296 divertere
1601 5237 1656 5296 labi
1672 5243 1724 5307 est,

111 5347 186 5402 llore
204 5361 262 5404 suae
280 5345 393 5403 iubricae
407 5343 498 5403 cultos
511 5343 706 5402 exstrinsecus.
721 5342 775 5397 lsta
1010 5331 1041 5386 ln
1055 5345 1137 5403 quem
1151 5330 1276 5389 converti
1289 5343 1414 5402 surgere.
1430 5327 1555 5386 Praedico
1570 5333 1608 5395 te,

112 5435 287 5507 prosperitas
300 5433 409 5492 stabilis
423 5447 478 5490 non
493 5435 545 5502 est,
561 5431 609 5489 sed
628 5431 725 5496 vitrea,
742 5432 845 5496 crusta,
974 5420 1093 5491 Christe,
1108 5423 1181 5480 licus
1190 5422 1320 5488 clemens,
1336 5434 1352 5477 a
1370 5433 1427 5491 quo
1441 5417 1585 5476 discedere
1599 5429 1674 5475 mors
1691 5423 1744 5486 est,

112 5525 147 5581 lit
161 5524 263 5582 tenuis.
280 5526 347 5582 lium
362 5529 435 5580 stare
449 5521 526 5592 licet,
546 5521 745 5592 propriumque
758 5516 848 5574 videri
1011 5513 1046 5568 lit
1059 5510 1088 5568 in
1102 5525 1185 5583 quern
1207 5509 1318 5583 regredi
1332 5509 1398 5576 vita,
1415 5520 1526 5566 manere
1540 5506 1625 5564 salus.

112 5614 155 5671 ttd
173 5620 277 5686 votum,
292 5613 416 5682 rutilant,
432 5626 493 5670 eun
513 5609 587 5682 quod
601 5607 739 5666 disturbet
757 5612 785 5664 et
797 5605 862 5664 illos
977 5600 1085 5659 Christe
1098 5601 1180 5670 bees,
1196 5599 1250 5658 nisi
1265 5598 1409 5670 deceptus,
1428 5597 1505 5669 quod
1518 5609 1598 5656 nemo
1613 5594 1757 5669 relinquit,
