4016 6160
215 301 272 358 arn
773 255 777 264 ¹
926 295 1067 352 niniam
1087 295 1200 352 scorn
1858 299 1912 356 oso

218 427 338 484 ciericos
357 426 465 495 decem,
486 439 548 482 cnm
567 425 668 497 quibus
692 421 726 478 de
749 434 834 492 regim
859 421 906 477 bet
932 419 1175 480 assidnebtribus
1193 435 1243 491 per
1271 421 1462 491 Hispaniarum
1492 423 1650 494 provincias
1672 425 1842 493 constitutis,
1872 428 1914 484 Si·

221 517 350 574 docebat.
383 516 479 573 Divina
508 522 597 573 autem
616 511 703 584 gratia
731 514 907 581 procurante,
934 523 1047 566 occure·
1087 514 1150 564 atus
1168 511 1357 581 episcopusin
1372 513 1489 570 Domino
1508 513 1634 572 salntem.
1653 514 1833 586 »etreliqua
1854 515 1919 588 (ep.

220 607 287 663 bant
302 606 381 663 multi
396 621 429 662 ex
445 604 476 638 ¹⁸³
490 603 640 676 gentilibus
658 607 686 656 et
708 599 817 656 honesti
845 599 924 671 lviiii,
950 606 980 654 ut
1000 598 1046 655 ba·
1087 597 1115 664 5,
1135 613 1163 669 p.
1186 597 1264 671 181);
1281 601 1344 656 data
1361 601 1404 658 17.
1420 601 1603 659 Kalendarum
1623 605 1748 676 Augusti,
1769 605 1915 662 Valeriano

221 697 392 754 btizarentnr
418 696 453 751 ab
482 709 526 751 eo.
555 696 630 749 inter
659 704 729 761 quos
751 691 901 746 Nemeaeus
919 689 1047 746 tribunus
1088 689 1213 745 etbecio
1239 690 1306 746 viris
1329 691 1489 748 clarissimis
1503 694 1673 751 oonsulibus.
1696 697 1755 765 (bn.
1776 697 1871 766 linat.)
1886 697 1914 751 in

222 802 285 846 oum
301 786 544 851 omnidomosua‚
565 783 674 853 iliaque
690 783 749 853 ejus
765 780 879 848 Lucilla,
896 794 957 850 quae
973 793 1046 836 caeca
1088 779 1277 851 martirologio
1304 781 1363 837 sie:
1398 783 1498 838 becius
1530 783 1681 854 imperator
1700 789 1728 841 et
1755 784 1917 841 Valerianus

220 891 272 948 per
291 877 399 934 beatum
420 873 575 944 zephanum
591 871 763 938 inluminata,
784 875 811 925 et
825 869 959 939 Olimpius
977 870 1047 925 aiter
1088 866 1227 936 prefectus
1251 875 1399 926 tenuerunt
1419 871 1611 928 beatissimum
1624 887 1719 930 senem
1735 873 1841 930 Sixtum
1862 876 1917 945 epi·

223 968 351 1024 tribunus
370 979 430 1022 cum
450 976 536 1021 uxore
555 961 706 1033 ttrsuperta
727 966 754 1016 et
773 959 830 1016 illio
853 959 995 1016 Theodoto
1019 965 1047 1015 et
1087 969 1201 1026 scopum
1223 958 1374 1014 Romanurn
1398 973 1460 1015 eum
1484 962 1559 1016 omni
1583 961 1659 1019 clero
1677 975 1738 1030 suo,
1755 969 1783 1018 et
1798 961 1918 1020 recluse-

221 1057 324 1113 ceteris
349 1054 398 1124 qui
418 1053 597 1109 crediderunt
622 1051 650 1107 in
678 1064 727 1107 sua
755 1051 849 1117 domo,
874 1049 922 1120 qui
951 1053 1046 1118 postea
1089 1050 1153 1101 runt
1168 1060 1217 1103 eos
1239 1047 1268 1102 in
1289 1047 1416 1104 custodia
1439 1049 1560 1118 publica,
1585 1057 1613 1106 et
1632 1049 1744 1109 inerunt
1771 1053 1810 1110 ibi
1831 1052 1915 1108 clausi

221 1145 294 1216 passi
309 1150 382 1200 sunt.
402 1143 566 1202 celebrabat
584 1146 677 1198 antem
701 1140 798 1196 missas
821 1146 904 1208 atque
928 1137 1047 1195 concilia
1088 1134 1182 1190 multis
1200 1135 1308 1192 diebus.
1328 1139 1439 1196 Factum
1455 1143 1498 1195 est
1514 1145 1605 1196 autem
1625 1141 1676 1208 ibi,
1696 1145 1727 1198 ut
1740 1142 1842 1198 Decius
1860 1157 1918 1198 ces

221 1249 271 1305 per
289 1234 393 1303 criptas
406 1239 567 1306 martyrum.
588 1233 700 1287 Factum
726 1233 768 1286 est
790 1233 892 1296 antem,
916 1234 947 1284 ut
969 1227 1047 1284 Vale·
1071 1237 1133 1280 *sar
1164 1228 1192 1280 et
1224 1225 1383 1282 Valerianus
1415 1226 1554 1297 proiectus
1583 1228 1714 1300 juberent
1732 1229 1786 1286 sibi
1806 1230 1915 1287 beatum

217 1325 312 1379 rianus
331 1326 359 1378 et
376 1320 543 1388 Galleianns,
573 1323 767 1390 persecutores
793 1317 914 1374 nominis
932 1315 1045 1382 Christi,
1088 1314 1192 1369 sixtum
1211 1315 1371 1386 episcopum
1391 1331 1453 1373 cum
1478 1317 1554 1375 clero
1579 1332 1630 1375 suo
1655 1321 1811 1390 presentari
1831 1329 1912 1378 nocto

218 1425 325 1468 summo
341 1411 510 1481 requirirent
523 1409 616 1466 studio
635 1409 744 1465 beatum
765 1405 914 1473 stefanum,
936 1410 966 1462 ut
984 1418 1045 1461 enm
1087 1402 1160 1458 intra
1178 1403 1316 1460 ciuitatem
1340 1405 1368 1460 in
1388 1405 1512 1463 Tellnde.
1533 1408 1582 1464 Cui
1603 1409 1704 1465 Decius
1727 1423 1807 1466 cesar
1825 1410 1911 1466 dixit:

217 1502 259 1558 uel
280 1501 399 1558 clericos
418 1502 478 1571 eins
497 1499 613 1556 diversis
636 1498 715 1568 penis
735 1495 880 1553 aidcirent.
901 1496 1047 1552 blissernnt
1089 1508 1103 1542 u
1116 1492 1176 1547 scis
1191 1506 1240 1548 cur
1254 1498 1349 1551 tentus
1372 1495 1401 1550 in
1425 1496 1609 1554 conventione
1625 1499 1736 1568 publica
1751 1499 1834 1556 nobis
1854 1515 1911 1570 ure·

216 1591 310 1662 itaque
344 1587 520 1646 multitudine
553 1587 682 1654 miiitum,
722 1590 749 1643 et
793 1589 943 1641 tenuerunt
984 1597 1046 1648 euin
1088 1585 1212 1637 scutatus
1235 1588 1286 1638 est
1305 1601 1320 1636 n
1340 1584 1495 1655 Respondit
1510 1585 1607 1642 beatus
1626 1587 1735 1644 sixtus:
1763 1590 1862 1645 «Scio
1886 1597 1911 1644 et

218 1694 280 1737 cnm
295 1678 499 1736 multitudinem
518 1676 682 1734 clericorum
704 1675 920 1746 presbiterorum
941 1679 969 1730 et
988 1673 1047 1729 dia·
1088 1669 1158 1727 bene
1177 1671 1246 1727 scio.
1264 1690 1279 1722 n
1294 1672 1393 1728 Decius
1407 1673 1495 1730 dixit:
1513 1676 1613 1746 nErgo
1628 1676 1731 1742 sisois,
1748 1675 1791 1734 iac
1806 1685 1837 1733 nt
1853 1679 1910 1734 uni·

218 1782 371 1834 conornm;
402 1767 450 1838 qni
472 1767 585 1823 veniens
609 1766 644 1821 ad
664 1765 783 1821 tribunal
803 1764 950 1832 Valeriani,
965 1762 1074 1830 solusB
1087 1759 1158 1814 versi
1176 1760 1274 1827 sciant.
1296 1769 1324 1816 θῑ
1343 1768 1372 1818 ῑϋ
1391 1763 1469 1819 rivas
1487 1769 1515 1820 el
1542 1764 1634 1822 clerus
1652 1771 1717 1822 tutis
1734 1775 1876 1836 augeatur.
1896 1784 1909 1822 a

216 1858 351 1924 introvit3
376 1856 421 1912 cui
441 1855 602 1912 Valerianus
616 1855 673 1910 ait:
697 1873 710 1906 a
730 1855 769 1910 in
789 1868 819 1910 es
831 1855 978 1924 stepanus,
995 1853 1044 1922 qni
1086 1849 1186 1904 Beatus
1200 1849 1292 1905 Sirius
1307 1851 1469 1921 respondit:
1487 1871 1500 1904 n
1517 1854 1587 1909 Vere
1605 1852 1659 1910 ieci
1675 1861 1702 1911 et
1716 1852 1798 1922 iacio,
1816 1856 1911 1912 uteie
1999 1923 2000 1932 ἵ

217 1960 275 2002 rem
306 1944 444 2015 puplicam
477 1945 589 2000 conaris
617 1949 741 1998 evertere
770 1949 798 1997 et
818 1941 1045 2011 persuasionibus
1087 1950 1135 1992 rus
1154 1951 1232 1994 mens
1247 1946 1389 2010 augeatur.
1416 1959 1430 1992 n
1450 1941 1500 1996 Cui
1519 1935 1637 1999 nectus:
1664 1961 1679 1994 n
1695 1945 1767 2016 Ergo
1790 1945 1911 2001 sacrifica
1999 1939 2000 1950 ¹

220 2043 303 2105 atque
322 2031 563 2089 adhortationibus
581 2029 660 2085 malis
678 2027 811 2100 populum
830 2042 845 2084 a
864 2027 978 2084 deornm
998 2043 1046 2083 re·
1087 2025 1141 2079 diis
1159 2026 1369 2096 immortalibus,
1399 2034 1427 2085 et
1450 2037 1510 2088 esto
1534 2031 1664 2102 princeps
1691 2033 1877 2090 sacerdotum.
1897 2055 1909 2086 a

219 2123 318 2180 cedere
348 2122 466 2176 unitura.
493 2137 507 2170 n
531 2120 631 2175 Beatus
658 2115 792 2174 Zeianns:
815 2136 829 2166 ι
849 2118 905 2188 Ego
934 2115 1045 2186 quidem
1087 2113 1205 2170 adhaec
1233 2118 1466 2176 sanctusSixtns.
1497 2141 1511 2170 ιι
1541 2121 1598 2192 Ego
1627 2135 1737 2193 semper
1764 2123 1911 2180 sacrificari

219 2225 276 2269 non
295 2215 462 2268 everterem
482 2208 630 2279 publicam,
651 2207 700 2263 sed
720 2206 827 2272 hortor,
848 2212 889 2274 ut,
911 2205 1047 2262 derilictis
1087 2207 1116 2259 et
1133 2203 1259 2261 sacridco
1282 2205 1385 2262 domno
1399 2208 1456 2262 lieo
1471 2208 1544 2263 Patri
1560 2209 1743 2279 omnipotenti
1759 2217 1788 2267 et
1801 2211 1912 2269 domino

218 2300 355 2368 demonis,
385 2299 434 2370 qni
452 2298 605 2354 adorantur·
622 2297 651 2352 in
675 2296 769 2363 idolis,
789 2295 824 2352 ad
843 2297 928 2352 benna
955 2296 1045 2351 rivum
1089 2300 1184 2351 nostro
1202 2295 1266 2351 iesu
1284 2295 1394 2352 cbristo
1408 2293 1478 2352 Filio
1498 2298 1558 2367 ejus
1576 2301 1605 2354 et
1623 2299 1727 2368 Spiritu
1748 2308 1847 2358 sancto
1866 2301 1912 2358 ho·

219 2396 247 2447 et
266 2389 382 2446 redeant
400 2391 553 2444 creatorem
572 2386 625 2443 celi
639 2395 666 2443 et
685 2390 777 2452 terrae,
799 2391 827 2442 et
841 2390 992 2457 agnoscant
1005 2385 1047 2439 le·
1088 2383 1167 2439 stiam
1191 2397 1287 2454 puram
1316 2389 1344 2440 et
1367 2385 1576 2442 immaculatam.
1599 2408 1612 2438 ι
1633 2388 1710 2444 iuno
1728 2402 1763 2445 ex
1782 2401 1911 2462 precepto

218 2494 278 2536 sum
293 2477 391 2535 Filium
415 2476 464 2533 bei
483 2476 538 2532 viui
556 2477 641 2531 benm
665 2489 736 2542 esse,
762 2474 810 2545 qui
835 2488 897 2530 cum
920 2475 1001 2530 Patre
1020 2478 1047 2530 et
1088 2472 1163 2528 ilecii
1190 2472 1328 2530 duxerunt
1346 2474 1448 2531 milites
1471 2488 1533 2531 eum
1556 2474 1591 2532 ad
1610 2477 1742 2547 templum
1759 2480 1864 2548 biantis,
1882 2489 1911 2538 ut

220 2569 324 2639 Spiritu
343 2573 439 2624 sancto
456 2565 533 2622 solus
545 2570 588 2621 est
602 2563 796 2636 sempiternus,
817 2569 917 2620 utnon
933 2566 1048 2634 pereant
1088 2563 1275 2632 sacridcaret;
1303 2563 1363 2630 sed,
1393 2570 1587 2622 contemnente
1601 2567 1769 2637 sacriiieare,
1790 2571 1911 2628 recluse-

224 2671 286 2714 oum
306 2655 418 2712 diabulo
446 2654 475 2711 in
495 2654 635 2710 interitum
650 2652 858 2723 sempiternum.
890 2668 905 2706 n
927 2651 1047 2708 Valeria·
1088 2657 1152 2708 runt
1170 2665 1232 2707 enm
1252 2653 1280 2708 in
1299 2653 1424 2710 custodia
1443 2655 1558 2724 priuata,
1579 2669 1642 2712 eum
1661 2655 1771 2714 duobus
1790 2658 1912 2717 diaconi-

220 2760 272 2804 nus
287 2751 353 2803 tnnc
370 2745 453 2816 jussit
471 2758 535 2801 enm
549 2744 613 2800 duci
632 2743 667 2799 ad
688 2742 818 2812 templum
833 2741 936 2808 blattis,
952 2747 980 2797 et
994 2741 1047 2797 ibi·
1087 2740 1140 2797 bus
1170 2740 1347 2799 Felecissimo
1363 2750 1391 2798 et
1404 2743 1530 2814 agapito.
1551 2746 1673 2816 cumque
1692 2746 1853 2818 duceretur,
1872 2750 1913 2806 his

217 2836 280 2893 dem
301 2836 404 2892 dictata
424 2833 455 2866 ¹⁸⁸
473 2835 612 2891 sententia
630 2832 720 2904 capite
735 2832 867 2899 truncari,
887 2833 911 2888 si
930 2845 986 2889 non
1000 2832 1047 2889 ad·
1087 2829 1179 2886 verbis
1202 2831 1276 2900 cepit
1294 2845 1355 2888 eum
1375 2832 1473 2888 beatus
1495 2834 1677 2902 Laurentius,
1702 2836 1913 2895 archidiaconns

218 2932 311 2983 oraret
330 2923 441 2981 neiandi
460 2923 554 2979 ilar-tis
571 2921 758 2979 simulacrum.
779 2921 932 2978 Perductus
949 2922 1046 2977 beatus
1087 2918 1273 2989 compellere:
1291 2940 1304 2970 c
1320 2921 1378 2987 Quo
1398 2922 1575 2993 progrederis
1589 2923 1716 2981 sineidio
1730 2931 1831 2996 pater?
1845 2929 1910 2996 Qun,

219 3013 336 3070 Zeianus
364 3027 379 3068 a
411 3011 545 3068 militibus
563 3010 638 3067 loras
663 3024 758 3066 muros
776 3011 871 3081 hppiae
904 3017 992 3080 portae
1010 3009 1045 3066 ad
1087 3008 1218 3065 sacerdos
1237 3014 1342 3076 sancte,
1374 3009 1450 3080 [sine
1484 3010 1532 3081 ¹⁹⁰]
1562 3011 1680 3069 diacono
1701 3023 1858 3085 properas?
1874 3017 1911 3072 in

217 3101 361 3172 templum,
382 3101 480 3156 leuatis
493 3099 599 3156 occulis
619 3099 654 3154 ad
680 3099 779 3155 eoelum
795 3099 883 3156 dixit:
903 3099 1226 3191 «Dominecnunqnam
1259 3098 1422 3155 sacrificium
1453 3099 1514 3156 sine
1533 3101 1660 3158 ministro
1679 3101 1779 3160 oderre
1799 3119 1913 3162 consue-

217 3193 291 3247 bens
309 3202 395 3257 meus,
415 3195 494 3260 pater
527 3188 630 3244 domini
655 3189 744 3245 nostri
771 3189 836 3244 lesu
864 3188 977 3257 Christi,
997 3189 1044 3261 qni
1089 3200 1178 3242 veras.
1203 3187 1273 3255 Quid
1296 3187 1323 3243 in
1348 3201 1391 3244 me
1410 3202 1477 3260 ergo
1492 3189 1635 3260 displicuit
1657 3191 1707 3248 tibi
1724 3199 1827 3263 pater?
1847 3195 1911 3250 Num

218 3279 379 3339 destruxisti
411 3283 516 3334 turrem
548 3275 719 3334 confusionis
745 3275 905 3346 Babiloniae,
933 3276 1045 3334 destrue
1086 3274 1250 3346 degenerem
1277 3276 1422 3347 probasti?
1447 3279 1481 3334 itt
1510 3280 1638 3350 experire
1657 3288 1732 3338 certe
1752 3289 1846 3340 utrum
1864 3285 1911 3340 mi·

218 3375 336 3427 nuncet
354 3367 545 3434 bunclocnm,
570 3367 618 3423 ubi
641 3365 779 3423 diabolica
797 3367 995 3437 superstitione
1014 3365 1045 3399 ¹⁸⁷
1086 3364 1201 3420 nistrum
1226 3378 1269 3420 me
1289 3365 1415 3436 elegeris.
1439 3367 1488 3423 Cui
1503 3369 1680 3426 commissisti
1699 3371 1838 3429 bominiei
1855 3387 1913 3429 san·

217 3473 268 3531 per
286 3458 424 3516 idolorum
440 3457 576 3514 culturam
590 3458 690 3514 animae
705 3461 822 3526 pereunt
836 3455 1012 3528 populorum.
1030 3474 1045 3509 n
1086 3453 1159 3524 ginis
1186 3455 1434 3522 consecrationem,
1455 3457 1500 3513 cui
1520 3459 1778 3517 consummadorum
1803 3476 1912 3520 consor·
1999 3515 2000 3520 ,

216 3551 250 3606 Et
264 3549 357 3605 statim
371 3547 444 3604 iacto
459 3545 588 3619 frangore
607 3546 723 3603 tonitrui
743 3561 805 3602 cum
828 3547 982 3603 terroribus
1001 3559 1047 3602 co·
1087 3543 1156 3600 tium
1170 3549 1413 3612 sacramentomm,
1430 3543 1519 3616 bie¹⁹¹
1535 3547 1658 3620 sanginis
1679 3550 1720 3605 tui
1743 3553 1910 3608 consortium
1999 3537 2000 3546 ’

217 3639 417 3706 ruscationum,
443 3638 548 3694 corruit
577 3636 694 3692 maxima
719 3649 784 3706 pars
803 3636 908 3708 templi,
930 3641 958 3692 et
977 3636 1048 3692 miti·
1089 3646 1182 3704 negas.
1217 3632 1285 3690 tilde
1319 3645 1354 3690 ne
1386 3634 1560 3704 periclitetur
1589 3637 1723 3708 jndioiunr
1743 3645 1833 3705 tunm,
1852 3641 1911 3698 dnm
1999 3643 2000 3654 ¹

217 3734 260 3785 tes
279 3726 412 3798 patefacti
441 3725 590 3798 lugierunt.
615 3728 715 3782 Beatus
737 3739 803 3782 vero
823 3725 967 3797 zephanus
985 3741 1049 3798 per·
1087 3719 1225 3778 tortitudo
1251 3721 1389 3778 laudatur.
1418 3722 1544 3794 hbjectio
1568 3725 1697 3797 discipuli
1716 3727 1908 3787 detrimentum
1999 3797 2000 3800 Ἴ

165 3867 166 3871 ,
216 3817 288 3874 rexit
303 3830 364 3872 cum
384 3815 513 3873 omnibns
540 3814 704 3871 Christianis
734 3814 767 3871 ad
788 3815 953 3872 cimiterium
981 3829 1044 3872 san·
1088 3810 1222 3882 magistri.
1242 3811 1323 3880 Quid,
1344 3811 1418 3882 quod
1434 3812 1578 3870 inlustrius
1590 3821 1745 3886 prestantes
1758 3819 1811 3874 uiri
1827 3819 1909 3875 disci·

218 3909 270 3961 cta
295 3905 397 3971 Luciae,
427 3910 455 3959 et
473 3902 568 3959 multis
597 3917 645 3960 eos
673 3903 833 3960 consulatus
860 3905 1046 3972 sermonibus,
1088 3901 1217 3972 pulorum
1231 3903 1430 3959 certaminibus
1442 3904 1489 3974 qui
1508 3905 1707 3974 supervincunt
1726 3905 1770 3963 ¹⁹¹?
1789 3909 1908 3979 benique

217 3991 319 4050 obtulit
338 4004 388 4063 pro
407 3991 449 4046 eis
463 3990 626 4047 saerilcium
641 3992 697 4048 beo
722 3990 753 4024 ¹⁸⁸
772 3990 942 4049 offerentem.
962 3993 1046 4061 Quem
1087 3991 1223 4048 Abrabam
1238 3991 1322 4048 dlinm
1343 3992 1454 4060 obtulit,
1474 3994 1573 4050 Petrus
1586 3995 1756 4065 stephanum
1775 3997 1908 4066 premisit,

214 4080 384 4150 intrepidum
405 4085 432 4136 et
452 4085 624 4137 constantem
644 4085 708 4136 ante
733 4081 828 4138 altaris
856 4082 1000 4138 sollemnia
1019 4087 1047 4138 et
1088 4087 1116 4138 et
1137 4087 1177 4148 to,
1198 4084 1286 4151 pater,
1308 4080 1424 4139 ostende
1452 4082 1479 4138 in
1503 4082 1560 4141 lilio
1585 4085 1713 4141 virtutem
1732 4091 1819 4142 tuam.
1840 4086 1908 4143 oller

215 4175 297 4242 cepta
316 4169 505 4241 perficientem
525 4170 552 4224 in
568 4170 663 4226 eadem
679 4170 743 4228 loco
758 4171 965 4228 decollaverunt
980 4171 1046 4228 sede
1087 4183 1168 4241 quern
1193 4169 1320 4235 erudisti,
1346 4177 1376 4225 ut
1395 4170 1493 4240 judicii
1517 4172 1557 4228 tni
1579 4173 1710 4230 comitatu
1737 4174 1827 4232 nobili
1846 4189 1907 4245 per-

214 4259 242 4317 d.
259 4261 330 4315 Non.
343 4257 468 4330 Augusti.
488 4257 551 4331 (hn.
568 4259 664 4330 Mart.)
680 4260 764 4331 Cujus
784 4260 1045 4331 corpusChristiani
1086 4259 1180 4315 venias
1193 4259 1228 4314 ad
1248 4273 1415 4316 coronam.»
1430 4261 1505 4317 Tunc
1524 4261 1621 4319 beatus
1639 4264 1731 4320 sixtus
1745 4264 1802 4321 ait:
1821 4267 1905 4322 olion

215 4349 311 4420 populi
325 4347 491 4419 sepilierunt
505 4349 532 4404 in
552 4348 648 4404 cadem
682 4349 782 4419 cripta,
808 4363 869 4406 cum
889 4349 949 4421 ipsa
969 4351 1046 4418 sede,
1088 4361 1140 4418 ego
1159 4353 1187 4403 te
1206 4347 1379 4419 derelinquo,
1396 4349 1445 4419 illi,
1460 4364 1513 4406 nec
1532 4350 1641 4420 desero,
1661 4352 1710 4408 sed
1735 4355 1841 4425 majora
1860 4353 1905 4410 tibi

216 4437 280 4514 [ubi⁸
293 4436 332 4508 ¹⁸⁹]
354 4443 447 4493 astans
467 4437 560 4510 sangis
580 4437 699 4494 ellussus
718 4443 770 4506 est,
795 4437 824 4493 in
849 4437 910 4495 ioco
935 4439 982 4509 qui
998 4437 1190 4534 ap-Ddebent
1209 4438 1368 4494 certamina.
1393 4440 1449 4496 Nos
1468 4439 1546 4510 quasi
1569 4454 1650 4496 senes
1671 4440 1784 4498 levioris
1809 4457 1904 4515 pugne

215 4527 334 4598 pettatnr
362 4525 445 4584 hodie
479 4526 638 4582 cimitirium
670 4527 774 4584 calisti.
807 4526 855 4598 (cl.
876 4527 934 4583 tit.
957 4529 1043 4599 pont>
1086 4539 1195 4581 cursum
1211 4525 1386 4596 suscipimus,
1407 4531 1434 4584 te
1449 4527 1527 4598 qnasi
1544 4531 1672 4600 juvenem
1687 4530 1838 4602 gloriosior
1856 4545 1904 4588 ma

214 4617 265 4672 llic
280 4615 425 4672 constituit
444 4619 474 4671 nt
493 4615 653 4671 sacerdotes
674 4620 701 4670 et
720 4615 810 4672 levitae
834 4623 925 4673 vestes
951 4631 1044 4672 sacras
1084 4621 1132 4671 uet
1147 4615 1181 4672 de
1192 4615 1302 4673 tiranno
1317 4615 1348 4648 ¹⁹⁸
1362 4615 1499 4673 triumfus.
1516 4618 1577 4676 ilos
1589 4620 1694 4687 uenies,
1710 4619 1776 4677 llere
1793 4620 1902 4687 desiste,

213 4705 242 4761 in
253 4704 395 4761 cotidiano
407 4718 457 4760 usu
468 4717 523 4760 non
534 4703 740 4770 haberent,nisi
751 4711 855 4761 tanturn
867 4706 894 4760 in
905 4705 1042 4762 aecclesia.
1084 4709 1147 4774 post
1166 4705 1287 4761 triduum
1302 4719 1345 4761 me
1360 4707 1495 4776 sequeris.
1516 4708 1591 4764 inter
1604 4709 1778 4766 sacerdotem
1795 4715 1824 4766 et
1843 4709 1902 4766 lem·-

248 4794 313 4849 Post
346 4791 484 4849 Steiannm
519 4793 611 4848 sixtus
641 4807 711 4864 papa
742 4795 877 4850 suecessit
903 4794 984 4850 annis
1011 4793 1038 4850 2.
1082 4800 1136 4849 tam
1155 4793 1571 4854 biemediusnumerusdecet.
1591 4798 1651 4855 Non
1676 4805 1735 4854 erat
1759 4805 1835 4854 tunm
1855 4799 1901 4854 sub

212 4882 363 4940 becretatis
382 4883 500 4954 epistola
532 4883 599 4939 Sinti
619 4898 717 4954 papae:
738 4902 752 4936 «
772 4884 864 4940 sixtus
893 4884 1041 4954 episcopus
1082 4883 1212 4954 magistro
1231 4884 1353 4952 vincere,
1387 4885 1465 4955 quasi
1485 4885 1639 4955 adjutorem
1671 4900 1816 4957 quereres.
1834 4887 1900 4956 Quid

212 4974 294 5029 Grato
321 4972 490 5043 coepiscopo
513 4973 639 5041 salutem,
665 4991 679 5024 u
702 4977 729 5028 et
752 4973 857 5043 reliqua
879 4972 933 5044 (ep.
961 4971 985 5039 i,
1011 4987 1038 5044 p.
1082 4973 1252 5028 consortium
1269 4974 1404 5042 passionis
1423 4987 1490 5030 mete
1506 4973 1634 5044 expensa
1651 4976 1747 5032 Totam
1761 4976 1815 5033 tibi
1833 4976 1902 5032 heri·

215 5060 293 5132 179t;
310 5062 374 5120 data
393 5063 452 5120 ilai.
478 5063 653 5134 septimbris,
668 5063 815 5121 Valeriano
836 5063 960 5119 etbecio
976 5062 1042 5118 viris
1082 5061 1195 5118 ditatam
1228 5061 1347 5118 dimitto.
1373 5061 1442 5131 Quid
1471 5065 1636 5134 presentiam
1670 5077 1759 5122 meam
1787 5065 1901 5138 requiris

211 5151 361 5209 venerabil.
379 5151 414 5208 ci.
435 5149 543 5209 consul.
563 5153 630 5209 item
649 5149 721 5208 alia:
744 5167 758 5208 a
779 5151 970 5209 Dilectissimis
988 5149 1042 5207 ira·
1083 5150 1175 5207 Helias
1202 5151 1341 5208 Helesium
1365 5151 1478 5223 reliquit
1506 5159 1532 5210 et
1560 5154 1688 5210 rientem
1717 5167 1772 5212 non
1792 5151 1901 5211 abstulit

889 5305 1002 5362 VthAE
1025 5304 1222 5362 tucrtoitttS.

250 5431 325 5516 ¹¹⁸·ct
341 5434 365 5491 i.
381 5507 387 5518 ³
406 5435 437 5470 ¹⁸⁶
450 5436 524 5495 dicta
541 5439 596 5524 μ’
613 5437 645 5474 nr
662 5439 838 5510 superstiosa
855 5439 879 5496 l.
918 5437 949 5472 ¹⁸⁸
965 5436 1094 5523 licetoco
1112 5436 1190 5510 pluro
1203 5434 1285 5494 cerba
1303 5451 1339 5493 aa
1356 5437 1538 5567 martyrologii
1551 5438 1705 5523 homedeus
1719 5438 1819 5495 omisau
1832 5439 1896 5522 mol.

212 5505 644 5608 quettodcuouatssacmdcrum
658 5509 900 5596 lieoollerentem.
938 5509 970 5544 ¹⁸⁸
984 5510 1032 5568 ubr
1044 5513 1104 5581 post
1119 5509 1183 5565 odd.
1202 5509 1226 5566 i.
1266 5507 1296 5542 ¹⁸⁰
1310 5509 1370 5568 sine
1385 5509 1491 5582 posted
1512 5550 1520 5568 .
1543 5510 1567 5566 l.
1607 5509 1636 5544 ¹⁹¹
1652 5512 1702 5568 iirc
1719 5508 1745 5564 l.
1761 5508 1895 5582 Qubus.

258 5589 340 5649 quam
358 5577 417 5636 suis
430 5579 504 5638 rinc.
521 5583 605 5640 liert
643 5581 797 5641 ¹⁸⁸trranno
820 5583 844 5640 t.
1777 5607 1780 5614 ·
