4160 6196
278 309 329 365 lua
836 304 981 363 JOANNES
999 297 1207 358 allelllllPlsc.
1227 299 1395 360 uulnera.
1905 307 1957 362 1oe

274 436 317 494 rio
335 446 387 492 ms.
411 431 608 490 canonicorum
626 431 655 490 s.
679 431 766 489 Laudi
783 429 1002 502 Rctcmegensls,
1018 432 1072 484 cte.
1084 424 1169 496 mide
1188 429 1386 485 resurreetione.
1410 428 1480 486 llinc
1502 432 1617 498 apparet
1636 426 1702 486 olim
1717 429 1746 486 in
1760 429 1956 504 liolcmaqeusi

274 536 393 594 eumque
416 519 574 594 improbare
595 531 650 577 nou
674 525 799 590 possunt,
825 518 872 590 qul
893 515 1021 589 baptismi
1036 529 1095 572 me·
1136 515 1259 573 Ecclesia
1273 523 1330 574 tres
1340 523 1489 575 nocturnas
1505 517 1561 575 dici
1576 517 1680 586 solitas,
1697 533 1759 590 quae
1779 522 1957 592 reperiuntur

274 612 389 670 moriam
412 609 442 669 iu
464 610 606 669 hominurn
630 608 730 666 animis
749 607 898 665 indeletam
922 606 1026 664 serrari
1049 620 1097 662 cu·
1136 605 1323 664 inordinaria
1342 621 1393 664 ms.
1411 607 1607 664 canonicorum
1624 609 1653 664 S.
1672 609 1758 666 Laudi
1773 611 1957 683 Rotomageu-

275 701 364 772 piunt.
512 745 518 760 .
1136 696 1194 766 sis;
1211 711 1257 753 eas
1271 697 1361 753 adbuc
1376 697 1476 755 retinet
1490 699 1611 754 Domana
1626 697 1760 766 Ecclesia,
1774 699 1868 758 multae
1886 715 1957 773 qao·

312 789 389 866 (232)
417 789 489 846 Huic
521 786 720 860 antiphonam:
750 787 807 842 Lux
833 790 984 857 perpetua,
1013 784 1097 840 coam·
1137 799 1191 855 que
1217 785 1390 842 cathedrales
1413 785 1548 843 ccclesiae.
1573 788 1611 842 De
1634 784 1753 844 lectione
1777 789 1957 861 apocalypsis

273 885 374 938 acates.
399 880 533 948 Tempore
557 875 677 947 paschali
699 875 729 932 in
748 876 926 946 processione
941 874 974 930 ad
990 873 1097 930 crucill-
1137 874 1288 931 concordat
1312 874 1487 931 ordinarium
1510 876 1713 946 Rotomagense
1735 889 1786 932 ms.
1811 878 1867 936 llas
1890 892 1957 938 tero

275 969 359 1026 lixum
383 965 458 1026 nulla
474 964 547 1038 apud
569 965 701 1020 loannem
726 969 850 1021 nastrum
864 963 981 1022 habetur
994 967 1096 1019 sanctae
1137 960 1253 1033 legimus
1266 963 1301 1019 dc
1316 963 1430 1020 Actibus
1444 963 1632 1034 apostolorum
1648 965 1780 1036 (exceptis
1799 967 1955 1040 Dominicis)

273 1059 365 1116 liariae
388 1057 531 1122 memoria,
554 1066 644 1124 neque
664 1053 854 1111 inordinaria
876 1067 926 1110 ms.
944 1052 1095 1110 canonico·
1137 1052 1277 1122 usquead
1297 1052 1498 1109 hebdomadam
1512 1053 1631 1122 tertiam,
1653 1054 1682 1111 ln
1700 1069 1754 1126 qua
1773 1053 1873 1127 legitur
1886 1057 1958 1116 liber

273 1161 334 1206 rum
348 1147 377 1204 S.
392 1145 476 1203 Laudi
498 1163 504 1200 :
530 1143 668 1214 reperitur
682 1148 773 1200 tamen
788 1142 817 1200 in
837 1141 981 1200 ordinario
996 1148 1024 1197 el
1039 1138 1097 1196 olii·
1137 1140 1325 1213 apocalypsis,
1343 1148 1439 1212 postea
1457 1143 1598 1201 canonice
1620 1144 1745 1216 epistole
1769 1158 1855 1216 usquc
1869 1146 1904 1204 ad
1918 1147 1958 1204 ri·

273 1237 389 1294 cialibus
411 1233 490 1291 libris
518 1246 583 1290 mss.
610 1238 638 1289 et
663 1232 935 1296 processionalibus,
965 1245 1017 1288 nec
1040 1241 1096 1287 nan
1137 1230 1228 1302 gilium
1244 1232 1431 1288 ascensionis.

194 1345 197 1353 ’
272 1324 416 1384 breviariis
430 1323 464 1380 ad
480 1337 559 1381 usum
571 1322 703 1380 Ecclesiae
717 1321 935 1394 lintburgensis.
1176 1319 1250 1391 (240)
1263 1322 1369 1377 uvarum
1383 1337 1400 1384 a
1419 1321 1519 1380 dacius
1533 1323 1635 1379 metiris
1648 1327 1776 1380 matrina.
1796 1324 1907 1382 Scilicet
1921 1326 1957 1383 de

309 1413 378 1486 (233)
404 1414 468 1472 Dies
488 1416 586 1484 septem
599 1413 627 1468 io
640 1412 740 1484 cappis,
757 1417 811 1469 etc.
828 1413 857 1468 ln
873 1410 990 1468 ecclesia
1004 1408 1098 1466 cathe·
1137 1409 1235 1479 majori
1249 1411 1315 1466 sede
1329 1411 1358 1467 in
1372 1411 1582 1483 superpelliceis
1596 1419 1710 1482 tantum,
1726 1413 1801 1484 quod
1820 1414 1849 1471 in
1863 1416 1958 1473 Docle-

272 1502 342 1560 drali
356 1502 477 1560 sabbato
493 1501 520 1557 in
534 1501 612 1558 libis
626 1500 660 1556 ad
675 1501 785 1557 missam
800 1500 922 1571 quinque
937 1499 1015 1570 pueri
1027 1497 1097 1554 albis
1137 1499 1178 1556 sia
1202 1500 1397 1572 Rotomagensi
1418 1506 1542 1558 seruatur
1564 1502 1593 1558 in
1617 1503 1700 1560 tertio
1715 1505 1892 1574 responsorio
1907 1521 1958 1577 per

271 1592 374 1662 induti,
389 1593 447 1650 sive
462 1591 568 1662 cappis,
579 1604 635 1647 non
650 1591 688 1648 its
703 1591 810 1661 pridem
825 1591 956 1662 regebant
971 1588 1095 1646 chorum.
1137 1589 1293 1646 Dominicas
1306 1591 1439 1661 temporis
1451 1591 1597 1662 paschalis.

275 1681 352 1738 ldem
366 1682 469 1754 legitur
482 1681 511 1737 iu
526 1680 670 1737 ordinario
685 1694 736 1736 ms.
750 1695 777 1751 p.
791 1679 836 1734 93.
852 1676 1098 1736 idumeamaalia
1174 1678 1243 1750 (241)
1263 1681 1401 1739 Matutine
1424 1681 1527 1737 mades
1550 1695 1608 1737 cum
1629 1695 1683 1738 aaa
1705 1682 1875 1755 amtpiaaa:
1903 1688 1959 1744 hn-

273 1785 360 1844 cappo
382 1771 410 1826 ia
437 1769 526 1838 ciero,
554 1768 602 1825 sed
631 1769 742 1841 quiaque
765 1769 842 1841 pueri
864 1769 892 1824 ia
915 1767 983 1825 albis
1003 1759 1225 1840 repanlBgelus.
1251 1770 1292 1827 hd
1321 1769 1428 1826 Laudes
1449 1770 1478 1826 iu
1503 1769 1653 1828 Dominicis
1681 1785 1768 1844 usque
1793 1774 1830 1831 ad
1856 1777 1959 1833 moen·

274 1861 390 1918 morum.
414 1859 559 1930 officinm.-
584 1858 686 1916 Eduxit
704 1857 835 1928 populum
849 1871 939 1914 suum.
953 1856 1092 1914 Psallam:
1134 1858 1239 1914 sionem
1264 1859 1361 1929 psalmi
1384 1859 1515 1916 dicuntur
1536 1861 1588 1917 sub
1612 1874 1666 1918 una
1686 1863 1859 1934 antiphonae
1879 1864 1960 1923 Alie·

273 1948 448 2008 comitemini
466 1947 583 2005 Domino
607 1953 635 2004 ct
659 1949 794 2005 invocate.
809 1947 926 2019 Quinque
937 1947 1014 2018 pueri
1026 1959 1095 2017 pre-
1134 1945 1199 2002 laia.

275 2041 339 2098 dicii
361 2043 465 2096 coalent
484 2055 493 2094 r
517 2037 600 2108 liprle
624 2037 739 2105 eleison,
761 2038 820 2094 liert
841 2037 951 2108 genitor
965 2040 990 2092 et
1003 2036 1095 2093 Gloria
1174 2034 1253 2107 (242)
1278 2039 1311 2093 lu
1332 2037 1475 2094 Dominicis
1488 2038 1622 2094 matutinis
1641 2053 1742 2112 seraper
1754 2041 1802 2113 piat
1812 2045 1956 2114 prccmsio.

273 2131 303 2188 in
327 2127 455 2199 excelsis,
480 2141 617 2202 prosam:
642 2127 822 2198 Omnipotens
836 2126 964 2197 genitam
985 2125 1095 2199 palaque
1135 2126 1166 2180 ln
1194 2124 1344 2181 Dominicis
1368 2125 1504 2195 usquead
1523 2128 1718 2186 ascensionem
1733 2135 1838 2188 tantum
1853 2133 1883 2190 lit
1897 2147 1958 2205 pro

270 2220 348 2292 paeri
362 2220 465 2275 raptem
477 2231 595 2289 massar,
612 2219 636 2274 al
660 2215 754 2272 moras
776 2215 934 2288 respoudeat
951 2214 1093 2272 recidam.
1136 2213 1225 2270 cassio
1240 2213 1268 2269 in
1290 2213 1438 2282 Laudibus,
1461 2215 1570 2272 cacteris
1587 2217 1738 2275 Dominicis
1751 2219 1826 2276 nulla
1842 2222 1870 2278 ln
1889 2223 1959 2279 lau-

273 2307 366 2366 Oratio
391 2327 401 2364 .·
435 2305 581 2374 Concede,
610 2319 787 2378 quesumus,
811 2305 986 2375 omnipotens
1012 2305 1094 2360 Dens.
1137 2301 1228 2371 dibus,
1244 2301 1294 2360 sed
1308 2303 1464 2361 immediate
1479 2309 1543 2361 aute
1557 2305 1675 2362 Tertiam
1694 2313 1757 2378 post
1770 2310 1957 2381 aspersionem

272 2396 356 2456 Nulla
378 2395 513 2464 mamaric,
535 2395 587 2452 nisi
608 2401 636 2453 al
647 2399 820 2467 prenotatur.
835 2392 984 2465 Epistolar
1009 2394 1096 2463 Depo·
1136 2405 1226 2462 aque.

272 2492 372 2544 nenms
394 2499 514 2543 omnem.
528 2483 655 2542 Alleluia.
680 2483 700 2545 l
724 2485 789 2540 liaec
808 2482 1007 2553 dissonisque
1019 2483 1097 2553 pueri
1174 2479 1244 2546 (243)
1259 2481 1322 2538 siae
1334 2482 1417 2553 tropis
1436 2487 1461 2538 et
1474 2483 1617 2540 Laudibus.
1633 2482 1703 2552 Quid
1717 2485 1774 2542 sint
1787 2488 1861 2558 tropi
1875 2487 1957 2546 docel

273 2576 302 2631 in
313 2573 434 2646 pulpita.-
449 2572 575 2630 Alleluia.
591 2571 612 2632 l
632 2571 762 2641 muhata,
779 2572 877 2644 pueri;
899 2571 1015 2642 sequitur
1028 2569 1096 2626 clius
1137 2569 1281 2626 Durandus
1311 2563 1379 2633 lire
1404 2571 1452 2628 lib.
1477 2587 1516 2641 rr,
1541 2575 1662 2642 Batiam,
1687 2589 1712 2631 c.
1732 2590 1759 2644 l,
1775 2581 1804 2634 et
1818 2582 1880 2648 past
1894 2593 1956 2636 eum

275 2677 384 2720 uersus:
408 2660 449 2718 sit
467 2674 568 2718 nornen
590 2661 708 2718 Domini.
731 2663 789 2717 Hoc
811 2661 884 2733 pnite
898 2661 1009 2731 quinque
1020 2658 1097 2732 pueri
1137 2659 1273 2716 Pamclins
1295 2660 1323 2716 in
1348 2661 1401 2716 line
1420 2661 1487 2718 tomi
1509 2663 1533 2718 ll
1557 2662 1716 2734 Liturgiccn
1738 2665 1813 2722 Eccl.
1834 2670 1891 2725 Lat.
1916 2669 1956 2726 lid

274 2752 400 2825 incipiunt
426 2752 455 2806 ia
479 2749 581 2824 pulpito
604 2771 612 2805 .·
636 2749 760 2807 iubilans
786 2763 933 2821 concrepa,
955 2755 980 2806 el
1003 2748 1096 2806 riorus
1137 2748 1208 2806 hauc
1229 2753 1325 2805 cantus
1348 2750 1468 2819 speciem
1491 2748 1644 2809 referende
1658 2758 1723 2810 sunt
1740 2753 1842 2812 litania
1858 2757 1897 2828 (nt
1910 2772 1959 2815 uo-

272 2841 430 2914 respondeat
442 2854 546 2896 amma.
561 2840 592 2896 ln
607 2839 730 2896 Ecclesia
745 2839 895 2896 cathedrali
909 2837 991 2896 bodie
1005 2838 1096 2895 amnia
1137 2837 1210 2909 cent)
1243 2842 1381 2907 prosata,
1405 2845 1435 2894 ut
1455 2841 1555 2910 lipia,
1578 2841 1637 2910 [aas
1659 2841 1792 2901 aemma.
1816 2847 1894 2913 Quod
1916 2849 1956 2904 hd

273 2931 343 2989 liunt
361 2935 391 2988 ut
405 2930 434 2986 lu
448 2928 616 3000 duplicibus.
1137 2927 1244 2984 Laudes
1257 2927 1366 2995 attinet,
1377 2927 1451 2984 varia
1466 2933 1508 2984 est
1520 2931 1580 2999 ejus
1594 2931 1713 2988 nominis
1726 2933 1797 3003 apud
1813 2933 1957 3008 liturgiccs

314 3017 389 3093 (234)
404 3019 448 3074 ld
471 3017 623 3088 manliana
648 3021 708 3089 past
736 3020 861 3088 Vesperas
883 3016 931 3088 piat
950 3018 1095 3088 processio.
1139 3006 1274 3087 acceptia.
1300 3016 1463 3088 Plerumque
1485 3018 1557 3074 enlm
1581 3021 1699 3076 sumitur
1716 3035 1767 3092 pro
1782 3021 1904 3094 Alleluia,
1926 3034 1957 3084 ut

275 3107 349 3164 ldem
364 3105 550 3178 processionis
565 3105 634 3162 ritus
648 3105 815 3162 describitur
833 3105 863 3160 in
885 3103 1029 3162 ordinario
1045 3080 1212 3177 msflspud
1235 3105 1380 3172 isidorum,
1406 3105 1455 3162 lib.
1480 3122 1490 3160 1
1512 3108 1551 3164 De
1575 3107 1645 3164 eccl.
1668 3107 1753 3177 olle,
1769 3123 1829 3182 cup.
1848 3111 1889 3182 13,
1908 3117 1955 3186 qui

274 3196 363 3254 sancti
381 3193 477 3252 Laudi.
493 3194 536 3250 Fit
549 3193 632 3250 hodic
647 3193 675 3250 in
691 3192 804 3250 diaecesi
823 3194 1017 3264 Rotomageusi
1033 3198 1097 3264 post
1137 3208 1234 3251 seusus
1248 3193 1313 3250 huic
1327 3194 1390 3250 loco
1414 3207 1470 3252 nou
1493 3197 1631 3265 conuenit,
1648 3198 1695 3254 nbi
1708 3200 1800 3270 agitur
1812 3201 1847 3258 de
1865 3201 1956 3262 officio

277 3288 411 3356 vesperas
432 3282 585 3354 processio,
601 3283 629 3338 in
653 3295 708 3353 qua
726 3295 781 3338 uon
801 3287 926 3353 portetur
949 3296 1027 3349 crux,
1046 3281 1095 3338 sed
1137 3283 1211 3354 quad
1235 3283 1391 3339 celebratur
1413 3297 1474 3340 cam
1499 3283 1624 3354 Alleluia
1648 3287 1697 3344 sed
1721 3289 1782 3346 siue
1807 3291 1953 3351 laudibus.

276 3372 440 3432 caudelabra
464 3377 492 3428 et
514 3369 694 3440 thuribulum,
707 3373 784 3441 justa
806 3371 979 3428 ordinarium
1006 3373 1096 3428 lioto-
1135 3374 1230 3442 ltaque
1253 3385 1315 3428 cunr
1338 3371 1383 3428 hic
1407 3377 1559 3442 troporum,
1575 3375 1751 3448 Laudumquc
1765 3379 1846 3437 simul
1861 3394 1956 3439 occur

273 3475 401 3535 magensc
424 3475 474 3518 ms.
499 3465 528 3518 et
551 3461 616 3518 dum
635 3465 760 3517 cantatur
775 3461 794 3531 ui
808 3461 908 3530 Dipone
922 3475 959 3530 cs,
975 3462 1094 3528 Domine,
1137 3467 1180 3518 rat
1203 3461 1317 3527 mentio,
1340 3460 1445 3518 rectius
1467 3475 1518 3532 per
1531 3463 1637 3520 Laudes
1650 3465 1807 3537 hujusmodi
1822 3470 1956 3543 intellige·

272 3552 451 3611 crucihnusa
470 3550 628 3608 celebrante
656 3564 743 3622 cappe
770 3550 867 3608 iuduto
896 3555 924 3608 et
950 3551 1095 3622 genullexo
1136 3563 1197 3607 unus
1217 3556 1325 3606 cantum
1349 3549 1468 3621 aliquem
1492 3551 1708 3612 ecclesiasticum
1729 3559 1818 3629 tropis
1834 3558 1953 3619 alinerra.

273 3641 377 3716 triplici
401 3642 488 3700 ductu
511 3641 693 3700 thurificatur.
712 3642 770 3698 Duo
789 3640 818 3697 in
838 3640 945 3712 pulpito
959 3643 1094 3705 canuntpl
1135 3639 1202 3696 Nam
1216 3645 1244 3694 et
1257 3637 1402 3695 Durandus
1416 3638 1479 3696 loco
1490 3641 1624 3710 praedicto
1639 3649 1735 3716 tropos
1748 3648 1868 3718 appellat
1887 3652 1954 3708 Lau·

273 3734 296 3791 0
319 3747 405 3804 qaum.
426 3731 532 3788 Dicitur
546 3745 641 3788 versus
664 3736 692 3787 et
715 3731 804 3788 oratio
824 3729 858 3787 de
878 3743 970 3796 cruce,
986 3737 1014 3788 et
1032 3735 1095 3800 post
1136 3727 1185 3784 des
1207 3727 1242 3784 ad
1266 3727 1409 3785 lnucitum
1437 3731 1641 3789 convertibiles.
1670 3733 1842 3806 conjecturae
1868 3737 1954 3798 iacent

273 3820 432 3877 memoriam
470 3812 538 3881 145
571 3821 600 3876 D.
634 3819 745 3886 llariae,
779 3818 813 3875 ad
845 3819 989 3876 introitum
1017 3819 1095 3876 chori
1136 3815 1248 3887 praelert
1269 3829 1421 3888 anonymus
1438 3819 1466 3874 S.
1481 3818 1607 3876 hudoeni
1629 3824 1780 3882 monachus
1793 3826 1822 3884 ln
1835 3827 1957 3887 lllstorla

274 3908 377 3965 dicitur
404 3907 556 3980 antiphona
581 3907 616 3966 de
641 3907 744 3966 sanctis
772 3919 834 3963 cum
861 3921 942 3964 versu
975 3914 1003 3964 et
1035 3922 1096 3964 ora-
1135 3906 1249 3962 ioannis
1270 3907 1358 3963 nostri
1383 3905 1418 3962 ad
1442 3907 1545 3966 calcem
1568 3917 1706 3982 pastorum
1734 3915 1957 3991 archiepiscopo-

275 3996 361 4054 done.
1137 4009 1197 4052 rum
1221 3997 1365 4066 Rotomag.
1382 3994 1426 4052 his
1439 3997 1533 4054 uerbis
1553 4001 1670 4058 :Finitis
1686 4003 1775 4076 itaque
1792 4007 1875 4078 llyrlc
1888 4007 1957 4068 elei-

312 4083 383 4156 (235)
414 4083 541 4141 malinae
567 4082 705 4140 Dominica
728 4087 753 4139 et
779 4081 906 4154 spatiola.
929 4085 960 4140 lu
976 4084 1096 4156 comple·
1136 4097 1188 4141 san
1202 4100 1259 4140 curn
1282 4084 1382 4141 ducias
1406 4085 1541 4158 ripttmis,
1566 4088 1594 4145 ld
1618 4094 1661 4148 est
1674 4095 1885 4165 nostrojudlolc
1900 4105 1957 4157 iro

274 4173 348 4232 toric
370 4187 421 4245 per
443 4180 567 4232 aceram
589 4186 646 4232 non
670 4171 772 4230 dicitur
786 4174 874 4230 oratio
889 4173 1030 4231 Dominica
1044 4189 1095 4232 nec
1137 4175 1181 4244 pis
1196 4179 1290 4230 eraclo
1313 4173 1401 4244 gloria
1423 4175 1452 4230 in
1476 4177 1592 4234 excelsis
1606 4179 1672 4250 Dea,
1690 4183 1759 4254 quad
1772 4184 1908 4259 irmoeptcm
1922 4189 1956 4246 ab

274 4262 446 4334 symbolum3
471 4261 520 4320 sed
545 4267 609 4334 past
630 4263 709 4321 Nunc
733 4261 841 4318 dimittis
864 4261 1009 4319 decantata
1022 4264 1096 4320 anti·
1138 4263 1232 4320 abbate
1255 4262 1370 4318 liieardo
1393 4263 1508 4334 Sipieaei
1521 4266 1667 4338 (Sapierrsi)
1681 4269 1774 4328 morae
1788 4273 1955 4336 cemberrim

275 4353 367 4426 pbcna
385 4352 475 4412 aratio
491 4351 604 4420 dicitnr,
621 4357 648 4408 ct
666 4350 742 4408 dicto
761 4350 960 4422 Bertcdiaamas,
975 4353 1097 4427 Comple-
1137 4353 1224 4425 sacrm
1238 4357 1375 4409 assecutas
1389 4367 1446 4410 cam
1459 4355 1603 4426 Laudibus,
1618 4357 1646 4414 id
1659 4373 1720 4417 aero
1731 4365 1812 4420 ictam
1829 4367 1959 4438 esperrde-

275 4444 375 4502 terium
394 4441 498 4500 linitur.
1105 4413 1216 4499 Dbrrlrrr
1228 4442 1256 4498 in
1267 4441 1462 4515 praestolatione
1473 4444 1676 4518 archipresulis.
1690 4451 1753 4519 Quo
1773 4467 1807 4510 ex
1825 4453 1888 4514 loeo
1902 4459 1960 4516 col·

311 4531 380 4603 (236)
395 4533 458 4588 Dies
472 4536 580 4588 cataras
592 4533 620 4588 ut
638 4530 736 4602 primas
757 4529 909 4588 celebretur.
923 4531 984 4589 Nou
999 4532 1113 4608 eadem
1136 4530 1231 4602 ligitur
1252 4531 1359 4588 Laudes
1385 4532 1464 4601 illas,
1491 4534 1520 4590 in
1543 4535 1634 4594 missis
1662 4537 1833 4600 solemnibus
1855 4545 1957 4617 hymno

275 4619 368 4688 moda,
383 4619 433 4676 scd
447 4633 524 4678 more
539 4618 644 4690 duplici
658 4619 768 4677 colitur.
1138 4620 1230 4678 Gloria
1252 4621 1281 4676 ia
1302 4621 1414 4678 mcelsis
1437 4623 1578 4693 interseri,
1596 4626 1639 4683 vel
1658 4633 1733 4686 certo
1749 4631 1877 4706 subiungi
1892 4650 1959 4693 con-

313 4706 385 4782 (237)
404 4709 606 4782 liespoasmiam
638 4709 772 4779 Surrexit,
798 4725 816 4766 o
843 4709 943 4767 duobis
965 4716 1095 4778 cantetur,
1137 4711 1257 4768 suevisse
1278 4730 1286 4767 ε
1311 4725 1393 4782 quem
1416 4711 1528 4782 quidem
1551 4714 1681 4786 hymnum
1694 4719 1723 4776 iu
1743 4722 1825 4778 missa
1847 4725 1959 4785 sabbati

274 4795 381 4854 scillcet
399 4799 427 4856 in
441 4800 546 4872 cappis,
562 4798 612 4872 qui
624 4798 738 4857 chorum
753 4802 858 4871 regant.
1137 4800 1225 4857 sancti
1243 4799 1346 4871 absque
1369 4800 1457 4870 tropis
1473 4801 1657 4874 decmutnn,
1678 4808 1761 4878 paulo
1779 4815 1843 4868 ante
1860 4813 1960 4872 obser·

313 4885 384 4958 (238)
412 4889 578 4962 llaapaeqae
598 4894 726 4946 nocturna
749 4903 807 4944 cura
823 4903 876 4944 aaa
890 4888 1042 4962 antiplona.
1058 4891 1097 4946 Ex
1136 4891 1257 4948 ravimus
1270 4905 1305 4947 cn
1318 4889 1475 4948 ordinario.
1498 4893 1565 4964 Eius
1583 4897 1693 4967 pencris
1707 4905 1767 4956 erat
1780 4913 1862 4970 prosa
1878 4905 1960 4972 mern

276 4975 363 5033 biset
377 4978 556 5047 sequentibus
571 4984 656 5050 patet,
672 4977 745 5048 apud
767 4979 886 5048 majores
900 4986 1010 5037 nastros
1025 4985 1097 5036 tem·
1138 4981 1205 5036 ciues
1228 4979 1321 5048 celici,
1343 4993 1405 5050 quae
1426 4981 1504 5049 iuxta
1525 4982 1599 5041 idern
1618 4985 1803 5058 ordinarium,
1828 4992 1856 5048 in
1876 5001 1960 5054 nocte

276 5080 344 5136 pore
359 5065 481 5138 paschali
495 5068 698 5126 Dominicarum
717 5072 746 5125 et
763 5066 895 5126 festorum
910 5067 1029 5127 olileium
1050 5070 1098 5126 tri·
1137 5069 1241 5126 Natalis
1262 5068 1404 5126 Dominis
1427 5069 1537 5134 clericis
1568 5080 1694 5144 pastores
1721 5079 1875 5150 agentibus,
1896 5091 1961 5152 post

276 5155 328 5212 bus
355 5156 499 5213 nocturnis
525 5158 693 5214 constitisse.
723 5159 758 5213 L't
784 5171 865 5214 secus
888 5163 983 5228 postea
1007 5159 1096 5228 lieret,
1138 5159 1266 5230 byssinum
1295 5157 1459 5228 praedictum
1486 5161 1670 5220 cantabatur:
1687 5165 1808 5239 itemque
1832 5170 1961 5242 optario

277 5245 384 5315 perlicit
403 5245 545 5304 brevitatis
557 5246 638 5315 ratio,
654 5259 710 5304 non
723 5245 878 5319 discipline
899 5267 905 5302 :
928 5247 1003 5317 quod
1018 5248 1097 5306 valde
1137 5252 1296 5315 sanctorum,
1312 5246 1414 5305 ibidem
1434 5247 1549 5308 intesta
1573 5253 1661 5310 sancti
1676 5256 1818 5327 Stephani.
1834 5260 1959 5332 Denique

277 5333 481 5404 improbatura
504 5333 801 5404 GuillelmoDuranda,
822 5335 1023 5403 l.r1‚ltaticn.
1041 5338 1096 5396 div.
1138 5337 1260 5395 mudum
1287 5338 1398 5395 nominc
1422 5337 1493 5397 lorte
1521 5343 1629 5400 censeri
1654 5351 1750 5415 posset
1771 5347 1888 5421 insignis
1911 5351 1960 5409 ille

277 5419 362 5491 cille,
376 5437 436 5494 cap.
453 5424 498 5493 89,
514 5428 543 5481 et
555 5423 673 5482 liadulio
688 5424 793 5484 decana
803 5424 965 5496 Tungrensl,
978 5425 1050 5484 libro
1060 5429 1098 5484 De
1139 5432 1245 5496 cautus,
1261 5426 1378 5486 dinisius
1391 5429 1479 5498 mucii,
1496 5431 1531 5488 de
1544 5445 1600 5503 quo
1613 5447 1707 5506 supra.
1722 5437 1770 5495 Pu.

277 5523 413 5571 canonum
424 5513 609 5582 obseruantia,
624 5515 816 5588 propositione
829 5513 872 5570 ln.
888 5515 937 5572 Pr.
1174 5515 1245 5589 (244)
1260 5518 1323 5576 wa
1350 5517 1450 5576 duoles
1472 5519 1589 5579 Lllelula
1602 5527 1628 5581 ei
1647 5528 1793 5599 sepimus.
1807 5529 1959 5603 &mentia

313 5597 394 5674 (239)
418 5601 477 5660 Ser
497 5602 620 5664 acicam
634 5603 667 5663 dc
679 5603 841 5678 Apocalypsi
853 5603 983 5676 beamur,
998 5611 1023 5663 et
1046 5611 1098 5664 trec
1138 5620 1195 5665 nan
1209 5605 1321 5680 dicitur,
1336 5608 1386 5668 sed
1399 5613 1519 5682 quatuor
1536 5609 1653 5673 edema
1666 5623 1814 5678 munnam.
