<?xml version="1.0" encoding="UTF-8"?>
<!DOCTYPE html PUBLIC "-//W3C//DTD XHTML 1.0 Transitional//EN"
    "http://www.w3.org/TR/xhtml1/DTD/xhtml1-transitional.dtd">
<html xmlns="http://www.w3.org/1999/xhtml" xml:lang="en" lang="en">
 <head>
  <title>
</title>
<meta http-equiv="Content-Type" content="text/html;charset=utf-8" />
  <meta name='ocr-system' content='tesseract 3.04.00' />
  <meta name='ocr-capabilities' content='ocr_page ocr_carea ocr_par ocr_line ocrx_word'/>
</head>
<body>
  <div class='ocr_page' id='page_1' title='image "./patrologiaecurs128unkngoog_0621.png"; bbox 0 0 4106 6178; ppageno 0'>
   <div class='ocr_carea' id='block_1_1' title="bbox 108 305 1788 368">
    <p class='ocr_par' dir='ltr' id='par_1_1' title="bbox 108 305 1788 368">
     <span class='ocr_line' id='line_1_1' title="bbox 108 305 1788 368; baseline 0.004 -7"><span class='ocrx_word' id='word_1_1' title='bbox 108 305 171 363; x_wconf 68' lang='lat' dir='ltr'><strong>tasi</strong></span> <span class='ocrx_word' id='word_1_2' title='bbox 863 307 1023 365; x_wconf 77' lang='lat' dir='ltr'><strong>candida.</strong></span> <span class='ocrx_word' id='word_1_3' title='bbox 1719 311 1788 368; x_wconf 77' lang='lat'><strong>1234</strong></span> 
     </span>
    </p>
   </div>
   <div class='ocr_carea' id='block_1_2' title="bbox 201 433 1719 2296">
    <p class='ocr_par' dir='ltr' id='par_1_2' title="bbox 209 433 1623 507">
     <span class='ocr_line' id='line_1_2' title="bbox 209 433 1623 507; baseline 0.004 -16"><span class='ocrx_word' id='word_1_4' title='bbox 209 435 243 491; x_wconf 88' lang='lat' dir='ltr'><strong>Ut</strong></span> <span class='ocrx_word' id='word_1_5' title='bbox 261 434 298 490; x_wconf 88' lang='lat' dir='ltr'><strong>sit</strong></span> <span class='ocrx_word' id='word_1_6' title='bbox 316 434 399 504; x_wconf 84' lang='lat' dir='ltr'><strong>hujus</strong></span> <span class='ocrx_word' id='word_1_7' title='bbox 412 434 492 506; x_wconf 80' lang='lat' dir='ltr'><strong>plebs</strong></span> <span class='ocrx_word' id='word_1_8' title='bbox 511 447 616 492; x_wconf 92' lang='lat' dir='ltr'><strong>memor</strong></span> <span class='ocrx_word' id='word_1_9' title='bbox 630 434 682 491; x_wconf 87' lang='lat' dir='ltr'><strong>ista</strong></span> <span class='ocrx_word' id='word_1_10' title='bbox 696 434 796 502; x_wconf 89' lang='lat' dir='ltr'><strong>laudis,</strong></span> <span class='ocrx_word' id='word_1_11' title='bbox 937 437 963 495; x_wconf 86' lang='lat' dir='ltr'><strong>h</strong></span> <span class='ocrx_word' id='word_1_12' title='bbox 1077 433 1105 490; x_wconf 94' lang='lat' dir='ltr'><strong>Si</strong></span> <span class='ocrx_word' id='word_1_13' title='bbox 1122 435 1212 504; x_wconf 82' lang='lat' dir='ltr'><strong>justus</strong></span> <span class='ocrx_word' id='word_1_14' title='bbox 1221 435 1306 505; x_wconf 80' lang='lat' dir='ltr'><strong>judex</strong></span> <span class='ocrx_word' id='word_1_15' title='bbox 1325 437 1431 493; x_wconf 87' lang='lat' dir='ltr'><strong>ueniam</strong></span> <span class='ocrx_word' id='word_1_16' title='bbox 1446 450 1502 495; x_wconf 92' lang='lat' dir='ltr'><strong>nou</strong></span> <span class='ocrx_word' id='word_1_17' title='bbox 1517 437 1623 507; x_wconf 81' lang='lat' dir='ltr'><strong>tribuit,</strong></span> 
     </span>
    </p>

    <p class='ocr_par' dir='ltr' id='par_1_3' title="bbox 206 522 1595 595">
     <span class='ocr_line' id='line_1_3' title="bbox 206 522 1595 595; baseline 0.005 -17"><span class='ocrx_word' id='word_1_18' title='bbox 206 524 256 581; x_wconf 90' lang='lat' dir='ltr'><strong>ilic</strong></span> <span class='ocrx_word' id='word_1_19' title='bbox 270 537 346 580; x_wconf 93' lang='lat' dir='ltr'><strong>ames</strong></span> <span class='ocrx_word' id='word_1_20' title='bbox 358 523 413 581; x_wconf 90' lang='lat' dir='ltr'><strong>dici</strong></span> <span class='ocrx_word' id='word_1_21' title='bbox 433 529 521 595; x_wconf 91' lang='lat' dir='ltr'><strong>pater,</strong></span> <span class='ocrx_word' id='word_1_22' title='bbox 539 525 609 580; x_wconf 95' lang='lat' dir='ltr'><strong>hauc</strong></span> <span class='ocrx_word' id='word_1_23' title='bbox 622 524 754 581; x_wconf 88' lang='lat' dir='ltr'><strong>decenter</strong></span> <span class='ocrx_word' id='word_1_24' title='bbox 1070 524 1119 580; x_wconf 85' lang='lat' dir='ltr'><strong>Cui</strong></span> <span class='ocrx_word' id='word_1_25' title='bbox 1134 522 1268 580; x_wconf 69' lang='lat' dir='ltr'><strong>claritatis</strong></span> <span class='ocrx_word' id='word_1_26' title='bbox 1288 531 1370 581; x_wconf 79' lang='lat' dir='ltr'><strong>tanta</strong></span> <span class='ocrx_word' id='word_1_27' title='bbox 1385 524 1477 583; x_wconf 91' lang='lat' dir='ltr'><strong>lumen</strong></span> <span class='ocrx_word' id='word_1_28' title='bbox 1492 527 1595 585; x_wconf 89' lang='lat' dir='ltr'><strong>intulit.</strong></span> 
     </span>
    </p>

    <p class='ocr_par' dir='ltr' id='par_1_4' title="bbox 205 612 1719 779">
     <span class='ocr_line' id='line_1_4' title="bbox 205 612 1639 689; baseline 0.005 -21"><span class='ocrx_word' id='word_1_29' title='bbox 205 613 232 669; x_wconf 91' lang='lat' dir='ltr'><strong>Si</strong></span> <span class='ocrx_word' id='word_1_30' title='bbox 247 612 342 681; x_wconf 88' lang='lat' dir='ltr'><strong>doces,</strong></span> <span class='ocrx_word' id='word_1_31' title='bbox 356 613 429 670; x_wconf 90' lang='lat' dir='ltr'><strong>laute</strong></span> <span class='ocrx_word' id='word_1_32' title='bbox 445 613 547 682; x_wconf 80' lang='lat' dir='ltr'>refove,</span> <span class='ocrx_word' id='word_1_33' title='bbox 563 614 711 685; x_wconf 84' lang='lat' dir='ltr'><strong>polumque</strong></span> <span class='ocrx_word' id='word_1_34' title='bbox 1070 615 1104 669; x_wconf 90' lang='lat' dir='ltr'><strong>Ut</strong></span> <span class='ocrx_word' id='word_1_35' title='bbox 1119 613 1171 670; x_wconf 88' lang='lat' dir='ltr'><strong>rite</strong></span> <span class='ocrx_word' id='word_1_36' title='bbox 1187 614 1295 670; x_wconf 92' lang='lat' dir='ltr'><strong>cunctis</strong></span> <span class='ocrx_word' id='word_1_37' title='bbox 1313 615 1512 684; x_wconf 80' lang='lat' dir='ltr'><strong>praeferrentur</strong></span> <span class='ocrx_word' id='word_1_38' title='bbox 1525 617 1639 689; x_wconf 80' lang='lat' dir='ltr'><strong>angelis.</strong></span> 
     </span>
     <span class='ocr_line' id='line_1_5' title="bbox 311 701 1719 779; baseline 0.004 -21"><span class='ocrx_word' id='word_1_39' title='bbox 311 701 449 759; x_wconf 82' lang='lat' dir='ltr'><strong>Scandere</strong></span> <span class='ocrx_word' id='word_1_40' title='bbox 466 702 570 773; x_wconf 81' lang='lat' dir='ltr'><strong>prauo.</strong></span> <span class='ocrx_word' id='word_1_41' title='bbox 1104 703 1157 759; x_wconf 88' lang='lat' dir='ltr'><strong>Sed</strong></span> <span class='ocrx_word' id='word_1_42' title='bbox 1172 702 1237 761; x_wconf 85' lang='lat' dir='ltr'><strong>lelir</strong></span> <span class='ocrx_word' id='word_1_43' title='bbox 1251 703 1309 772; x_wconf 92' lang='lat' dir='ltr'><strong>ille,</strong></span> <span class='ocrx_word' id='word_1_44' title='bbox 1330 719 1411 776; x_wconf 85' lang='lat' dir='ltr'><strong>quem</strong></span> <span class='ocrx_word' id='word_1_45' title='bbox 1431 721 1476 763; x_wconf 89' lang='lat' dir='ltr'><strong>res</strong></span> <span class='ocrx_word' id='word_1_46' title='bbox 1490 707 1550 763; x_wconf 82' lang='lat' dir='ltr'><strong>istae</strong></span> <span class='ocrx_word' id='word_1_47' title='bbox 1565 708 1719 779; x_wconf 91' lang='lat' dir='ltr'><strong>possident,</strong></span> 
     </span>
    </p>

    <p class='ocr_par' dir='ltr' id='par_1_5' title="bbox 203 785 1712 865">
     <span class='ocr_line' id='line_1_6' title="bbox 203 785 1712 865; baseline 0.006 -19"><span class='ocrx_word' id='word_1_48' title='bbox 203 791 311 847; x_wconf 80' lang='lat' dir='ltr'>Christe</span> <span class='ocrx_word' id='word_1_49' title='bbox 331 792 423 849; x_wconf 89' lang='lat' dir='ltr'><strong>devoti</strong></span> <span class='ocrx_word' id='word_1_50' title='bbox 440 785 559 864; x_wconf 87' lang='lat' dir='ltr'><strong>p&#39;retium</strong></span> <span class='ocrx_word' id='word_1_51' title='bbox 573 792 687 859; x_wconf 90' lang='lat' dir='ltr'><strong>laboris,</strong></span> <span class='ocrx_word' id='word_1_52' title='bbox 1070 794 1146 848; x_wconf 85' lang='lat' dir='ltr'><strong>biens</strong></span> <span class='ocrx_word' id='word_1_53' title='bbox 1160 791 1243 860; x_wconf 91' lang='lat' dir='ltr'><strong>bona,</strong></span> <span class='ocrx_word' id='word_1_54' title='bbox 1261 799 1357 864; x_wconf 92' lang='lat' dir='ltr'><strong>pectus</strong></span> <span class='ocrx_word' id='word_1_55' title='bbox 1372 809 1481 865; x_wconf 90' lang='lat' dir='ltr'><strong>purum,</strong></span> <span class='ocrx_word' id='word_1_56' title='bbox 1497 796 1553 852; x_wconf 85' lang='lat' dir='ltr'><strong>rita</strong></span> <span class='ocrx_word' id='word_1_57' title='bbox 1567 797 1712 865; x_wconf 90' lang='lat' dir='ltr'><strong>innocens,</strong></span> 
     </span>
    </p>

    <p class='ocr_par' dir='ltr' id='par_1_6' title="bbox 204 879 1655 956">
     <span class='ocr_line' id='line_1_7' title="bbox 204 879 1655 956; baseline 0.004 -20"><span class='ocrx_word' id='word_1_58' title='bbox 204 879 308 938; x_wconf 84' lang='lat' dir='ltr'><strong>Conler</strong></span> <span class='ocrx_word' id='word_1_59' title='bbox 322 881 402 938; x_wconf 92' lang='lat' dir='ltr'><strong>istius</strong></span> <span class='ocrx_word' id='word_1_60' title='bbox 422 897 503 953; x_wconf 83' lang='lat' dir='ltr'><strong>prece</strong></span> <span class='ocrx_word' id='word_1_61' title='bbox 521 896 571 939; x_wconf 90' lang='lat' dir='ltr'><strong>uos</strong></span> <span class='ocrx_word' id='word_1_62' title='bbox 582 883 682 954; x_wconf 84' lang='lat' dir='ltr'><strong>jurari,</strong></span> <span class='ocrx_word' id='word_1_63' title='bbox 1068 882 1153 951; x_wconf 85' lang='lat' dir='ltr'><strong>cujus</strong></span> <span class='ocrx_word' id='word_1_64' title='bbox 1163 882 1191 937; x_wconf 93' lang='lat' dir='ltr'><strong>in</strong></span> <span class='ocrx_word' id='word_1_65' title='bbox 1206 882 1275 939; x_wconf 86' lang='lat' dir='ltr'><strong>caelo</strong></span> <span class='ocrx_word' id='word_1_66' title='bbox 1291 897 1398 940; x_wconf 86' lang='lat' dir='ltr'><strong>merces</strong></span> <span class='ocrx_word' id='word_1_67' title='bbox 1412 884 1480 941; x_wconf 90' lang='lat' dir='ltr'><strong>orbe</strong></span> <span class='ocrx_word' id='word_1_68' title='bbox 1495 887 1583 956; x_wconf 86' lang='lat' dir='ltr'><strong>major</strong></span> <span class='ocrx_word' id='word_1_69' title='bbox 1601 891 1655 953; x_wconf 89' lang='lat' dir='ltr'><strong>est,</strong></span> 
     </span>
    </p>

    <p class='ocr_par' dir='ltr' id='par_1_7' title="bbox 206 969 1714 1133">
     <span class='ocr_line' id='line_1_8' title="bbox 206 969 1654 1046; baseline 0.003 -21"><span class='ocrx_word' id='word_1_70' title='bbox 206 971 289 1039; x_wconf 76' lang='lat' dir='ltr'><strong>cuius</strong></span> <span class='ocrx_word' id='word_1_71' title='bbox 304 970 430 1046; x_wconf 82' lang='lat' dir='ltr'><strong>exemplo</strong></span> <span class='ocrx_word' id='word_1_72' title='bbox 450 971 572 1042; x_wconf 89' lang='lat' dir='ltr'><strong>peritura</strong></span> <span class='ocrx_word' id='word_1_73' title='bbox 587 969 654 1028; x_wconf 88' lang='lat' dir='ltr'><strong>loedi</strong></span> <span class='ocrx_word' id='word_1_74' title='bbox 1070 971 1104 1025; x_wconf 85' lang='lat' dir='ltr'><strong>Et</strong></span> <span class='ocrx_word' id='word_1_75' title='bbox 1118 982 1218 1026; x_wconf 90' lang='lat' dir='ltr'><strong>nornen</strong></span> <span class='ocrx_word' id='word_1_76' title='bbox 1233 970 1280 1027; x_wconf 93' lang='lat' dir='ltr'><strong>ille</strong></span> <span class='ocrx_word' id='word_1_77' title='bbox 1300 985 1413 1043; x_wconf 91' lang='lat' dir='ltr'><strong>magnus</strong></span> <span class='ocrx_word' id='word_1_78' title='bbox 1429 972 1500 1030; x_wconf 88' lang='lat' dir='ltr'><strong>liber</strong></span> <span class='ocrx_word' id='word_1_79' title='bbox 1518 974 1654 1042; x_wconf 90' lang='lat' dir='ltr'><strong>continet,</strong></span> 
     </span>
     <span class='ocr_line' id='line_1_9' title="bbox 312 1059 1714 1133; baseline 0.004 -18"><span class='ocrx_word' id='word_1_80' title='bbox 312 1059 454 1129; x_wconf 78' lang='lat' dir='ltr'><strong>Liqmmus</strong></span> <span class='ocrx_word' id='word_1_81' title='bbox 468 1060 554 1116; x_wconf 87' lang='lat' dir='ltr'><strong>orbis.</strong></span> <span class='ocrx_word' id='word_1_82' title='bbox 1069 1060 1153 1128; x_wconf 85' lang='lat' dir='ltr'><strong>Quem</strong></span> <span class='ocrx_word' id='word_1_83' title='bbox 1167 1065 1231 1115; x_wconf 91' lang='lat' dir='ltr'><strong>ante</strong></span> <span class='ocrx_word' id='word_1_84' title='bbox 1245 1066 1353 1130; x_wconf 90' lang='lat' dir='ltr'><strong>tempus</strong></span> <span class='ocrx_word' id='word_1_85' title='bbox 1367 1063 1517 1133; x_wconf 81' lang='lat' dir='ltr'><strong>scripserat</strong></span> <span class='ocrx_word' id='word_1_86' title='bbox 1526 1062 1714 1133; x_wconf 87' lang='lat' dir='ltr'><strong>omnipotens.</strong></span> 
     </span>
    </p>

    <p class='ocr_par' dir='ltr' id='par_1_8' title="bbox 203 1147 1532 1221">
     <span class='ocr_line' id='line_1_10' title="bbox 203 1147 1532 1221; baseline 0.005 -17"><span class='ocrx_word' id='word_1_87' title='bbox 203 1150 326 1220; x_wconf 80' lang='lat' dir='ltr'><strong>hymnus</strong></span> <span class='ocrx_word' id='word_1_88' title='bbox 338 1149 384 1204; x_wconf 91' lang='lat' dir='ltr'><strong>bic</strong></span> <span class='ocrx_word' id='word_1_89' title='bbox 400 1155 505 1217; x_wconf 87' lang='lat' dir='ltr'><strong>noster,</strong></span> <span class='ocrx_word' id='word_1_90' title='bbox 521 1149 667 1207; x_wconf 81' lang='lat' dir='ltr'><strong>Benedicta</strong></span> <span class='ocrx_word' id='word_1_91' title='bbox 683 1151 821 1221; x_wconf 88' lang='lat' dir='ltr'><strong>princeps,</strong></span> <span class='ocrx_word' id='word_1_92' title='bbox 1105 1147 1163 1204; x_wconf 88' lang='lat' dir='ltr'><strong>illie</strong></span> <span class='ocrx_word' id='word_1_93' title='bbox 1178 1148 1279 1206; x_wconf 74' lang='lat' dir='ltr'><strong>diviua</strong></span> <span class='ocrx_word' id='word_1_94' title='bbox 1294 1151 1405 1221; x_wconf 75' lang='lat' dir='ltr'><strong>viciatis</strong></span> <span class='ocrx_word' id='word_1_95' title='bbox 1419 1166 1532 1209; x_wconf 90' lang='lat' dir='ltr'><strong>munere</strong></span> 
     </span>
    </p>

    <p class='ocr_par' dir='ltr' id='par_1_9' title="bbox 201 1236 1663 1310">
     <span class='ocr_line' id='line_1_11' title="bbox 201 1236 1663 1310; baseline 0.004 -17"><span class='ocrx_word' id='word_1_96' title='bbox 201 1238 246 1294; x_wconf 90' lang='lat' dir='ltr'><strong>Sic</strong></span> <span class='ocrx_word' id='word_1_97' title='bbox 266 1238 316 1294; x_wconf 91' lang='lat' dir='ltr'><strong>tibi</strong></span> <span class='ocrx_word' id='word_1_98' title='bbox 332 1252 442 1309; x_wconf 87' lang='lat' dir='ltr'><strong>semper</strong></span> <span class='ocrx_word' id='word_1_99' title='bbox 456 1238 591 1310; x_wconf 91' lang='lat' dir='ltr'><strong>placidus,</strong></span> <span class='ocrx_word' id='word_1_100' title='bbox 612 1246 721 1297; x_wconf 90' lang='lat' dir='ltr'><strong>tuorum</strong></span> <span class='ocrx_word' id='word_1_101' title='bbox 882 1253 883 1258; x_wconf 50' lang='lat'>¹</span> <span class='ocrx_word' id='word_1_102' title='bbox 1069 1238 1123 1292; x_wconf 86' lang='lat' dir='ltr'><strong>vos</strong></span> <span class='ocrx_word' id='word_1_103' title='bbox 1137 1236 1240 1294; x_wconf 90' lang='lat' dir='ltr'><strong>oderis.</strong></span> <span class='ocrx_word' id='word_1_104' title='bbox 1254 1277 1282 1295; x_wconf 90' lang='lat'><strong>..</strong></span> <span class='ocrx_word' id='word_1_105' title='bbox 1298 1240 1445 1298; x_wconf 94' lang='lat' dir='ltr'><strong>tudine...</strong></span> <span class='ocrx_word' id='word_1_106' title='bbox 1466 1246 1523 1299; x_wconf 89' lang='lat' dir='ltr'><strong>tras</strong></span> <span class='ocrx_word' id='word_1_107' title='bbox 1541 1242 1663 1301; x_wconf 88' lang='lat' dir='ltr'><strong>mudule.</strong></span> 
     </span>
    </p>

    <p class='ocr_par' dir='ltr' id='par_1_10' title="bbox 203 1326 1672 1492">
     <span class='ocr_line' id='line_1_12' title="bbox 203 1326 1626 1401; baseline 0.001 -17"><span class='ocrx_word' id='word_1_108' title='bbox 203 1327 255 1396; x_wconf 83' lang='lat' dir='ltr'><strong>Qui</strong></span> <span class='ocrx_word' id='word_1_109' title='bbox 266 1328 341 1385; x_wconf 92' lang='lat' dir='ltr'><strong>salus</strong></span> <span class='ocrx_word' id='word_1_110' title='bbox 355 1343 395 1395; x_wconf 89' lang='lat' dir='ltr'><strong>es,</strong></span> <span class='ocrx_word' id='word_1_111' title='bbox 412 1329 469 1397; x_wconf 87' lang='lat' dir='ltr'><strong>iux,</strong></span> <span class='ocrx_word' id='word_1_112' title='bbox 485 1330 612 1386; x_wconf 81' lang='lat' dir='ltr'><strong>decusat</strong></span> <span class='ocrx_word' id='word_1_113' title='bbox 627 1330 758 1401; x_wconf 85' lang='lat' dir='ltr'><strong>perennis</strong></span> <span class='ocrx_word' id='word_1_114' title='bbox 1070 1326 1241 1397; x_wconf 78' lang='lat' dir='ltr'><strong>conscriptis</strong></span> <span class='ocrx_word' id='word_1_115' title='bbox 1260 1328 1323 1385; x_wconf 83' lang='lat' dir='ltr'><strong>uitae</strong></span> <span class='ocrx_word' id='word_1_116' title='bbox 1336 1327 1441 1400; x_wconf 89' lang='lat' dir='ltr'><strong>lulgitis</strong></span> <span class='ocrx_word' id='word_1_117' title='bbox 1456 1331 1626 1388; x_wconf 90' lang='lat' dir='ltr'><strong>charactere.</strong></span> 
     </span>
     <span class='ocr_line' id='line_1_13' title="bbox 311 1415 1672 1492; baseline 0.007 -24"><span class='ocrx_word' id='word_1_118' title='bbox 311 1420 382 1474; x_wconf 77' lang='lat' dir='ltr'><strong>Laus</strong></span> <span class='ocrx_word' id='word_1_119' title='bbox 401 1420 608 1476; x_wconf 77' lang='lat' dir='ltr'><strong>monachor-um.</strong></span> <span class='ocrx_word' id='word_1_120' title='bbox 1069 1415 1265 1486; x_wconf 77' lang='lat' dir='ltr'><strong>Apostolorum</strong></span> <span class='ocrx_word' id='word_1_121' title='bbox 1279 1418 1382 1475; x_wconf 88' lang='lat' dir='ltr'><strong>chorus</strong></span> <span class='ocrx_word' id='word_1_122' title='bbox 1396 1420 1470 1488; x_wconf 92' lang='lat' dir='ltr'><strong>hinc,</strong></span> <span class='ocrx_word' id='word_1_123' title='bbox 1486 1425 1515 1476; x_wconf 91' lang='lat' dir='ltr'><strong>et</strong></span> <span class='ocrx_word' id='word_1_124' title='bbox 1529 1427 1672 1492; x_wconf 81' lang='lat' dir='ltr'><strong>martyres,</strong></span> 
     </span>
    </p>

    <p class='ocr_par' dir='ltr' id='par_1_11' title="bbox 205 1503 1645 1580">
     <span class='ocr_line' id='line_1_14' title="bbox 205 1503 1645 1580; baseline 0.006 -24"><span class='ocrx_word' id='word_1_125' title='bbox 205 1506 275 1562; x_wconf 81' lang='lat' dir='ltr'><strong>bleta</strong></span> <span class='ocrx_word' id='word_1_126' title='bbox 289 1507 411 1562; x_wconf 75' lang='lat' dir='ltr'><strong>eoeiestts</strong></span> <span class='ocrx_word' id='word_1_127' title='bbox 430 1509 551 1578; x_wconf 71' lang='lat' dir='ltr'><strong>pretiosa</strong></span> <span class='ocrx_word' id='word_1_128' title='bbox 571 1509 654 1580; x_wconf 74' lang='lat' dir='ltr'><strong>aegis</strong></span> <span class='ocrx_word' id='word_1_129' title='bbox 1071 1504 1104 1558; x_wconf 85' lang='lat' dir='ltr'><strong>Et</strong></span> <span class='ocrx_word' id='word_1_130' title='bbox 1118 1503 1293 1562; x_wconf 80' lang='lat' dir='ltr'><strong>confessores</strong></span> <span class='ocrx_word' id='word_1_131' title='bbox 1308 1509 1443 1575; x_wconf 80' lang='lat' dir='ltr'><strong>exultant,</strong></span> <span class='ocrx_word' id='word_1_132' title='bbox 1463 1522 1495 1564; x_wconf 89' lang='lat' dir='ltr'><strong>ac</strong></span> <span class='ocrx_word' id='word_1_133' title='bbox 1515 1509 1645 1578; x_wconf 79' lang='lat' dir='ltr'><strong>virgines.</strong></span> 
     </span>
    </p>

    <p class='ocr_par' dir='ltr' id='par_1_12' title="bbox 202 1592 1599 1668">
     <span class='ocr_line' id='line_1_15' title="bbox 202 1592 1599 1668; baseline 0.01 -17"><span class='ocrx_word' id='word_1_134' title='bbox 202 1596 239 1652; x_wconf 85' lang='grc' dir='ltr'><strong>Τε</strong></span> <span class='ocrx_word' id='word_1_135' title='bbox 253 1593 319 1652; x_wconf 87' lang='lat' dir='ltr'><strong>lacit</strong></span> <span class='ocrx_word' id='word_1_136' title='bbox 331 1596 404 1652; x_wconf 85' lang='lat' dir='ltr'><strong>reris</strong></span> <span class='ocrx_word' id='word_1_137' title='bbox 418 1596 554 1654; x_wconf 87' lang='lat' dir='ltr'><strong>celebrem</strong></span> <span class='ocrx_word' id='word_1_138' title='bbox 570 1599 692 1668; x_wconf 86' lang='lat' dir='ltr'><strong>tropaeis.</strong></span> <span class='ocrx_word' id='word_1_139' title='bbox 1105 1592 1253 1664; x_wconf 80' lang='lat' dir='ltr'><strong>Postquam</strong></span> <span class='ocrx_word' id='word_1_140' title='bbox 1268 1593 1344 1652; x_wconf 62' lang='lat' dir='ltr'><strong>filista</strong></span> <span class='ocrx_word' id='word_1_141' title='bbox 1359 1597 1478 1653; x_wconf 62' lang='lat' dir='ltr'><strong>Sffllifflle</strong></span> <span class='ocrx_word' id='word_1_142' title='bbox 1493 1597 1599 1665; x_wconf 70' lang='lat' dir='ltr'><strong>Saeiilll.</strong></span> 
     </span>
    </p>

    <p class='ocr_par' dir='ltr' id='par_1_13' title="bbox 204 1681 1642 1846">
     <span class='ocr_line' id='line_1_16' title="bbox 204 1681 1629 1760; baseline 0.002 -20"><span class='ocrx_word' id='word_1_143' title='bbox 204 1684 281 1741; x_wconf 82' lang='lat' dir='ltr'><strong>Unde</strong></span> <span class='ocrx_word' id='word_1_144' title='bbox 296 1697 347 1741; x_wconf 93' lang='lat' dir='ltr'><strong>nos</strong></span> <span class='ocrx_word' id='word_1_145' title='bbox 366 1699 477 1757; x_wconf 88' lang='lat' dir='ltr'><strong>semper</strong></span> <span class='ocrx_word' id='word_1_146' title='bbox 490 1688 609 1756; x_wconf 90' lang='lat' dir='ltr'><strong>petimus</strong></span> <span class='ocrx_word' id='word_1_147' title='bbox 628 1686 788 1760; x_wconf 87' lang='lat' dir='ltr'><strong>irequentes</strong></span> <span class='ocrx_word' id='word_1_148' title='bbox 1070 1681 1125 1737; x_wconf 86' lang='lat' dir='ltr'><strong>vos</strong></span> <span class='ocrx_word' id='word_1_149' title='bbox 1134 1682 1255 1753; x_wconf 89' lang='lat' dir='ltr'><strong>scriptos</strong></span> <span class='ocrx_word' id='word_1_150' title='bbox 1267 1684 1340 1741; x_wconf 92' lang='lat' dir='ltr'><strong>idem</strong></span> <span class='ocrx_word' id='word_1_151' title='bbox 1354 1685 1485 1756; x_wconf 87' lang='lat' dir='ltr'><strong>antiquus</strong></span> <span class='ocrx_word' id='word_1_152' title='bbox 1503 1687 1629 1744; x_wconf 84' lang='lat' dir='ltr'><strong>citaverit</strong></span> 
     </span>
     <span class='ocr_line' id='line_1_17' title="bbox 309 1770 1642 1846; baseline 0.002 -18"><span class='ocrx_word' id='word_1_153' title='bbox 309 1775 397 1829; x_wconf 86' lang='lat' dir='ltr'><strong>Nocte</strong></span> <span class='ocrx_word' id='word_1_154' title='bbox 416 1773 528 1846; x_wconf 84' lang='lat' dir='ltr'><strong>dieque.</strong></span> <span class='ocrx_word' id='word_1_155' title='bbox 929 1781 954 1839; x_wconf 85' lang='grc' dir='ltr'><strong>Β</strong></span> <span class='ocrx_word' id='word_1_156' title='bbox 1067 1770 1206 1828; x_wconf 84' lang='lat' dir='ltr'><strong>Goelorum</strong></span> <span class='ocrx_word' id='word_1_157' title='bbox 1222 1773 1301 1842; x_wconf 86' lang='lat' dir='ltr'><strong>regni</strong></span> <span class='ocrx_word' id='word_1_158' title='bbox 1320 1773 1442 1844; x_wconf 82' lang='lat' dir='ltr'><strong>claviger</strong></span> <span class='ocrx_word' id='word_1_159' title='bbox 1460 1788 1524 1832; x_wconf 83' lang='lat' dir='ltr'><strong>mor</strong></span> <span class='ocrx_word' id='word_1_160' title='bbox 1542 1775 1642 1845; x_wconf 91' lang='lat' dir='ltr'><strong>aperit.</strong></span> 
     </span>
    </p>

    <p class='ocr_par' dir='ltr' id='par_1_14' title="bbox 203 1859 1595 1934">
     <span class='ocr_line' id='line_1_18' title="bbox 203 1859 1595 1934; baseline 0.001 -16"><span class='ocrx_word' id='word_1_161' title='bbox 203 1863 277 1918; x_wconf 82' lang='lat' dir='ltr'><strong>bora</strong></span> <span class='ocrx_word' id='word_1_162' title='bbox 291 1862 403 1918; x_wconf 90' lang='lat' dir='ltr'><strong>sublimi</strong></span> <span class='ocrx_word' id='word_1_163' title='bbox 419 1871 528 1920; x_wconf 91' lang='lat' dir='ltr'><strong>maneat</strong></span> <span class='ocrx_word' id='word_1_164' title='bbox 543 1865 665 1920; x_wconf 85' lang='lat' dir='ltr'><strong>Parenti.</strong></span> <span class='ocrx_word' id='word_1_165' title='bbox 1068 1859 1152 1930; x_wconf 83' lang='lat' dir='ltr'><strong>Regis</strong></span> <span class='ocrx_word' id='word_1_166' title='bbox 1166 1862 1264 1917; x_wconf 88' lang='lat' dir='ltr'><strong>aeterni</strong></span> <span class='ocrx_word' id='word_1_167' title='bbox 1277 1863 1360 1934; x_wconf 86' lang='lat' dir='ltr'><strong>Virgo</strong></span> <span class='ocrx_word' id='word_1_168' title='bbox 1376 1869 1463 1919; x_wconf 90' lang='lat' dir='ltr'><strong>mater</strong></span> <span class='ocrx_word' id='word_1_169' title='bbox 1482 1863 1595 1934; x_wconf 85' lang='lat' dir='ltr'><strong>excipit,</strong></span> 
     </span>
    </p>

    <p class='ocr_par' dir='ltr' id='par_1_15' title="bbox 203 1947 1590 2024">
     <span class='ocr_line' id='line_1_19' title="bbox 203 1947 1590 2024; baseline 0.002 -21"><span class='ocrx_word' id='word_1_170' title='bbox 203 1953 269 2022; x_wconf 82' lang='lat' dir='ltr'><strong>Ejus</strong></span> <span class='ocrx_word' id='word_1_171' title='bbox 282 1957 310 2008; x_wconf 90' lang='lat' dir='ltr'><strong>et</strong></span> <span class='ocrx_word' id='word_1_172' title='bbox 324 1965 404 2010; x_wconf 82' lang='lat' dir='ltr'><strong>sacro</strong></span> <span class='ocrx_word' id='word_1_173' title='bbox 423 1953 550 2010; x_wconf 78' lang='lat' dir='ltr'><strong>diadema</strong></span> <span class='ocrx_word' id='word_1_174' title='bbox 568 1955 649 2011; x_wconf 77' lang='lat' dir='ltr'><strong>Nato,</strong></span> <span class='ocrx_word' id='word_1_175' title='bbox 988 2017 991 2024; x_wconf 18' lang='grc' dir='ltr'><em>ι</em></span> <span class='ocrx_word' id='word_1_176' title='bbox 1071 1947 1105 2004; x_wconf 81' lang='lat' dir='ltr'><strong>lit</strong></span> <span class='ocrx_word' id='word_1_177' title='bbox 1120 1949 1212 2004; x_wconf 90' lang='lat' dir='ltr'><strong>statim</strong></span> <span class='ocrx_word' id='word_1_178' title='bbox 1232 1950 1326 2006; x_wconf 92' lang='lat' dir='ltr'><strong>choris</strong></span> <span class='ocrx_word' id='word_1_179' title='bbox 1340 1951 1429 2008; x_wconf 91' lang='lat' dir='ltr'><strong>sociat</strong></span> <span class='ocrx_word' id='word_1_180' title='bbox 1448 1951 1590 2024; x_wconf 80' lang='lat' dir='ltr'><strong>angelicis.</strong></span> 
     </span>
    </p>

    <p class='ocr_par' dir='ltr' id='par_1_16' title="bbox 203 2039 1672 2201">
     <span class='ocr_line' id='line_1_20' title="bbox 203 2039 1672 2114; baseline 0.002 -21"><span class='ocrx_word' id='word_1_181' title='bbox 203 2042 237 2097; x_wconf 79' lang='lat' dir='ltr'><strong>Et</strong></span> <span class='ocrx_word' id='word_1_182' title='bbox 255 2040 306 2097; x_wconf 88' lang='lat' dir='ltr'><strong>tibi</strong></span> <span class='ocrx_word' id='word_1_183' title='bbox 327 2043 414 2098; x_wconf 80' lang='lat' dir='ltr'><strong>virtus</strong></span> <span class='ocrx_word' id='word_1_184' title='bbox 428 2043 572 2114; x_wconf 78' lang='lat' dir='ltr'><strong>utriusque</strong></span> <span class='ocrx_word' id='word_1_185' title='bbox 587 2057 700 2114; x_wconf 77' lang='lat' dir='ltr'><strong>compar</strong></span> <span class='ocrx_word' id='word_1_186' title='bbox 1104 2039 1266 2095; x_wconf 87' lang='lat' dir='ltr'><strong>Sanctorum</strong></span> <span class='ocrx_word' id='word_1_187' title='bbox 1282 2041 1372 2096; x_wconf 92' lang='lat' dir='ltr'><strong>omnis</strong></span> <span class='ocrx_word' id='word_1_188' title='bbox 1385 2041 1509 2098; x_wconf 90' lang='lat' dir='ltr'><strong>concinit</strong></span> <span class='ocrx_word' id='word_1_189' title='bbox 1523 2040 1672 2099; x_wconf 85' lang='lat' dir='ltr'><strong>exercitus.</strong></span> 
     </span>
     <span class='ocr_line' id='line_1_21' title="bbox 309 2123 1662 2201; baseline 0.004 -21"><span class='ocrx_word' id='word_1_190' title='bbox 309 2130 428 2201; x_wconf 81' lang='lat' dir='ltr'><strong>spiritus</strong></span> <span class='ocrx_word' id='word_1_191' title='bbox 446 2132 527 2189; x_wconf 71' lang='lat' dir='ltr'><strong>aime,</strong></span> <span class='ocrx_word' id='word_1_192' title='bbox 1068 2123 1148 2180; x_wconf 80' lang='lat' dir='ltr'><strong>tubal</strong></span> <span class='ocrx_word' id='word_1_193' title='bbox 1163 2131 1206 2182; x_wconf 92' lang='lat' dir='ltr'><strong>est</strong></span> <span class='ocrx_word' id='word_1_194' title='bbox 1221 2129 1327 2198; x_wconf 89' lang='lat' dir='ltr'><strong>primus</strong></span> <span class='ocrx_word' id='word_1_195' title='bbox 1341 2127 1369 2184; x_wconf 96' lang='lat' dir='ltr'><strong>in</strong></span> <span class='ocrx_word' id='word_1_196' title='bbox 1388 2129 1475 2186; x_wconf 90' lang='lat' dir='ltr'><strong>choro</strong></span> <span class='ocrx_word' id='word_1_197' title='bbox 1495 2129 1662 2186; x_wconf 88' lang='lat' dir='ltr'><strong>canentium.</strong></span> 
     </span>
    </p>

    <p class='ocr_par' dir='ltr' id='par_1_17' title="bbox 459 2211 1635 2296">
     <span class='ocr_line' id='line_1_22' title="bbox 459 2211 1635 2296; baseline 0.006 -31"><span class='ocrx_word' id='word_1_198' title='bbox 459 2240 550 2296; x_wconf 45' lang='lat' dir='ltr'><strong>xpm·</strong></span> <span class='ocrx_word' id='word_1_199' title='bbox 1068 2211 1162 2269; x_wconf 88' lang='lat' dir='ltr'><strong>Pulsat</strong></span> <span class='ocrx_word' id='word_1_200' title='bbox 1179 2215 1263 2272; x_wconf 86' lang='lat' dir='ltr'><strong>llaria</strong></span> <span class='ocrx_word' id='word_1_201' title='bbox 1277 2229 1359 2272; x_wconf 93' lang='lat' dir='ltr'><strong>soror</strong></span> <span class='ocrx_word' id='word_1_202' title='bbox 1376 2219 1450 2274; x_wconf 82' lang='lat' dir='ltr'><strong>Aron</strong></span> <span class='ocrx_word' id='word_1_203' title='bbox 1466 2223 1635 2288; x_wconf 79' lang='lat' dir='ltr'><strong>tympanum.</strong></span> 
     </span>
    </p>
   </div>
   <div class='ocr_carea' id='block_1_3' title="bbox 88 2302 1661 2470">
    <p class='ocr_par' dir='ltr' id='par_1_18' title="bbox 88 2302 1661 2470">
     <span class='ocr_line' id='line_1_23' title="bbox 99 2302 1661 2451; baseline 0.002 -71"><span class='ocrx_word' id='word_1_204' title='bbox 99 2327 214 2451; x_wconf 58' lang='lat' dir='ltr'><strong>Sagareus</strong></span> <span class='ocrx_word' id='word_1_205' title='bbox 228 2325 336 2398; x_wconf 73' lang='lat' dir='ltr'><strong>hymnus</strong></span> <span class='ocrx_word' id='word_1_206' title='bbox 354 2326 469 2397; x_wconf 75' lang='lat' dir='ltr'><strong>ejusdem</strong></span> <span class='ocrx_word' id='word_1_207' title='bbox 492 2329 607 2384; x_wconf 81' lang='lat' dir='ltr'><strong>auctoris</strong></span> <span class='ocrx_word' id='word_1_208' title='bbox 625 2327 773 2386; x_wconf 86' lang='lat' dir='ltr'><strong>Sennriclis</strong></span> <span class='ocrx_word' id='word_1_209' title='bbox 787 2333 919 2396; x_wconf 75' lang='lat' dir='ltr'><strong>massicus,</strong></span> <span class='ocrx_word' id='word_1_210' title='bbox 1067 2302 1125 2358; x_wconf 49' lang='grc' dir='ltr'><strong>ΗΘΚ</strong></span> <span class='ocrx_word' id='word_1_211' title='bbox 1139 2307 1230 2404; x_wconf 55' lang='grc' dir='ltr'><strong>ΜΨ</strong></span> <span class='ocrx_word' id='word_1_212' title='bbox 1245 2303 1328 2359; x_wconf 57' lang='lat' dir='ltr'><strong>md</strong></span> <span class='ocrx_word' id='word_1_213' title='bbox 1344 2313 1475 2374; x_wconf 58' lang='lat' dir='ltr'><strong>P⁶PS⁰¹¹³²</strong></span> <span class='ocrx_word' id='word_1_214' title='bbox 1490 2306 1661 2406; x_wconf 46' lang='lat' dir='ltr'><strong>misterium·</strong></span> 
     </span>
     <span class='ocr_line' id='line_1_24' title="bbox 88 2390 1594 2470; baseline 0.002 -19"><span class='ocrx_word' id='word_1_215' title='bbox 88 2407 92 2416; x_wconf 91' lang='lat'>·</span> <span class='ocrx_word' id='word_1_216' title='bbox 151 2397 284 2454; x_wconf 84' lang='lat' dir='ltr'><strong>euirtute</strong></span> <span class='ocrx_word' id='word_1_217' title='bbox 311 2397 473 2467; x_wconf 74' lang='lat' dir='ltr'><strong>inutilitatis,</strong></span> <span class='ocrx_word' id='word_1_218' title='bbox 502 2399 631 2470; x_wconf 79' lang='lat' dir='ltr'><strong>superbire</strong></span> <span class='ocrx_word' id='word_1_219' title='bbox 648 2415 681 2454; x_wconf 87' lang='lat' dir='ltr'><strong>ue</strong></span> <span class='ocrx_word' id='word_1_220' title='bbox 709 2401 772 2456; x_wconf 81' lang='lat' dir='ltr'><strong>citio</strong></span> <span class='ocrx_word' id='word_1_221' title='bbox 805 2404 921 2458; x_wconf 82' lang='lat' dir='ltr'><strong>tractore</strong></span> <span class='ocrx_word' id='word_1_222' title='bbox 1068 2390 1101 2446; x_wconf 77' lang='lat' dir='ltr'><strong>El</strong></span> <span class='ocrx_word' id='word_1_223' title='bbox 1120 2391 1284 2449; x_wconf 70' lang='lat' dir='ltr'><strong>Benedictus</strong></span> <span class='ocrx_word' id='word_1_224' title='bbox 1298 2393 1424 2464; x_wconf 76' lang='lat' dir='ltr'><strong>regulare</strong></span> <span class='ocrx_word' id='word_1_225' title='bbox 1440 2407 1594 2464; x_wconf 72' lang='lat' dir='ltr'><strong>bramtum.</strong></span> 
     </span>
    </p>
   </div>
   <div class='ocr_carea' id='block_1_4' title="bbox 130 2416 1631 2665">
    <p class='ocr_par' dir='ltr' id='par_1_19' title="bbox 130 2416 1631 2665">
     <span class='ocr_line' id='line_1_25' title="bbox 133 2416 1631 2556; baseline -0.003 -11"><span class='ocrx_word' id='word_1_226' title='bbox 133 2467 243 2535; x_wconf 57' lang='lat' dir='ltr'><strong>”Willis</strong></span> <span class='ocrx_word' id='word_1_227' title='bbox 274 2471 319 2540; x_wconf 85' lang='lat' dir='ltr'><strong>poi</strong></span> <span class='ocrx_word' id='word_1_228' title='bbox 346 2471 448 2541; x_wconf 80' lang='lat' dir='ltr'><strong>quidem</strong></span> <span class='ocrx_word' id='word_1_229' title='bbox 466 2475 504 2552; x_wconf 65' lang='lat'><strong>⁶1⁹⁸</strong></span> <span class='ocrx_word' id='word_1_230' title='bbox 527 2472 594 2526; x_wconf 63' lang='lat' dir='ltr'><strong>iiiii</strong></span> <span class='ocrx_word' id='word_1_231' title='bbox 619 2416 724 2540; x_wconf 55' lang='lat' dir='ltr'><strong>‘qiam</strong></span> <span class='ocrx_word' id='word_1_232' title='bbox 736 2513 758 2554; x_wconf 63' lang='lat'><strong>2,</strong></span> <span class='ocrx_word' id='word_1_233' title='bbox 770 2471 817 2527; x_wconf 66' lang='lat'><strong>⁸⁶1¹</strong></span> <span class='ocrx_word' id='word_1_234' title='bbox 844 2471 872 2526; x_wconf 75' lang='lat' dir='ltr'><strong>t&#39;ii</strong></span> <span class='ocrx_word' id='word_1_235' title='bbox 889 2486 920 2528; x_wconf 75' lang='lat'><strong>0⁰</strong></span> <span class='ocrx_word' id='word_1_236' title='bbox 1102 2482 1197 2537; x_wconf 78' lang='lat' dir='ltr'><strong>Cernit</strong></span> <span class='ocrx_word' id='word_1_237' title='bbox 1216 2483 1323 2554; x_wconf 90' lang='lat' dir='ltr'><strong>insigne</strong></span> <span class='ocrx_word' id='word_1_238' title='bbox 1339 2484 1408 2554; x_wconf 91' lang='lat' dir='ltr'><strong>legis</strong></span> <span class='ocrx_word' id='word_1_239' title='bbox 1422 2499 1480 2541; x_wconf 81' lang='lat' dir='ltr'><strong>sua</strong></span> <span class='ocrx_word' id='word_1_240' title='bbox 1493 2484 1631 2556; x_wconf 81' lang='lat' dir='ltr'><strong>dogmate,</strong></span> 
     </span>
     <span class='ocr_line' id='line_1_26' title="bbox 130 2541 921 2665; baseline 0.004 -70"><span class='ocrx_word' id='word_1_241' title='bbox 130 2541 290 2665; x_wconf 47' lang='lat' dir='ltr'><strong>genamda,</strong></span> <span class='ocrx_word' id='word_1_242' title='bbox 324 2556 396 2597; x_wconf 86' lang='lat' dir='ltr'><strong>more</strong></span> <span class='ocrx_word' id='word_1_243' title='bbox 423 2555 588 2609; x_wconf 79' lang='lat' dir='ltr'><strong>commotum,</strong></span> <span class='ocrx_word' id='word_1_244' title='bbox 621 2542 702 2599; x_wconf 73' lang='lat' dir='ltr'><strong>mmtc</strong></span> <span class='ocrx_word' id='word_1_245' title='bbox 720 2547 801 2598; x_wconf 76' lang='lat' dir='ltr'><strong>ultim</strong></span> <span class='ocrx_word' id='word_1_246' title='bbox 826 2543 921 2613; x_wconf 85' lang='lat' dir='ltr'><strong>pedum</strong></span> 
     </span>
    </p>
   </div>
   <div class='ocr_carea' id='block_1_5' title="bbox 133 2573 1609 2825">
    <p class='ocr_par' dir='ltr' id='par_1_20' title="bbox 133 2573 1609 2825">
     <span class='ocr_line' id='line_1_27' title="bbox 151 2573 1609 2685; baseline 0.01 -20"><span class='ocrx_word' id='word_1_247' title='bbox 151 2612 246 2668; x_wconf 87' lang='lat' dir='ltr'><strong>centio.</strong></span> <span class='ocrx_word' id='word_1_248' title='bbox 263 2611 338 2668; x_wconf 82' lang='lat' dir='ltr'><strong>Dolet</strong></span> <span class='ocrx_word' id='word_1_249' title='bbox 357 2617 443 2670; x_wconf 84' lang='lat' dir='ltr'><strong>autem</strong></span> <span class='ocrx_word' id='word_1_250' title='bbox 457 2612 518 2668; x_wconf 84' lang='lat' dir='ltr'><strong>mihi</strong></span> <span class='ocrx_word' id='word_1_251' title='bbox 536 2615 664 2685; x_wconf 66' lang='lat' dir='ltr'><strong>repsisse</strong></span> <span class='ocrx_word' id='word_1_252' title='bbox 688 2615 716 2669; x_wconf 85' lang='lat' dir='ltr'><strong>in</strong></span> <span class='ocrx_word' id='word_1_253' title='bbox 738 2629 768 2670; x_wconf 89' lang='lat' dir='ltr'><strong>eo</strong></span> <span class='ocrx_word' id='word_1_254' title='bbox 793 2615 921 2684; x_wconf 81' lang='lat' dir='ltr'><strong>quosdam</strong></span> <span class='ocrx_word' id='word_1_255' title='bbox 1070 2573 1144 2673; x_wconf 54' lang='lat' dir='ltr'><strong>mer</strong></span> <span class='ocrx_word' id='word_1_256' title='bbox 1158 2574 1271 2677; x_wconf 41' lang='lat' dir='ltr'><strong>ignfws&#39;</strong></span> <span class='ocrx_word' id='word_1_257' title='bbox 1287 2581 1315 2631; x_wconf 57' lang='lat' dir='ltr'><strong>et</strong></span> <span class='ocrx_word' id='word_1_258' title='bbox 1329 2575 1489 2677; x_wconf 38' lang='lat' dir='ltr'>⁰⁰⁰den⁵⁰ff</span> <span class='ocrx_word' id='word_1_259' title='bbox 1501 2575 1609 2646; x_wconf 50' lang='lat' dir='ltr'><strong>lamam</strong></span> 
     </span>
     <span class='ocr_line' id='line_1_28' title="bbox 133 2662 1535 2767; baseline 0.004 -31"><span class='ocrx_word' id='word_1_260' title='bbox 133 2681 258 2739; x_wconf 81' lang='lat' dir='ltr'><strong>dictbrnes</strong></span> <span class='ocrx_word' id='word_1_261' title='bbox 276 2684 338 2740; x_wconf 87' lang='lat' dir='ltr'><strong>citio</strong></span> <span class='ocrx_word' id='word_1_262' title='bbox 361 2684 499 2756; x_wconf 83' lang='lat' dir='ltr'><strong>scriptoris</strong></span> <span class='ocrx_word' id='word_1_263' title='bbox 517 2689 665 2756; x_wconf 87' lang='lat' dir='ltr'><strong>corruptos,</strong></span> <span class='ocrx_word' id='word_1_264' title='bbox 694 2700 760 2758; x_wconf 85' lang='lat' dir='ltr'><strong>quos</strong></span> <span class='ocrx_word' id='word_1_265' title='bbox 789 2685 921 2755; x_wconf 72' lang='lat' dir='ltr'><strong>cormacus</strong></span> <span class='ocrx_word' id='word_1_266' title='bbox 1067 2662 1163 2762; x_wconf 58' lang='lat' dir='ltr'>Nfft⁰f⁶</span> <span class='ocrx_word' id='word_1_267' title='bbox 1178 2677 1249 2721; x_wconf 66' lang='lat' dir='ltr'><strong>¹¹¹¹s⁰</strong></span> <span class='ocrx_word' id='word_1_268' title='bbox 1266 2678 1415 2723; x_wconf 65' lang='lat' dir='ltr'><strong>⁰⁰s¹¹⁵⁰³f⁰</strong></span> <span class='ocrx_word' id='word_1_269' title='bbox 1432 2671 1535 2767; x_wconf 57' lang='lat' dir='ltr'><strong>palliis</strong></span> 
     </span>
     <span class='ocr_line' id='line_1_29' title="bbox 133 2751 1587 2825; baseline 0 -15"><span class='ocrx_word' id='word_1_270' title='bbox 133 2754 243 2825; x_wconf 74' lang='lat' dir='ltr'><strong>mpsim.</strong></span> <span class='ocrx_word' id='word_1_271' title='bbox 1069 2751 1181 2807; x_wconf 84' lang='lat' dir='ltr'><strong>linatur</strong></span> <span class='ocrx_word' id='word_1_272' title='bbox 1199 2766 1280 2824; x_wconf 89' lang='lat' dir='ltr'><strong>opus,</strong></span> <span class='ocrx_word' id='word_1_273' title='bbox 1295 2759 1324 2810; x_wconf 94' lang='lat' dir='ltr'><strong>et</strong></span> <span class='ocrx_word' id='word_1_274' title='bbox 1337 2753 1431 2811; x_wconf 90' lang='lat' dir='ltr'><strong>laudat</strong></span> <span class='ocrx_word' id='word_1_275' title='bbox 1445 2755 1587 2812; x_wconf 81' lang='lat' dir='ltr'><strong>artificem.</strong></span> 
     </span>
    </p>
   </div>
   <div class='ocr_carea' id='block_1_6' title="bbox 200 2842 804 4071">
    <p class='ocr_par' dir='ltr' id='par_1_21' title="bbox 200 2842 804 4071">
     <span class='ocr_line' id='line_1_30' title="bbox 237 2842 723 2914; baseline 0.008 -16"><span class='ocrx_word' id='word_1_276' title='bbox 237 2842 359 2900; x_wconf 85' lang='lat' dir='ltr'><strong>Gaudete</strong></span> <span class='ocrx_word' id='word_1_277' title='bbox 371 2843 449 2913; x_wconf 80' lang='lat' dir='ltr'><strong>justi,</strong></span> <span class='ocrx_word' id='word_1_278' title='bbox 467 2843 548 2900; x_wconf 88' lang='lat' dir='ltr'><strong>mites</strong></span> <span class='ocrx_word' id='word_1_279' title='bbox 562 2850 590 2901; x_wconf 93' lang='lat' dir='ltr'><strong>et</strong></span> <span class='ocrx_word' id='word_1_280' title='bbox 605 2845 723 2914; x_wconf 88' lang='lat' dir='ltr'><strong>pacidci,</strong></span> 
     </span>
     <span class='ocr_line' id='line_1_31' title="bbox 203 2931 724 3004; baseline 0.008 -18"><span class='ocrx_word' id='word_1_281' title='bbox 203 2931 237 2987; x_wconf 77' lang='lat' dir='ltr'><strong>ht</strong></span> <span class='ocrx_word' id='word_1_282' title='bbox 255 2944 351 2988; x_wconf 89' lang='lat' dir='ltr'><strong>omnes</strong></span> <span class='ocrx_word' id='word_1_283' title='bbox 365 2933 433 2989; x_wconf 88' lang='lat' dir='ltr'><strong>recti</strong></span> <span class='ocrx_word' id='word_1_284' title='bbox 454 2933 537 2990; x_wconf 88' lang='lat' dir='ltr'><strong>corde</strong></span> <span class='ocrx_word' id='word_1_285' title='bbox 557 2933 724 3004; x_wconf 79' lang='lat' dir='ltr'><strong>gloriamini,</strong></span> 
     </span>
     <span class='ocr_line' id='line_1_32' title="bbox 202 3020 777 3093; baseline 0.005 -17"><span class='ocrx_word' id='word_1_286' title='bbox 202 3020 316 3091; x_wconf 90' lang='lat' dir='ltr'><strong>Semper</strong></span> <span class='ocrx_word' id='word_1_287' title='bbox 335 3021 470 3078; x_wconf 89' lang='lat' dir='ltr'><strong>manentis</strong></span> <span class='ocrx_word' id='word_1_288' title='bbox 488 3035 663 3093; x_wconf 87' lang='lat' dir='ltr'><strong>possessores</strong></span> <span class='ocrx_word' id='word_1_289' title='bbox 681 3024 777 3081; x_wconf 87' lang='lat' dir='ltr'><strong>bravii.</strong></span> 
     </span>
     <span class='ocr_line' id='line_1_33' title="bbox 203 3107 692 3181; baseline 0.012 -20"><span class='ocrx_word' id='word_1_290' title='bbox 203 3107 265 3165; x_wconf 80' lang='lat' dir='ltr'><strong>Filii</strong></span> <span class='ocrx_word' id='word_1_291' title='bbox 284 3111 343 3178; x_wconf 83' lang='lat' dir='ltr'><strong>liei,</strong></span> <span class='ocrx_word' id='word_1_292' title='bbox 363 3117 560 3181; x_wconf 92' lang='lat' dir='ltr'><strong>conspectores</strong></span> <span class='ocrx_word' id='word_1_293' title='bbox 575 3113 692 3169; x_wconf 85' lang='lat' dir='ltr'><strong>bomini.</strong></span> 
     </span>
     <span class='ocr_line' id='line_1_34' title="bbox 202 3197 686 3272; baseline 0.008 -20"><span class='ocrx_word' id='word_1_294' title='bbox 202 3197 250 3253; x_wconf 93' lang='lat' dir='ltr'><strong>Sic</strong></span> <span class='ocrx_word' id='word_1_295' title='bbox 265 3198 334 3254; x_wconf 92' lang='lat' dir='ltr'><strong>ordo</strong></span> <span class='ocrx_word' id='word_1_296' title='bbox 349 3201 420 3255; x_wconf 91' lang='lat' dir='ltr'><strong>sacri</strong></span> <span class='ocrx_word' id='word_1_297' title='bbox 440 3205 556 3256; x_wconf 89' lang='lat' dir='ltr'><strong>testatur</strong></span> <span class='ocrx_word' id='word_1_298' title='bbox 570 3201 686 3272; x_wconf 86' lang='lat' dir='ltr'><strong>eloquii.</strong></span> 
     </span>
     <span class='ocr_line' id='line_1_35' title="bbox 238 3286 804 3362; baseline 0.009 -21"><span class='ocrx_word' id='word_1_299' title='bbox 238 3286 268 3341; x_wconf 91' lang='lat' dir='ltr'><strong>iu</strong></span> <span class='ocrx_word' id='word_1_300' title='bbox 283 3287 364 3344; x_wconf 89' lang='lat' dir='ltr'><strong>uobis</strong></span> <span class='ocrx_word' id='word_1_301' title='bbox 383 3288 494 3358; x_wconf 84' lang='lat' dir='ltr'><strong>quidem</strong></span> <span class='ocrx_word' id='word_1_302' title='bbox 513 3299 625 3347; x_wconf 85' lang='lat' dir='ltr'><strong>sauctus</strong></span> <span class='ocrx_word' id='word_1_303' title='bbox 643 3291 691 3347; x_wconf 92' lang='lat' dir='ltr'><strong>ilie</strong></span> <span class='ocrx_word' id='word_1_304' title='bbox 701 3291 804 3362; x_wconf 86' lang='lat' dir='ltr'><strong>jugiter</strong></span> 
     </span>
     <span class='ocr_line' id='line_1_36' title="bbox 201 3375 620 3449; baseline 0.017 -20"><span class='ocrx_word' id='word_1_305' title='bbox 201 3375 320 3446; x_wconf 89' lang='lat' dir='ltr'><strong>Spiritus</strong></span> <span class='ocrx_word' id='word_1_306' title='bbox 334 3377 455 3447; x_wconf 92' lang='lat' dir='ltr'><strong>pietatis,</strong></span> <span class='ocrx_word' id='word_1_307' title='bbox 476 3379 620 3449; x_wconf 84' lang='lat' dir='ltr'><strong>saptentiae</strong></span> 
     </span>
     <span class='ocr_line' id='line_1_37' title="bbox 202 3464 688 3536; baseline 0.012 -18"><span class='ocrx_word' id='word_1_308' title='bbox 202 3465 235 3519; x_wconf 86' lang='lat' dir='ltr'><strong>Et</strong></span> <span class='ocrx_word' id='word_1_309' title='bbox 248 3464 416 3534; x_wconf 90' lang='lat' dir='ltr'><strong>intellectus,</strong></span> <span class='ocrx_word' id='word_1_310' title='bbox 429 3466 547 3536; x_wconf 89' lang='lat' dir='ltr'><strong>timoris,</strong></span> <span class='ocrx_word' id='word_1_311' title='bbox 564 3469 688 3524; x_wconf 75' lang='lat' dir='ltr'><strong>scicntia</strong></span> 
     </span>
     <span class='ocr_line' id='line_1_38' title="bbox 201 3554 642 3624; baseline 0.009 -15"><span class='ocrx_word' id='word_1_312' title='bbox 201 3554 327 3620; x_wconf 84' lang='lat' dir='ltr'><strong>Consilii,</strong></span> <span class='ocrx_word' id='word_1_313' title='bbox 343 3554 513 3612; x_wconf 81' lang='lat' dir='ltr'><strong>fortitudinis</strong></span> <span class='ocrx_word' id='word_1_314' title='bbox 527 3556 642 3624; x_wconf 89' lang='lat' dir='ltr'><strong>residet,</strong></span> 
     </span>
     <span class='ocr_line' id='line_1_39' title="bbox 203 3643 803 3720; baseline 0.008 -23"><span class='ocrx_word' id='word_1_315' title='bbox 203 3643 327 3720; x_wconf 73' lang='lat' dir='ltr'><strong>Largiter</strong></span> <span class='ocrx_word' id='word_1_316' title='bbox 340 3643 408 3700; x_wconf 91' lang='lat' dir='ltr'><strong>satis</strong></span> <span class='ocrx_word' id='word_1_317' title='bbox 427 3657 648 3716; x_wconf 85' lang='lat' dir='ltr'><strong>unumquemque</strong></span> <span class='ocrx_word' id='word_1_318' title='bbox 667 3647 803 3703; x_wconf 91' lang='lat' dir='ltr'><strong>imbuens.</strong></span> 
     </span>
     <span class='ocr_line' id='line_1_40' title="bbox 239 3732 721 3805; baseline 0.008 -18"><span class='ocrx_word' id='word_1_319' title='bbox 239 3732 423 3788; x_wconf 86' lang='lat' dir='ltr'><strong>inenarranda</strong></span> <span class='ocrx_word' id='word_1_320' title='bbox 437 3735 546 3790; x_wconf 87' lang='lat' dir='ltr'><strong>bomini</strong></span> <span class='ocrx_word' id='word_1_321' title='bbox 562 3740 604 3790; x_wconf 90' lang='lat' dir='ltr'><strong>est</strong></span> <span class='ocrx_word' id='word_1_322' title='bbox 623 3736 721 3805; x_wconf 90' lang='lat' dir='ltr'><strong>pietas,</strong></span> 
     </span>
     <span class='ocr_line' id='line_1_41' title="bbox 200 3821 712 3895; baseline 0.006 -18"><span class='ocrx_word' id='word_1_323' title='bbox 200 3821 250 3888; x_wconf 85' lang='lat' dir='ltr'><strong>Qui</strong></span> <span class='ocrx_word' id='word_1_324' title='bbox 265 3825 369 3878; x_wconf 89' lang='lat' dir='ltr'><strong>tanturn</strong></span> <span class='ocrx_word' id='word_1_325' title='bbox 384 3823 470 3878; x_wconf 91' lang='lat' dir='ltr'><strong>corda</strong></span> <span class='ocrx_word' id='word_1_326' title='bbox 484 3822 575 3895; x_wconf 87' lang='lat' dir='ltr'><strong>diligit</strong></span> <span class='ocrx_word' id='word_1_327' title='bbox 589 3823 712 3893; x_wconf 90' lang='lat' dir='ltr'><strong>humilia,</strong></span> 
     </span>
     <span class='ocr_line' id='line_1_42' title="bbox 201 3910 678 3984; baseline 0.004 -17"><span class='ocrx_word' id='word_1_328' title='bbox 201 3912 236 3968; x_wconf 90' lang='lat' dir='ltr'><strong>Ut</strong></span> <span class='ocrx_word' id='word_1_329' title='bbox 254 3924 286 3968; x_wconf 89' lang='lat' dir='ltr'><strong>ea</strong></span> <span class='ocrx_word' id='word_1_330' title='bbox 301 3911 412 3981; x_wconf 90' lang='lat' dir='ltr'><strong>replens</strong></span> <span class='ocrx_word' id='word_1_331' title='bbox 423 3910 576 3982; x_wconf 79' lang='lat' dir='ltr'><strong>septiformi</strong></span> <span class='ocrx_word' id='word_1_332' title='bbox 591 3913 678 3984; x_wconf 90' lang='lat' dir='ltr'><strong>gratia</strong></span> 
     </span>
     <span class='ocr_line' id='line_1_43' title="bbox 200 4001 681 4071; baseline 0.008 -15"><span class='ocrx_word' id='word_1_333' title='bbox 200 4001 319 4071; x_wconf 89' lang='lat' dir='ltr'><strong>Spiritus</strong></span> <span class='ocrx_word' id='word_1_334' title='bbox 332 4001 374 4057; x_wconf 87' lang='lat' dir='ltr'><strong>sui</strong></span> <span class='ocrx_word' id='word_1_335' title='bbox 394 4001 496 4059; x_wconf 91' lang='lat' dir='ltr'><strong>condat</strong></span> <span class='ocrx_word' id='word_1_336' title='bbox 515 4003 681 4070; x_wconf 91' lang='lat' dir='ltr'><strong>habitacula,</strong></span> 
     </span>
    </p>
   </div>
   <div class='ocr_carea' id='block_1_7' title="bbox 198 4088 843 4162">
    <p class='ocr_par' dir='ltr' id='par_1_22' title="bbox 198 4088 843 4162">
     <span class='ocr_line' id='line_1_44' title="bbox 198 4088 843 4162; baseline 0.005 -17"><span class='ocrx_word' id='word_1_337' title='bbox 198 4090 283 4160; x_wconf 83' lang='lat' dir='ltr'><strong>Cujus</strong></span> <span class='ocrx_word' id='word_1_338' title='bbox 300 4095 343 4146; x_wconf 94' lang='lat' dir='ltr'><strong>est</strong></span> <span class='ocrx_word' id='word_1_339' title='bbox 357 4088 462 4146; x_wconf 92' lang='lat' dir='ltr'><strong>lructus</strong></span> <span class='ocrx_word' id='word_1_340' title='bbox 475 4091 615 4162; x_wconf 87' lang='lat' dir='ltr'><strong>gaudium,</strong></span> <span class='ocrx_word' id='word_1_341' title='bbox 635 4106 698 4162; x_wconf 85' lang='lat' dir='ltr'><strong>pax,</strong></span> <span class='ocrx_word' id='word_1_342' title='bbox 715 4093 843 4150; x_wconf 90' lang='lat' dir='ltr'><strong>charitas.</strong></span> 
     </span>
    </p>
   </div>
   <div class='ocr_carea' id='block_1_8' title="bbox 197 4178 827 5674">
    <p class='ocr_par' dir='ltr' id='par_1_23' title="bbox 198 4178 719 4340">
     <span class='ocr_line' id='line_1_45' title="bbox 236 4178 719 4252; baseline 0.004 -18"><span class='ocrx_word' id='word_1_343' title='bbox 236 4178 338 4235; x_wconf 90' lang='lat' dir='ltr'><strong>Sternit</strong></span> <span class='ocrx_word' id='word_1_344' title='bbox 352 4178 432 4242; x_wconf 90' lang='lat' dir='ltr'><strong>elata,</strong></span> <span class='ocrx_word' id='word_1_345' title='bbox 449 4178 540 4236; x_wconf 82' lang='lat' dir='ltr'><strong>fundit</strong></span> <span class='ocrx_word' id='word_1_346' title='bbox 553 4181 719 4252; x_wconf 87' lang='lat' dir='ltr'><strong>arrogantia,</strong></span> 
     </span>
     <span class='ocr_line' id='line_1_46' title="bbox 198 4265 702 4340; baseline 0.002 -16"><span class='ocrx_word' id='word_1_347' title='bbox 198 4265 315 4324; x_wconf 91' lang='lat' dir='ltr'><strong>Bracbio</strong></span> <span class='ocrx_word' id='word_1_348' title='bbox 329 4281 380 4324; x_wconf 91' lang='lat' dir='ltr'><strong>suo</strong></span> <span class='ocrx_word' id='word_1_349' title='bbox 395 4269 517 4325; x_wconf 91' lang='lat' dir='ltr'><strong>conterit</strong></span> <span class='ocrx_word' id='word_1_350' title='bbox 535 4270 702 4340; x_wconf 74' lang='lat' dir='ltr'><strong>praelustria.</strong></span> 
     </span>
    </p>

    <p class='ocr_par' dir='ltr' id='par_1_24' title="bbox 198 4355 827 4604">
     <span class='ocr_line' id='line_1_47' title="bbox 198 4355 805 4433; baseline 0.012 -22"><span class='ocrx_word' id='word_1_351' title='bbox 198 4356 243 4412; x_wconf 85' lang='lat' dir='ltr'><strong>Sic</strong></span> <span class='ocrx_word' id='word_1_352' title='bbox 258 4355 396 4426; x_wconf 86' lang='lat' dir='ltr'><strong>quondam</strong></span> <span class='ocrx_word' id='word_1_353' title='bbox 412 4371 517 4414; x_wconf 89' lang='lat' dir='ltr'><strong>summa</strong></span> <span class='ocrx_word' id='word_1_354' title='bbox 532 4359 688 4416; x_wconf 87' lang='lat' dir='ltr'><strong>redimitum</strong></span> <span class='ocrx_word' id='word_1_355' title='bbox 707 4360 805 4433; x_wconf 87' lang='lat' dir='ltr'><strong>gloria,</strong></span> 
     </span>
     <span class='ocr_line' id='line_1_48' title="bbox 198 4445 827 4518; baseline -0.003 -16"><span class='ocrx_word' id='word_1_356' title='bbox 198 4446 250 4502; x_wconf 84' lang='lat' dir='ltr'><strong>Pro</strong></span> <span class='ocrx_word' id='word_1_357' title='bbox 265 4445 324 4502; x_wconf 92' lang='lat' dir='ltr'><strong>sola</strong></span> <span class='ocrx_word' id='word_1_358' title='bbox 339 4450 442 4503; x_wconf 91' lang='lat' dir='ltr'><strong>tantum</strong></span> <span class='ocrx_word' id='word_1_359' title='bbox 457 4448 584 4518; x_wconf 90' lang='lat' dir='ltr'><strong>angelum</strong></span> <span class='ocrx_word' id='word_1_360' title='bbox 603 4449 732 4518; x_wconf 92' lang='lat' dir='ltr'><strong>superbla</strong></span> <span class='ocrx_word' id='word_1_361' title='bbox 821 4489 827 4500; x_wconf 92' lang='lat'><strong>.</strong></span> 
     </span>
     <span class='ocr_line' id='line_1_49' title="bbox 198 4533 611 4604; baseline -0.002 -15"><span class='ocrx_word' id='word_1_362' title='bbox 198 4533 339 4590; x_wconf 80' lang='lat' dir='ltr'><strong>Felicitate</strong></span> <span class='ocrx_word' id='word_1_363' title='bbox 355 4533 457 4604; x_wconf 92' lang='lat' dir='ltr'><strong>repulit</strong></span> <span class='ocrx_word' id='word_1_364' title='bbox 468 4538 611 4604; x_wconf 91' lang='lat' dir='ltr'><strong>perpetua.</strong></span> 
     </span>
    </p>

    <p class='ocr_par' dir='ltr' id='par_1_25' title="bbox 197 4622 825 5052">
     <span class='ocr_line' id='line_1_50' title="bbox 232 4622 825 4693; baseline 0.005 -14"><span class='ocrx_word' id='word_1_365' title='bbox 232 4622 282 4691; x_wconf 88' lang='lat' dir='ltr'><strong>Qui</strong></span> <span class='ocrx_word' id='word_1_366' title='bbox 298 4630 353 4679; x_wconf 88' lang='lat' dir='ltr'><strong>tarn</strong></span> <span class='ocrx_word' id='word_1_367' title='bbox 367 4623 514 4690; x_wconf 90' lang='lat' dir='ltr'><strong>lormosus,</strong></span> <span class='ocrx_word' id='word_1_368' title='bbox 531 4627 559 4680; x_wconf 91' lang='lat' dir='ltr'><strong>et</strong></span> <span class='ocrx_word' id='word_1_369' title='bbox 578 4622 696 4681; x_wconf 91' lang='lat' dir='ltr'><strong>decorus</strong></span> <span class='ocrx_word' id='word_1_370' title='bbox 710 4625 825 4693; x_wconf 83' lang='lat' dir='ltr'><strong>exstitit,</strong></span> 
     </span>
     <span class='ocr_line' id='line_1_51' title="bbox 200 4711 705 4782; baseline 0.002 -15"><span class='ocrx_word' id='word_1_371' title='bbox 200 4714 234 4768; x_wconf 85' lang='lat' dir='ltr'><strong>tit</strong></span> <span class='ocrx_word' id='word_1_372' title='bbox 252 4711 321 4768; x_wconf 91' lang='lat' dir='ltr'><strong>nihil</strong></span> <span class='ocrx_word' id='word_1_373' title='bbox 340 4712 413 4767; x_wconf 92' lang='lat' dir='ltr'><strong>intra</strong></span> <span class='ocrx_word' id='word_1_374' title='bbox 428 4711 583 4782; x_wconf 88' lang='lat' dir='ltr'><strong>paradisum</strong></span> <span class='ocrx_word' id='word_1_375' title='bbox 597 4713 705 4769; x_wconf 85' lang='lat' dir='ltr'><strong>Domini</strong></span> 
     </span>
     <span class='ocr_line' id='line_1_52' title="bbox 198 4801 718 4872; baseline 0.004 -15"><span class='ocrx_word' id='word_1_376' title='bbox 198 4802 310 4872; x_wconf 76' lang='lat' dir='ltr'><strong>AEquari</strong></span> <span class='ocrx_word' id='word_1_377' title='bbox 325 4805 420 4872; x_wconf 86' lang='lat' dir='ltr'><strong>posset</strong></span> <span class='ocrx_word' id='word_1_378' title='bbox 434 4802 493 4872; x_wconf 82' lang='lat' dir='ltr'><strong>ejus</strong></span> <span class='ocrx_word' id='word_1_379' title='bbox 508 4801 718 4872; x_wconf 91' lang='lat' dir='ltr'><strong>pulchritudini.</strong></span> 
     </span>
     <span class='ocr_line' id='line_1_53' title="bbox 197 4891 684 4959; baseline 0.006 -13"><span class='ocrx_word' id='word_1_380' title='bbox 197 4891 315 4959; x_wconf 87' lang='lat' dir='ltr'><strong>Platani,</strong></span> <span class='ocrx_word' id='word_1_381' title='bbox 331 4891 408 4946; x_wconf 91' lang='lat' dir='ltr'><strong>cedri</strong></span> <span class='ocrx_word' id='word_1_382' title='bbox 422 4896 516 4947; x_wconf 82' lang='lat' dir='ltr'><strong>uertex</strong></span> <span class='ocrx_word' id='word_1_383' title='bbox 534 4905 567 4948; x_wconf 90' lang='lat' dir='ltr'><strong>ac</strong></span> <span class='ocrx_word' id='word_1_384' title='bbox 585 4891 684 4949; x_wconf 90' lang='lat' dir='ltr'><strong>abietis</strong></span> 
     </span>
     <span class='ocr_line' id='line_1_54' title="bbox 199 4979 731 5052; baseline 0.008 -17"><span class='ocrx_word' id='word_1_385' title='bbox 199 4979 355 5036; x_wconf 84' lang='lat' dir='ltr'><strong>Frondibus</strong></span> <span class='ocrx_word' id='word_1_386' title='bbox 369 4981 428 5049; x_wconf 78' lang='lat' dir='ltr'><strong>elus</strong></span> <span class='ocrx_word' id='word_1_387' title='bbox 442 4993 498 5037; x_wconf 92' lang='lat' dir='ltr'><strong>nou</strong></span> <span class='ocrx_word' id='word_1_388' title='bbox 511 4979 563 5036; x_wconf 92' lang='lat' dir='ltr'><strong>luit</strong></span> <span class='ocrx_word' id='word_1_389' title='bbox 578 4981 731 5052; x_wconf 78' lang='lat' dir='ltr'><strong>aquatilis.</strong></span> 
     </span>
    </p>

    <p class='ocr_par' dir='ltr' id='par_1_26' title="bbox 198 5069 682 5230">
     <span class='ocr_line' id='line_1_55' title="bbox 235 5069 680 5142; baseline 0.004 -17"><span class='ocrx_word' id='word_1_390' title='bbox 235 5069 428 5125; x_wconf 91' lang='lat' dir='ltr'><strong>Similitudinis</strong></span> <span class='ocrx_word' id='word_1_391' title='bbox 442 5070 491 5126; x_wconf 84' lang='lat' dir='ltr'><strong>liei</strong></span> <span class='ocrx_word' id='word_1_392' title='bbox 509 5071 680 5142; x_wconf 85' lang='lat' dir='ltr'><strong>signaculum</strong></span> 
     </span>
     <span class='ocr_line' id='line_1_56' title="bbox 198 5159 682 5230; baseline 0 -16"><span class='ocrx_word' id='word_1_393' title='bbox 198 5159 263 5214; x_wconf 85' lang='lat' dir='ltr'><strong>Erat</strong></span> <span class='ocrx_word' id='word_1_394' title='bbox 277 5159 395 5215; x_wconf 91' lang='lat' dir='ltr'><strong>decorus</strong></span> <span class='ocrx_word' id='word_1_395' title='bbox 409 5159 502 5230; x_wconf 92' lang='lat' dir='ltr'><strong>specie</strong></span> <span class='ocrx_word' id='word_1_396' title='bbox 512 5160 682 5230; x_wconf 78' lang='lat' dir='ltr'><strong>praenimius.</strong></span> 
     </span>
    </p>

    <p class='ocr_par' dir='ltr' id='par_1_27' title="bbox 197 5245 806 5674">
     <span class='ocr_line' id='line_1_57' title="bbox 197 5245 753 5318; baseline 0.005 -14"><span class='ocrx_word' id='word_1_397' title='bbox 197 5247 281 5317; x_wconf 85' lang='lat' dir='ltr'><strong>Cujus</strong></span> <span class='ocrx_word' id='word_1_398' title='bbox 295 5248 323 5303; x_wconf 92' lang='lat' dir='ltr'><strong>in</strong></span> <span class='ocrx_word' id='word_1_399' title='bbox 337 5253 412 5304; x_wconf 89' lang='lat' dir='ltr'><strong>veste</strong></span> <span class='ocrx_word' id='word_1_400' title='bbox 428 5245 541 5305; x_wconf 91' lang='lat' dir='ltr'><strong>iuiserat</strong></span> <span class='ocrx_word' id='word_1_401' title='bbox 559 5249 753 5318; x_wconf 86' lang='lat' dir='ltr'><strong>carbunculus,</strong></span> 
     </span>
     <span class='ocr_line' id='line_1_58' title="bbox 197 5335 793 5409; baseline 0.008 -18"><span class='ocrx_word' id='word_1_402' title='bbox 197 5335 359 5406; x_wconf 91' lang='lat' dir='ltr'><strong>Sapphirus,</strong></span> <span class='ocrx_word' id='word_1_403' title='bbox 373 5336 470 5406; x_wconf 81' lang='lat' dir='ltr'><strong>jaspis,</strong></span> <span class='ocrx_word' id='word_1_404' title='bbox 486 5337 581 5404; x_wconf 89' lang='lat' dir='ltr'><strong>salius,</strong></span> <span class='ocrx_word' id='word_1_405' title='bbox 598 5337 793 5409; x_wconf 82' lang='lat' dir='ltr'><strong>chrysolithus,</strong></span> 
     </span>
     <span class='ocr_line' id='line_1_59' title="bbox 197 5423 767 5496; baseline 0.007 -16"><span class='ocrx_word' id='word_1_406' title='bbox 197 5423 372 5494; x_wconf 79' lang='lat' dir='ltr'><strong>smaragdus,</strong></span> <span class='ocrx_word' id='word_1_407' title='bbox 389 5435 471 5496; x_wconf 82' lang='lat' dir='ltr'><strong>onyx,</strong></span> <span class='ocrx_word' id='word_1_408' title='bbox 492 5423 616 5492; x_wconf 81' lang='lat' dir='ltr'><strong>berillus,</strong></span> <span class='ocrx_word' id='word_1_409' title='bbox 633 5427 767 5496; x_wconf 91' lang='lat' dir='ltr'><strong>topazius.</strong></span> 
     </span>
     <span class='ocr_line' id='line_1_60' title="bbox 234 5511 806 5586; baseline 0.012 -18"><span class='ocrx_word' id='word_1_410' title='bbox 234 5511 331 5569; x_wconf 89' lang='lat' dir='ltr'><strong>iulelbr</strong></span> <span class='ocrx_word' id='word_1_411' title='bbox 346 5512 439 5580; x_wconf 90' lang='lat' dir='ltr'><strong>homo,</strong></span> <span class='ocrx_word' id='word_1_412' title='bbox 455 5511 532 5582; x_wconf 88' lang='lat' dir='ltr'><strong>quid,</strong></span> <span class='ocrx_word' id='word_1_413' title='bbox 553 5527 614 5569; x_wconf 90' lang='lat' dir='ltr'><strong>cum</strong></span> <span class='ocrx_word' id='word_1_414' title='bbox 629 5515 806 5586; x_wconf 89' lang='lat' dir='ltr'><strong>superbierit,</strong></span> 
     </span>
     <span class='ocr_line' id='line_1_61' title="bbox 199 5600 663 5674; baseline 0 -16"><span class='ocrx_word' id='word_1_415' title='bbox 199 5601 332 5658; x_wconf 76' lang='lat' dir='ltr'><strong>diationis</strong></span> <span class='ocrx_word' id='word_1_416' title='bbox 345 5600 460 5660; x_wconf 88' lang='lat' dir='ltr'><strong>crimine</strong></span> <span class='ocrx_word' id='word_1_417' title='bbox 474 5615 604 5674; x_wconf 88' lang='lat' dir='ltr'><strong>passums</strong></span> <span class='ocrx_word' id='word_1_418' title='bbox 617 5602 663 5671; x_wconf 91' lang='lat' dir='ltr'><strong>sit,</strong></span> 
     </span>
    </p>
   </div>
   <div class='ocr_carea' id='block_1_9' title="bbox 1007 2838 1740 5676">
    <p class='ocr_par' dir='ltr' id='par_1_28' title="bbox 1007 2838 1740 5676">
     <span class='ocr_line' id='line_1_62' title="bbox 1068 2838 1574 2914; baseline 0.01 -20"><span class='ocrx_word' id='word_1_419' title='bbox 1068 2838 1135 2896; x_wconf 92' lang='lat' dir='ltr'><strong>inde</strong></span> <span class='ocrx_word' id='word_1_420' title='bbox 1149 2841 1284 2898; x_wconf 91' lang='lat' dir='ltr'><strong>scolarem</strong></span> <span class='ocrx_word' id='word_1_421' title='bbox 1300 2842 1415 2898; x_wconf 93' lang='lat' dir='ltr'><strong>rimatur</strong></span> <span class='ocrx_word' id='word_1_422' title='bbox 1429 2843 1574 2914; x_wconf 86' lang='lat' dir='ltr'><strong>originem,</strong></span> 
     </span>
     <span class='ocr_line' id='line_1_63' title="bbox 1103 2929 1680 3000; baseline 0.003 -14"><span class='ocrx_word' id='word_1_423' title='bbox 1103 2929 1217 2986; x_wconf 87' lang='lat' dir='ltr'><strong>hccedit</strong></span> <span class='ocrx_word' id='word_1_424' title='bbox 1232 2931 1351 3000; x_wconf 90' lang='lat' dir='ltr'><strong>ilaurus,</strong></span> <span class='ocrx_word' id='word_1_425' title='bbox 1367 2932 1535 3000; x_wconf 80' lang='lat' dir='ltr'><strong>Honoratus,</strong></span> <span class='ocrx_word' id='word_1_426' title='bbox 1551 2931 1680 2990; x_wconf 88' lang='lat' dir='ltr'><strong>Placidus</strong></span> 
     </span>
     <span class='ocr_line' id='line_1_64' title="bbox 1068 3017 1678 3092; baseline 0.003 -19"><span class='ocrx_word' id='word_1_427' title='bbox 1068 3017 1102 3073; x_wconf 83' lang='lat' dir='ltr'><strong>Et</strong></span> <span class='ocrx_word' id='word_1_428' title='bbox 1119 3019 1325 3088; x_wconf 84' lang='lat' dir='ltr'><strong>Constantinus,</strong></span> <span class='ocrx_word' id='word_1_429' title='bbox 1341 3021 1456 3077; x_wconf 89' lang='lat' dir='ltr'><strong>Faustus</strong></span> <span class='ocrx_word' id='word_1_430' title='bbox 1470 3025 1499 3077; x_wconf 90' lang='lat' dir='ltr'><strong>et</strong></span> <span class='ocrx_word' id='word_1_431' title='bbox 1510 3020 1678 3092; x_wconf 90' lang='lat' dir='ltr'><strong>Simplicius.</strong></span> 
     </span>
     <span class='ocr_line' id='line_1_65' title="bbox 1067 3106 1557 3166; baseline 0.004 -4"><span class='ocrx_word' id='word_1_432' title='bbox 1067 3106 1151 3163; x_wconf 89' lang='lat' dir='ltr'><strong>Beato</strong></span> <span class='ocrx_word' id='word_1_433' title='bbox 1166 3107 1240 3163; x_wconf 89' lang='lat' dir='ltr'><strong>Petri</strong></span> <span class='ocrx_word' id='word_1_434' title='bbox 1255 3121 1351 3164; x_wconf 92' lang='lat' dir='ltr'><strong>omues</strong></span> <span class='ocrx_word' id='word_1_435' title='bbox 1369 3109 1408 3164; x_wconf 91' lang='lat' dir='ltr'><strong>ita</strong></span> <span class='ocrx_word' id='word_1_436' title='bbox 1422 3107 1557 3166; x_wconf 78' lang='lat' dir='ltr'><strong>referunt.</strong></span> 
     </span>
     <span class='ocr_line' id='line_1_66' title="bbox 1067 3196 1659 3270; baseline 0.002 -19"><span class='ocrx_word' id='word_1_437' title='bbox 1067 3196 1141 3263; x_wconf 85' lang='lat' dir='ltr'><strong>Quos</strong></span> <span class='ocrx_word' id='word_1_438' title='bbox 1159 3197 1199 3252; x_wconf 94' lang='lat' dir='ltr'><strong>sic</strong></span> <span class='ocrx_word' id='word_1_439' title='bbox 1214 3197 1323 3254; x_wconf 92' lang='lat' dir='ltr'><strong>miraris</strong></span> <span class='ocrx_word' id='word_1_440' title='bbox 1344 3213 1377 3254; x_wconf 79' lang='lat' dir='ltr'><strong>ex</strong></span> <span class='ocrx_word' id='word_1_441' title='bbox 1391 3198 1490 3255; x_wconf 80' lang='lat' dir='ltr'><strong>dasiro</strong></span> <span class='ocrx_word' id='word_1_442' title='bbox 1510 3198 1659 3270; x_wconf 90' lang='lat' dir='ltr'><strong>prodeunt.</strong></span> 
     </span>
     <span class='ocr_line' id='line_1_67' title="bbox 1067 3285 1555 3357; baseline 0.002 -18"><span class='ocrx_word' id='word_1_443' title='bbox 1067 3285 1124 3341; x_wconf 89' lang='lat' dir='ltr'><strong>Nos</strong></span> <span class='ocrx_word' id='word_1_444' title='bbox 1138 3285 1272 3357; x_wconf 82' lang='lat' dir='ltr'><strong>expolivit</strong></span> <span class='ocrx_word' id='word_1_445' title='bbox 1287 3293 1384 3343; x_wconf 92' lang='lat' dir='ltr'><strong>noster</strong></span> <span class='ocrx_word' id='word_1_446' title='bbox 1396 3286 1555 3343; x_wconf 82' lang='lat' dir='ltr'><strong>Desiderius</strong></span> 
     </span>
     <span class='ocr_line' id='line_1_68' title="bbox 1103 3373 1713 3444; baseline 0.003 -14"><span class='ocrx_word' id='word_1_447' title='bbox 1103 3374 1152 3430; x_wconf 82' lang='lat' dir='ltr'><strong>Cui</strong></span> <span class='ocrx_word' id='word_1_448' title='bbox 1172 3379 1250 3444; x_wconf 92' lang='lat' dir='ltr'><strong>pater</strong></span> <span class='ocrx_word' id='word_1_449' title='bbox 1267 3375 1355 3430; x_wconf 92' lang='lat' dir='ltr'><strong>almus</strong></span> <span class='ocrx_word' id='word_1_450' title='bbox 1368 3379 1460 3444; x_wconf 90' lang='lat' dir='ltr'><strong>grates</strong></span> <span class='ocrx_word' id='word_1_451' title='bbox 1474 3373 1527 3430; x_wconf 88' lang='lat' dir='ltr'><strong>lert</strong></span> <span class='ocrx_word' id='word_1_452' title='bbox 1545 3373 1713 3441; x_wconf 86' lang='lat' dir='ltr'><strong>innumeras,</strong></span> 
     </span>
     <span class='ocr_line' id='line_1_69' title="bbox 1068 3462 1571 3534; baseline 0 -16"><span class='ocrx_word' id='word_1_453' title='bbox 1068 3462 1155 3532; x_wconf 84' lang='lat' dir='ltr'><strong>Eique</strong></span> <span class='ocrx_word' id='word_1_454' title='bbox 1174 3463 1257 3534; x_wconf 87' lang='lat' dir='ltr'><strong>digna</strong></span> <span class='ocrx_word' id='word_1_455' title='bbox 1272 3463 1386 3534; x_wconf 85' lang='lat' dir='ltr'><strong>praemia</strong></span> <span class='ocrx_word' id='word_1_456' title='bbox 1399 3462 1571 3533; x_wconf 91' lang='lat' dir='ltr'><strong>pronuntiat.</strong></span> 
     </span>
     <span class='ocr_line' id='line_1_70' title="bbox 1066 3552 1643 3624; baseline 0.002 -17"><span class='ocrx_word' id='word_1_457' title='bbox 1066 3555 1213 3609; x_wconf 79' lang='lat' dir='ltr'><strong>auctorem</strong></span> <span class='ocrx_word' id='word_1_458' title='bbox 1232 3566 1323 3610; x_wconf 92' lang='lat' dir='ltr'><strong>rerum</strong></span> <span class='ocrx_word' id='word_1_459' title='bbox 1339 3553 1460 3610; x_wconf 91' lang='lat' dir='ltr'><strong>omnium</strong></span> <span class='ocrx_word' id='word_1_460' title='bbox 1475 3552 1643 3624; x_wconf 87' lang='lat' dir='ltr'><strong>expostulat,</strong></span> 
     </span>
     <span class='ocr_line' id='line_1_71' title="bbox 1067 3641 1564 3714; baseline 0.002 -17"><span class='ocrx_word' id='word_1_461' title='bbox 1067 3643 1102 3697; x_wconf 90' lang='lat' dir='ltr'><strong>ttt</strong></span> <span class='ocrx_word' id='word_1_462' title='bbox 1116 3641 1143 3697; x_wconf 90' lang='lat' dir='ltr'><strong>in</strong></span> <span class='ocrx_word' id='word_1_463' title='bbox 1160 3654 1281 3713; x_wconf 87' lang='lat' dir='ltr'><strong>superna</strong></span> <span class='ocrx_word' id='word_1_464' title='bbox 1295 3641 1456 3713; x_wconf 86' lang='lat' dir='ltr'><strong>angelornm</strong></span> <span class='ocrx_word' id='word_1_465' title='bbox 1475 3641 1564 3714; x_wconf 89' lang='lat' dir='ltr'><strong>gloria</strong></span> 
     </span>
     <span class='ocr_line' id='line_1_72' title="bbox 1065 3728 1568 3803; baseline 0.002 -18"><span class='ocrx_word' id='word_1_466' title='bbox 1065 3728 1124 3785; x_wconf 90' lang='lat' dir='ltr'><strong>Sibi</strong></span> <span class='ocrx_word' id='word_1_467' title='bbox 1141 3744 1203 3787; x_wconf 93' lang='lat' dir='ltr'><strong>cum</strong></span> <span class='ocrx_word' id='word_1_468' title='bbox 1223 3731 1271 3788; x_wconf 92' lang='lat' dir='ltr'><strong>illo</strong></span> <span class='ocrx_word' id='word_1_469' title='bbox 1286 3731 1461 3803; x_wconf 83' lang='lat' dir='ltr'><strong>congaudere</strong></span> <span class='ocrx_word' id='word_1_470' title='bbox 1476 3731 1568 3787; x_wconf 91' lang='lat' dir='ltr'><strong>liceat.</strong></span> 
     </span>
     <span class='ocr_line' id='line_1_73' title="bbox 1101 3819 1631 3891; baseline 0.002 -16"><span class='ocrx_word' id='word_1_471' title='bbox 1101 3820 1176 3876; x_wconf 92' lang='lat' dir='ltr'><strong>inter</strong></span> <span class='ocrx_word' id='word_1_472' title='bbox 1187 3819 1248 3877; x_wconf 81' lang='lat' dir='ltr'><strong>bac</strong></span> <span class='ocrx_word' id='word_1_473' title='bbox 1263 3821 1342 3878; x_wconf 87' lang='lat' dir='ltr'><strong>uobis</strong></span> <span class='ocrx_word' id='word_1_474' title='bbox 1355 3820 1485 3891; x_wconf 90' lang='lat' dir='ltr'><strong>seraphin</strong></span> <span class='ocrx_word' id='word_1_475' title='bbox 1500 3819 1631 3877; x_wconf 91' lang='lat' dir='ltr'><strong>micantia</strong></span> 
     </span>
     <span class='ocr_line' id='line_1_74' title="bbox 1065 3907 1711 3980; baseline 0 -16"><span class='ocrx_word' id='word_1_476' title='bbox 1065 3909 1191 3976; x_wconf 80' lang='lat' dir='ltr'><strong>Saumm,</strong></span> <span class='ocrx_word' id='word_1_477' title='bbox 1207 3915 1235 3965; x_wconf 93' lang='lat' dir='ltr'><strong>et</strong></span> <span class='ocrx_word' id='word_1_478' title='bbox 1248 3914 1370 3977; x_wconf 88' lang='lat' dir='ltr'><strong>sauctus,</strong></span> <span class='ocrx_word' id='word_1_479' title='bbox 1387 3914 1498 3966; x_wconf 90' lang='lat' dir='ltr'><strong>sanctus</strong></span> <span class='ocrx_word' id='word_1_480' title='bbox 1513 3907 1711 3980; x_wconf 88' lang='lat' dir='ltr'><strong>proclamantia</strong></span> 
     </span>
     <span class='ocr_line' id='line_1_75' title="bbox 1064 3997 1568 4069; baseline 0.004 -18"><span class='ocrx_word' id='word_1_481' title='bbox 1064 3997 1258 4056; x_wconf 84' lang='lat' dir='ltr'><strong>inaestimanda</strong></span> <span class='ocrx_word' id='word_1_482' title='bbox 1274 3997 1421 4056; x_wconf 82' lang='lat' dir='ltr'><strong>conserunt</strong></span> <span class='ocrx_word' id='word_1_483' title='bbox 1434 3997 1568 4069; x_wconf 92' lang='lat' dir='ltr'><strong>tripudia,</strong></span> 
     </span>
     <span class='ocr_line' id='line_1_76' title="bbox 1064 4086 1599 4158; baseline 0.004 -17"><span class='ocrx_word' id='word_1_484' title='bbox 1064 4086 1168 4144; x_wconf 87' lang='lat' dir='ltr'><strong>canere</strong></span> <span class='ocrx_word' id='word_1_485' title='bbox 1178 4088 1277 4158; x_wconf 83' lang='lat' dir='ltr'><strong>jubent</strong></span> <span class='ocrx_word' id='word_1_486' title='bbox 1295 4088 1465 4146; x_wconf 90' lang='lat' dir='ltr'><strong>canticorum</strong></span> <span class='ocrx_word' id='word_1_487' title='bbox 1481 4087 1599 4144; x_wconf 90' lang='lat' dir='ltr'><strong>cantica.</strong></span> 
     </span>
     <span class='ocr_line' id='line_1_77' title="bbox 1064 4175 1579 4248; baseline 0 -17"><span class='ocrx_word' id='word_1_488' title='bbox 1064 4177 1099 4231; x_wconf 92' lang='lat' dir='ltr'><strong>Ut</strong></span> <span class='ocrx_word' id='word_1_489' title='bbox 1113 4175 1160 4232; x_wconf 90' lang='lat' dir='ltr'><strong>ilia</strong></span> <span class='ocrx_word' id='word_1_490' title='bbox 1174 4181 1273 4246; x_wconf 89' lang='lat' dir='ltr'><strong>quater</strong></span> <span class='ocrx_word' id='word_1_491' title='bbox 1298 4176 1399 4248; x_wconf 90' lang='lat' dir='ltr'><strong>riginta</strong></span> <span class='ocrx_word' id='word_1_492' title='bbox 1417 4190 1466 4233; x_wconf 85' lang='lat' dir='ltr'><strong>sex</strong></span> <span class='ocrx_word' id='word_1_493' title='bbox 1484 4176 1579 4233; x_wconf 91' lang='lat' dir='ltr'><strong>miliia.</strong></span> 
     </span>
     <span class='ocr_line' id='line_1_78' title="bbox 1098 4265 1559 4336; baseline -0.002 -15"><span class='ocrx_word' id='word_1_494' title='bbox 1098 4265 1297 4322; x_wconf 84' lang='lat' dir='ltr'><strong>citharizantes</strong></span> <span class='ocrx_word' id='word_1_495' title='bbox 1311 4266 1421 4322; x_wconf 91' lang='lat' dir='ltr'><strong>cantico</strong></span> <span class='ocrx_word' id='word_1_496' title='bbox 1435 4265 1559 4336; x_wconf 89' lang='lat' dir='ltr'><strong>virgineo</strong></span> 
     </span>
     <span class='ocr_line' id='line_1_79' title="bbox 1063 4353 1583 4426; baseline -0.004 -16"><span class='ocrx_word' id='word_1_497' title='bbox 1063 4355 1199 4412; x_wconf 84' lang='lat' dir='ltr'><strong>Deceuter</strong></span> <span class='ocrx_word' id='word_1_498' title='bbox 1212 4367 1283 4426; x_wconf 87' lang='lat' dir='ltr'><strong>agno</strong></span> <span class='ocrx_word' id='word_1_499' title='bbox 1302 4353 1419 4424; x_wconf 89' lang='lat' dir='ltr'><strong>psallitis</strong></span> <span class='ocrx_word' id='word_1_500' title='bbox 1434 4365 1583 4424; x_wconf 92' lang='lat' dir='ltr'><strong>purpureo.</strong></span> 
     </span>
     <span class='ocr_line' id='line_1_80' title="bbox 1062 4442 1602 4513; baseline -0.004 -15"><span class='ocrx_word' id='word_1_501' title='bbox 1062 4442 1192 4499; x_wconf 77' lang='lat' dir='ltr'><strong>Laudmis</strong></span> <span class='ocrx_word' id='word_1_502' title='bbox 1205 4457 1267 4500; x_wconf 90' lang='lat' dir='ltr'><strong>curn</strong></span> <span class='ocrx_word' id='word_1_503' title='bbox 1281 4443 1310 4500; x_wconf 95' lang='lat' dir='ltr'><strong>in</strong></span> <span class='ocrx_word' id='word_1_504' title='bbox 1321 4443 1406 4500; x_wconf 89' lang='lat' dir='ltr'><strong>choro</strong></span> <span class='ocrx_word' id='word_1_505' title='bbox 1422 4447 1449 4498; x_wconf 92' lang='lat' dir='ltr'><strong>ct</strong></span> <span class='ocrx_word' id='word_1_506' title='bbox 1462 4446 1602 4513; x_wconf 82' lang='lat' dir='ltr'><strong>tympano,</strong></span> 
     </span>
     <span class='ocr_line' id='line_1_81' title="bbox 1062 4532 1574 4602; baseline -0.002 -16"><span class='ocrx_word' id='word_1_507' title='bbox 1062 4532 1184 4588; x_wconf 78' lang='lat' dir='ltr'><strong>caumtis</strong></span> <span class='ocrx_word' id='word_1_508' title='bbox 1202 4532 1228 4588; x_wconf 92' lang='lat' dir='ltr'><strong>ei</strong></span> <span class='ocrx_word' id='word_1_509' title='bbox 1243 4535 1271 4588; x_wconf 92' lang='lat' dir='ltr'><strong>iu</strong></span> <span class='ocrx_word' id='word_1_510' title='bbox 1290 4532 1403 4589; x_wconf 92' lang='lat' dir='ltr'><strong>chordis</strong></span> <span class='ocrx_word' id='word_1_511' title='bbox 1417 4537 1445 4587; x_wconf 90' lang='lat' dir='ltr'><strong>et</strong></span> <span class='ocrx_word' id='word_1_512' title='bbox 1459 4542 1574 4602; x_wconf 86' lang='lat' dir='ltr'><strong>organo,</strong></span> 
     </span>
     <span class='ocr_line' id='line_1_82' title="bbox 1062 4620 1568 4694; baseline -0.006 -16"><span class='ocrx_word' id='word_1_513' title='bbox 1062 4620 1131 4678; x_wconf 84' lang='lat' dir='ltr'><strong>Coeli</strong></span> <span class='ocrx_word' id='word_1_514' title='bbox 1150 4625 1286 4693; x_wconf 78' lang='lat' dir='ltr'><strong>terraque</strong></span> <span class='ocrx_word' id='word_1_515' title='bbox 1303 4621 1428 4694; x_wconf 86' lang='lat' dir='ltr'><strong>jubilatis</strong></span> <span class='ocrx_word' id='word_1_516' title='bbox 1441 4620 1568 4678; x_wconf 87' lang='lat' dir='ltr'><strong>bomine.</strong></span> 
     </span>
     <span class='ocr_line' id='line_1_83' title="bbox 1096 4709 1577 4782; baseline -0.004 -14"><span class='ocrx_word' id='word_1_517' title='bbox 1096 4713 1182 4782; x_wconf 85' lang='lat' dir='ltr'><strong>Cujus</strong></span> <span class='ocrx_word' id='word_1_518' title='bbox 1200 4711 1291 4768; x_wconf 86' lang='lat' dir='ltr'><strong>allecti</strong></span> <span class='ocrx_word' id='word_1_519' title='bbox 1305 4711 1403 4782; x_wconf 84' lang='lat' dir='ltr'><strong>gloriae</strong></span> <span class='ocrx_word' id='word_1_520' title='bbox 1417 4709 1577 4781; x_wconf 89' lang='lat' dir='ltr'><strong>participes,</strong></span> 
     </span>
     <span class='ocr_line' id='line_1_84' title="bbox 1061 4801 1668 4871; baseline -0.005 -15"><span class='ocrx_word' id='word_1_521' title='bbox 1061 4801 1118 4857; x_wconf 84' lang='lat' dir='ltr'><strong>iarn</strong></span> <span class='ocrx_word' id='word_1_522' title='bbox 1134 4814 1235 4871; x_wconf 88' lang='lat' dir='ltr'><strong>precor</strong></span> <span class='ocrx_word' id='word_1_523' title='bbox 1252 4801 1315 4857; x_wconf 91' lang='lat' dir='ltr'><strong>sitis</strong></span> <span class='ocrx_word' id='word_1_524' title='bbox 1329 4801 1383 4856; x_wconf 91' lang='lat' dir='ltr'><strong>mei</strong></span> <span class='ocrx_word' id='word_1_525' title='bbox 1397 4813 1507 4870; x_wconf 91' lang='lat' dir='ltr'><strong>semper</strong></span> <span class='ocrx_word' id='word_1_526' title='bbox 1521 4809 1668 4854; x_wconf 90' lang='lat' dir='ltr'><strong>memores.</strong></span> 
     </span>
     <span class='ocr_line' id='line_1_85' title="bbox 1062 4888 1551 4961; baseline -0.004 -15"><span class='ocrx_word' id='word_1_527' title='bbox 1062 4890 1106 4947; x_wconf 92' lang='lat' dir='ltr'><strong>Sic</strong></span> <span class='ocrx_word' id='word_1_528' title='bbox 1120 4905 1183 4948; x_wconf 88' lang='lat' dir='ltr'><strong>eum</strong></span> <span class='ocrx_word' id='word_1_529' title='bbox 1198 4891 1264 4947; x_wconf 91' lang='lat' dir='ltr'><strong>mibi</strong></span> <span class='ocrx_word' id='word_1_530' title='bbox 1278 4889 1360 4947; x_wconf 88' lang='lat' dir='ltr'><strong>lacite</strong></span> <span class='ocrx_word' id='word_1_531' title='bbox 1379 4888 1551 4961; x_wconf 89' lang='lat' dir='ltr'><strong>placabilem,</strong></span> 
     </span>
     <span class='ocr_line' id='line_1_86' title="bbox 1062 4979 1618 5052; baseline -0.005 -16"><span class='ocrx_word' id='word_1_532' title='bbox 1062 4981 1096 5036; x_wconf 89' lang='lat' dir='ltr'><strong>tit</strong></span> <span class='ocrx_word' id='word_1_533' title='bbox 1112 4993 1154 5036; x_wconf 91' lang='lat' dir='ltr'><strong>me</strong></span> <span class='ocrx_word' id='word_1_534' title='bbox 1169 4979 1298 5052; x_wconf 87' lang='lat' dir='ltr'><strong>dignetur</strong></span> <span class='ocrx_word' id='word_1_535' title='bbox 1311 4981 1420 5051; x_wconf 92' lang='lat' dir='ltr'><strong>superis</strong></span> <span class='ocrx_word' id='word_1_536' title='bbox 1438 4981 1618 5050; x_wconf 86' lang='lat' dir='ltr'><strong>conjungere,</strong></span> 
     </span>
     <span class='ocr_line' id='line_1_87' title="bbox 1063 5067 1639 5141; baseline -0.007 -15"><span class='ocrx_word' id='word_1_537' title='bbox 1063 5069 1140 5126; x_wconf 88' lang='lat' dir='ltr'><strong>tinde</strong></span> <span class='ocrx_word' id='word_1_538' title='bbox 1154 5082 1204 5126; x_wconf 86' lang='lat' dir='ltr'><strong>uos</strong></span> <span class='ocrx_word' id='word_1_539' title='bbox 1218 5069 1321 5141; x_wconf 91' lang='lat' dir='ltr'><strong>possim</strong></span> <span class='ocrx_word' id='word_1_540' title='bbox 1335 5069 1377 5125; x_wconf 85' lang='lat' dir='ltr'><strong>rel</strong></span> <span class='ocrx_word' id='word_1_541' title='bbox 1394 5069 1474 5140; x_wconf 92' lang='lat' dir='ltr'><strong>louge</strong></span> <span class='ocrx_word' id='word_1_542' title='bbox 1490 5067 1639 5138; x_wconf 91' lang='lat' dir='ltr'><strong>respicere.</strong></span> 
     </span>
     <span class='ocr_line' id='line_1_88' title="bbox 1234 5247 1501 5305; baseline -0.007 -2"><span class='ocrx_word' id='word_1_543' title='bbox 1234 5249 1274 5303; x_wconf 82' lang='lat' dir='ltr'><strong>De</strong></span> <span class='ocrx_word' id='word_1_544' title='bbox 1292 5247 1388 5305; x_wconf 85' lang='lat' dir='ltr'><strong>Casino</strong></span> <span class='ocrx_word' id='word_1_545' title='bbox 1407 5251 1501 5302; x_wconf 86' lang='lat' dir='ltr'><strong>monte.</strong></span> 
     </span>
     <span class='ocr_line' id='line_1_89' title="bbox 1008 5331 1740 5408; baseline -0.007 -16"><span class='ocrx_word' id='word_1_546' title='bbox 1008 5337 1084 5394; x_wconf 86' lang='lat' dir='ltr'><strong>lions</strong></span> <span class='ocrx_word' id='word_1_547' title='bbox 1098 5336 1181 5406; x_wconf 90' lang='lat' dir='ltr'><strong>bone,</strong></span> <span class='ocrx_word' id='word_1_548' title='bbox 1196 5336 1309 5394; x_wconf 86' lang='lat' dir='ltr'><strong>salveris</strong></span> <span class='ocrx_word' id='word_1_549' title='bbox 1323 5339 1399 5408; x_wconf 91' lang='lat' dir='ltr'><strong>pacis</strong></span> <span class='ocrx_word' id='word_1_550' title='bbox 1417 5336 1507 5404; x_wconf 90' lang='lat' dir='ltr'><strong>dator,</strong></span> <span class='ocrx_word' id='word_1_551' title='bbox 1528 5339 1610 5404; x_wconf 90' lang='lat' dir='ltr'><strong>atque</strong></span> <span class='ocrx_word' id='word_1_552' title='bbox 1629 5331 1740 5404; x_wconf 84' lang='lat' dir='ltr'><strong>quietis,</strong></span> 
     </span>
     <span class='ocr_line' id='line_1_90' title="bbox 1007 5421 1675 5499; baseline -0.007 -17"><span class='ocrx_word' id='word_1_553' title='bbox 1007 5427 1057 5494; x_wconf 78' lang='lat' dir='ltr'><strong>Qui</strong></span> <span class='ocrx_word' id='word_1_554' title='bbox 1077 5425 1165 5484; x_wconf 89' lang='lat' dir='ltr'><strong>iacilis</strong></span> <span class='ocrx_word' id='word_1_555' title='bbox 1180 5427 1257 5499; x_wconf 89' lang='lat' dir='ltr'><strong>regui</strong></span> <span class='ocrx_word' id='word_1_556' title='bbox 1273 5429 1316 5483; x_wconf 84' lang='lat' dir='ltr'><strong>vla</strong></span> <span class='ocrx_word' id='word_1_557' title='bbox 1330 5426 1453 5483; x_wconf 91' lang='lat' dir='ltr'><strong>crederis</strong></span> <span class='ocrx_word' id='word_1_558' title='bbox 1471 5438 1532 5481; x_wconf 90' lang='lat' dir='ltr'><strong>esse</strong></span> <span class='ocrx_word' id='word_1_559' title='bbox 1551 5421 1675 5494; x_wconf 90' lang='lat' dir='ltr'><strong>superui.</strong></span> 
     </span>
     <span class='ocr_line' id='line_1_91' title="bbox 1008 5513 1624 5587; baseline -0.003 -17"><span class='ocrx_word' id='word_1_560' title='bbox 1008 5516 1047 5571; x_wconf 85' lang='lat' dir='ltr'><strong>Tu</strong></span> <span class='ocrx_word' id='word_1_561' title='bbox 1066 5515 1172 5587; x_wconf 91' lang='lat' dir='ltr'><strong>lapides</strong></span> <span class='ocrx_word' id='word_1_562' title='bbox 1186 5515 1250 5572; x_wconf 91' lang='lat' dir='ltr'><strong>illos</strong></span> <span class='ocrx_word' id='word_1_563' title='bbox 1264 5530 1356 5573; x_wconf 83' lang='lat' dir='ltr'><strong>seruas</strong></span> <span class='ocrx_word' id='word_1_564' title='bbox 1370 5516 1398 5572; x_wconf 93' lang='lat' dir='ltr'><strong>iu</strong></span> <span class='ocrx_word' id='word_1_565' title='bbox 1414 5519 1526 5584; x_wconf 88' lang='lat' dir='ltr'><strong>pectore</strong></span> <span class='ocrx_word' id='word_1_566' title='bbox 1545 5513 1624 5580; x_wconf 83' lang='lat' dir='ltr'><strong>llxos,</strong></span> 
     </span>
     <span class='ocr_line' id='line_1_92' title="bbox 1008 5600 1686 5676; baseline -0.007 -14"><span class='ocrx_word' id='word_1_567' title='bbox 1008 5605 1075 5662; x_wconf 83' lang='lat' dir='ltr'><strong>huia</strong></span> <span class='ocrx_word' id='word_1_568' title='bbox 1089 5605 1190 5676; x_wconf 89' lang='lat' dir='ltr'><strong>quibus</strong></span> <span class='ocrx_word' id='word_1_569' title='bbox 1204 5604 1267 5662; x_wconf 82' lang='lat' dir='ltr'><strong>cmii</strong></span> <span class='ocrx_word' id='word_1_570' title='bbox 1282 5609 1440 5662; x_wconf 87' lang='lat' dir='ltr'><strong>cotrstructa</strong></span> <span class='ocrx_word' id='word_1_571' title='bbox 1455 5607 1567 5660; x_wconf 85' lang='lat' dir='ltr'><strong>notatur</strong></span> <span class='ocrx_word' id='word_1_572' title='bbox 1580 5600 1686 5658; x_wconf 87' lang='lat' dir='ltr'><strong>haberi.</strong></span> 
     </span>
    </p>
   </div>
   <div class='ocr_carea' id='block_1_10' title="bbox 0 0 2058 6178">
    <p class='ocr_par' dir='ltr' id='par_1_29' title="bbox 0 0 2058 6178">
     <span class='ocr_line' id='line_1_93' title="bbox 0 0 2058 6178; baseline 0 2"><span class='ocrx_word' id='word_1_573' title='bbox 0 0 2058 6178; x_wconf 95' lang='lat' dir='ltr'><strong> </strong></span> 
     </span>
    </p>
   </div>
  </div>
 </body>
</html>
