<?xml version="1.0" encoding="UTF-8"?>
<!DOCTYPE html PUBLIC "-//W3C//DTD XHTML 1.0 Transitional//EN"
    "http://www.w3.org/TR/xhtml1/DTD/xhtml1-transitional.dtd">
<html xmlns="http://www.w3.org/1999/xhtml" xml:lang="en" lang="en">
 <head>
  <title>
</title>
<meta http-equiv="Content-Type" content="text/html;charset=utf-8" />
  <meta name='ocr-system' content='tesseract 3.04.00' />
  <meta name='ocr-capabilities' content='ocr_page ocr_carea ocr_par ocr_line ocrx_word'/>
</head>
<body>
  <div class='ocr_page' id='page_1' title='image "./patrologiaecurs128unkngoog/patrologiaecurs128unkngoog_0508.png"; bbox 0 0 4034 6152; ppageno 0'>
   <div class='ocr_carea' id='block_1_1' title="bbox 185 207 1960 310">
    <p class='ocr_par' dir='ltr' id='par_1_1' title="bbox 185 207 1960 310">
     <span class='ocr_line' id='line_1_1' title="bbox 185 207 1960 310; baseline -0.001 -42"><span class='ocrx_word' id='word_1_1' title='bbox 185 261 191 268; x_wconf 93' lang='lat'><strong>.</strong></span> <span class='ocrx_word' id='word_1_2' title='bbox 264 219 333 273; x_wconf 84' lang='grc'><strong>1007</strong></span> <span class='ocrx_word' id='word_1_3' title='bbox 791 211 818 264; x_wconf 91' lang='lat' dir='ltr'><strong>S.</strong></span> <span class='ocrx_word' id='word_1_4' title='bbox 838 207 982 265; x_wconf 74' lang='lat' dir='ltr'><strong>obmutui</strong></span> <span class='ocrx_word' id='word_1_5' title='bbox 1000 209 1139 310; x_wconf 67' lang='lat' dir='ltr'><strong>Abounis</strong></span> <span class='ocrx_word' id='word_1_6' title='bbox 1157 209 1422 268; x_wconf 74' lang='lat' dir='ltr'><strong>SYLVAE-lthORIS</strong></span> <span class='ocrx_word' id='word_1_7' title='bbox 1887 211 1960 267; x_wconf 75' lang='lat' dir='ltr'><strong>loto</strong></span> 
     </span>
    </p>
   </div>
   <div class='ocr_carea' id='block_1_2' title="bbox 257 333 1961 2092">
    <p class='ocr_par' dir='ltr' id='par_1_2' title="bbox 258 333 1961 1194">
     <span class='ocr_line' id='line_1_2' title="bbox 262 333 1959 411; baseline -0.003 -12"><span class='ocrx_word' id='word_1_8' title='bbox 262 349 384 400; x_wconf 90' lang='lat' dir='ltr'><strong>uestram</strong></span> <span class='ocrx_word' id='word_1_9' title='bbox 412 339 595 411; x_wconf 86' lang='lat' dir='ltr'><strong>petitionem;</strong></span> <span class='ocrx_word' id='word_1_10' title='bbox 628 336 674 406; x_wconf 93' lang='lat' dir='ltr'><strong>qui</strong></span> <span class='ocrx_word' id='word_1_11' title='bbox 708 335 825 404; x_wconf 88' lang='lat' dir='ltr'><strong>primum</strong></span> <span class='ocrx_word' id='word_1_12' title='bbox 867 333 978 403; x_wconf 91' lang='lat' dir='ltr'><strong>quidem</strong></span> <span class='ocrx_word' id='word_1_13' title='bbox 1008 334 1199 397; x_wconf 76' lang='lat' dir='ltr'><strong>valdehvire.</strong></span> <span class='ocrx_word' id='word_1_14' title='bbox 1231 337 1283 393; x_wconf 89' lang='lat' dir='ltr'><strong>Sed</strong></span> <span class='ocrx_word' id='word_1_15' title='bbox 1304 343 1331 392; x_wconf 91' lang='grc' dir='ltr'><strong>ει</strong></span> <span class='ocrx_word' id='word_1_16' title='bbox 1358 335 1412 392; x_wconf 93' lang='lat' dir='ltr'><strong>hoc</strong></span> <span class='ocrx_word' id='word_1_17' title='bbox 1435 335 1589 398; x_wconf 75' lang='lat' dir='ltr'><strong>,stabilitum</strong></span> <span class='ocrx_word' id='word_1_18' title='bbox 1617 341 1660 393; x_wconf 94' lang='grc' dir='ltr'><strong>εει</strong></span> <span class='ocrx_word' id='word_1_19' title='bbox 1688 337 1829 408; x_wconf 83' lang='lat' dir='ltr'><strong>abipso,</strong></span> <span class='ocrx_word' id='word_1_20' title='bbox 1857 339 1959 394; x_wconf 89' lang='lat' dir='ltr'><strong>eodem</strong></span> 
     </span>
     <span class='ocr_line' id='line_1_3' title="bbox 262 422 1960 497; baseline -0.004 -8"><span class='ocrx_word' id='word_1_21' title='bbox 262 430 499 489; x_wconf 84' lang='lat' dir='ltr'><strong>contradixerunt.</strong></span> <span class='ocrx_word' id='word_1_22' title='bbox 520 426 572 483; x_wconf 88' lang='lat' dir='ltr'><strong>Sed</strong></span> <span class='ocrx_word' id='word_1_23' title='bbox 588 425 697 481; x_wconf 89' lang='lat' dir='ltr'><strong>taudem</strong></span> <span class='ocrx_word' id='word_1_24' title='bbox 721 422 840 480; x_wconf 86' lang='lat' dir='ltr'><strong>convicti</strong></span> <span class='ocrx_word' id='word_1_25' title='bbox 864 424 982 491; x_wconf 88' lang='lat' dir='ltr'><strong>ratione,</strong></span> <span class='ocrx_word' id='word_1_26' title='bbox 1007 422 1082 494; x_wconf 90' lang='lat' dir='ltr'><strong>quod</strong></span> <span class='ocrx_word' id='word_1_27' title='bbox 1127 432 1256 496; x_wconf 76' lang='lat' dir='ltr'><strong>precante</strong></span> <span class='ocrx_word' id='word_1_28' title='bbox 1284 423 1441 492; x_wconf 85' lang='lat' dir='ltr'><strong>wilielmo,</strong></span> <span class='ocrx_word' id='word_1_29' title='bbox 1471 429 1501 481; x_wconf 93' lang='grc' dir='ltr'><strong>ιιι</strong></span> <span class='ocrx_word' id='word_1_30' title='bbox 1529 423 1552 479; x_wconf 89' lang='grc' dir='ltr'><strong>ει</strong></span> <span class='ocrx_word' id='word_1_31' title='bbox 1580 425 1757 496; x_wconf 89' lang='lat' dir='ltr'><strong>quaudoque,</strong></span> <span class='ocrx_word' id='word_1_32' title='bbox 1786 425 1960 497; x_wconf 79' lang='lat' dir='ltr'><strong>disponente</strong></span> 
     </span>
     <span class='ocr_line' id='line_1_4' title="bbox 262 508 1960 581; baseline -0.004 -4"><span class='ocrx_word' id='word_1_33' title='bbox 262 534 318 576; x_wconf 91' lang='lat' dir='ltr'><strong>non</strong></span> <span class='ocrx_word' id='word_1_34' title='bbox 334 527 408 576; x_wconf 90' lang='lat' dir='ltr'><strong>esset</strong></span> <span class='ocrx_word' id='word_1_35' title='bbox 427 515 553 574; x_wconf 85' lang='lat' dir='ltr'><strong>charitati</strong></span> <span class='ocrx_word' id='word_1_36' title='bbox 576 513 665 568; x_wconf 90' lang='lat' dir='ltr'><strong>simile</strong></span> <span class='ocrx_word' id='word_1_37' title='bbox 689 516 720 568; x_wconf 92' lang='lat' dir='ltr'><strong>ut</strong></span> <span class='ocrx_word' id='word_1_38' title='bbox 742 511 771 566; x_wconf 89' lang='lat' dir='ltr'><strong>id</strong></span> <span class='ocrx_word' id='word_1_39' title='bbox 789 508 1023 580; x_wconf 80' lang='lat' dir='ltr'><strong>contradicerent,</strong></span> <span class='ocrx_word' id='word_1_40' title='bbox 1047 511 1081 567; x_wconf 90' lang='lat' dir='ltr'><strong>ad</strong></span> <span class='ocrx_word' id='word_1_41' title='bbox 1125 513 1261 581; x_wconf 84' lang='lat' dir='ltr'><strong>Christo,</strong></span> <span class='ocrx_word' id='word_1_42' title='bbox 1298 512 1363 569; x_wconf 83' lang='lat' dir='ltr'><strong>uilla</strong></span> <span class='ocrx_word' id='word_1_43' title='bbox 1398 514 1534 580; x_wconf 87' lang='lat' dir='ltr'><strong>ereverit,</strong></span> <span class='ocrx_word' id='word_1_44' title='bbox 1569 513 1749 570; x_wconf 89' lang='lat' dir='ltr'><strong>nihilominus</strong></span> <span class='ocrx_word' id='word_1_45' title='bbox 1779 514 1808 570; x_wconf 93' lang='lat' dir='ltr'><strong>in</strong></span> <span class='ocrx_word' id='word_1_46' title='bbox 1841 529 1876 571; x_wconf 83' lang='lat' dir='ltr'><strong>ea</strong></span> <span class='ocrx_word' id='word_1_47' title='bbox 1914 530 1960 571; x_wconf 84' lang='lat' dir='ltr'><strong>ar·</strong></span> 
     </span>
     <span class='ocr_line' id='line_1_5' title="bbox 262 598 1961 674; baseline -0.002 -10"><span class='ocrx_word' id='word_1_48' title='bbox 262 609 310 664; x_wconf 86' lang='lat' dir='ltr'><strong>itei</strong></span> <span class='ocrx_word' id='word_1_49' title='bbox 338 607 489 672; x_wconf 83' lang='lat' dir='ltr'><strong>seruitium,</strong></span> <span class='ocrx_word' id='word_1_50' title='bbox 522 602 595 659; x_wconf 90' lang='lat' dir='ltr'><strong>unde</strong></span> <span class='ocrx_word' id='word_1_51' title='bbox 623 601 727 656; x_wconf 90' lang='lat' dir='ltr'><strong>nullum</strong></span> <span class='ocrx_word' id='word_1_52' title='bbox 755 598 889 656; x_wconf 89' lang='lat' dir='ltr'><strong>haberent</strong></span> <span class='ocrx_word' id='word_1_53' title='bbox 917 599 1080 668; x_wconf 90' lang='lat' dir='ltr'><strong>subsidium,</strong></span> <span class='ocrx_word' id='word_1_54' title='bbox 1126 603 1343 673; x_wconf 77' lang='lat' dir='ltr'><strong>corepiscopus,</strong></span> <span class='ocrx_word' id='word_1_55' title='bbox 1377 603 1419 658; x_wconf 87' lang='lat' dir='ltr'><strong>vel</strong></span> <span class='ocrx_word' id='word_1_56' title='bbox 1449 601 1567 674; x_wconf 78' lang='lat' dir='ltr'><strong>quilibet</strong></span> <span class='ocrx_word' id='word_1_57' title='bbox 1599 602 1726 660; x_wconf 86' lang='lat' dir='ltr'><strong>minister</strong></span> <span class='ocrx_word' id='word_1_58' title='bbox 1758 603 1841 674; x_wconf 86' lang='lat' dir='ltr'><strong>ejns,</strong></span> <span class='ocrx_word' id='word_1_59' title='bbox 1878 605 1961 674; x_wconf 90' lang='lat' dir='ltr'><strong>quid-</strong></span> 
     </span>
     <span class='ocr_line' id='line_1_6' title="bbox 261 687 1956 764; baseline -0.002 -11"><span class='ocrx_word' id='word_1_60' title='bbox 261 710 402 752; x_wconf 90' lang='lat' dir='ltr'><strong>assensnm</strong></span> <span class='ocrx_word' id='word_1_61' title='bbox 418 692 606 764; x_wconf 84' lang='lat' dir='ltr'><strong>praebuerunt.</strong></span> <span class='ocrx_word' id='word_1_62' title='bbox 627 691 722 758; x_wconf 87' lang='lat' dir='ltr'><strong>ltaque</strong></span> <span class='ocrx_word' id='word_1_63' title='bbox 742 687 859 744; x_wconf 89' lang='lat' dir='ltr'><strong>domnus</strong></span> <span class='ocrx_word' id='word_1_64' title='bbox 881 690 973 760; x_wconf 88' lang='lat' dir='ltr'><strong>brogo</strong></span> <span class='ocrx_word' id='word_1_65' title='bbox 997 689 1081 744; x_wconf 79' lang='lat' dir='ltr'><strong>abbas</strong></span> <span class='ocrx_word' id='word_1_66' title='bbox 1126 706 1207 762; x_wconf 88' lang='lat' dir='ltr'><strong>quam</strong></span> <span class='ocrx_word' id='word_1_67' title='bbox 1235 691 1335 747; x_wconf 89' lang='lat' dir='ltr'><strong>babeat</strong></span> <span class='ocrx_word' id='word_1_68' title='bbox 1359 690 1431 761; x_wconf 88' lang='lat' dir='ltr'><strong>jnris</strong></span> <span class='ocrx_word' id='word_1_69' title='bbox 1458 703 1510 747; x_wconf 90' lang='lat' dir='ltr'><strong>uec</strong></span> <span class='ocrx_word' id='word_1_70' title='bbox 1534 691 1564 746; x_wconf 90' lang='lat' dir='ltr'><strong>iu</strong></span> <span class='ocrx_word' id='word_1_71' title='bbox 1582 690 1692 748; x_wconf 89' lang='lat' dir='ltr'><strong>clericis</strong></span> <span class='ocrx_word' id='word_1_72' title='bbox 1718 705 1769 748; x_wconf 90' lang='lat' dir='ltr'><strong>nce</strong></span> <span class='ocrx_word' id='word_1_73' title='bbox 1798 693 1827 748; x_wconf 93' lang='lat' dir='ltr'><strong>in</strong></span> <span class='ocrx_word' id='word_1_74' title='bbox 1856 693 1956 760; x_wconf 83' lang='lat' dir='ltr'><strong>laicis;</strong></span> 
     </span>
     <span class='ocr_line' id='line_1_7' title="bbox 262 776 1958 850; baseline -0.002 -9"><span class='ocrx_word' id='word_1_75' title='bbox 262 799 323 841; x_wconf 91' lang='lat' dir='ltr'><strong>eum</strong></span> <span class='ocrx_word' id='word_1_76' title='bbox 338 796 474 840; x_wconf 89' lang='lat' dir='ltr'><strong>consensu</strong></span> <span class='ocrx_word' id='word_1_77' title='bbox 489 777 685 836; x_wconf 89' lang='lat' dir='ltr'><strong>monachorum</strong></span> <span class='ocrx_word' id='word_1_78' title='bbox 705 776 839 847; x_wconf 91' lang='lat' dir='ltr'><strong>quidquid</strong></span> <span class='ocrx_word' id='word_1_79' title='bbox 866 778 895 833; x_wconf 92' lang='lat' dir='ltr'><strong>in</strong></span> <span class='ocrx_word' id='word_1_80' title='bbox 914 777 975 848; x_wconf 90' lang='lat' dir='ltr'><strong>ipso</strong></span> <span class='ocrx_word' id='word_1_81' title='bbox 1000 776 1081 833; x_wconf 88' lang='lat' dir='ltr'><strong>nobis</strong></span> <span class='ocrx_word' id='word_1_82' title='bbox 1125 779 1176 835; x_wconf 89' lang='grc' dir='ltr'>εειι</span> <span class='ocrx_word' id='word_1_83' title='bbox 1205 780 1297 836; x_wconf 88' lang='lat' dir='ltr'><strong>omnia</strong></span> <span class='ocrx_word' id='word_1_84' title='bbox 1315 779 1469 835; x_wconf 90' lang='lat' dir='ltr'><strong>relerantur</strong></span> <span class='ocrx_word' id='word_1_85' title='bbox 1487 780 1521 834; x_wconf 89' lang='lat' dir='ltr'><strong>ad</strong></span> <span class='ocrx_word' id='word_1_86' title='bbox 1549 779 1658 836; x_wconf 89' lang='lat' dir='ltr'><strong>abbatis</strong></span> <span class='ocrx_word' id='word_1_87' title='bbox 1677 779 1895 850; x_wconf 80' lang='lat' dir='ltr'><strong>dispositionem</strong></span> <span class='ocrx_word' id='word_1_88' title='bbox 1914 785 1958 838; x_wconf 85' lang='lat' dir='ltr'><strong>rel</strong></span> 
     </span>
     <span class='ocr_line' id='line_1_8' title="bbox 261 864 1957 940; baseline -0.001 -12"><span class='ocrx_word' id='word_1_89' title='bbox 261 873 363 928; x_wconf 91' lang='lat' dir='ltr'><strong>donato</strong></span> <span class='ocrx_word' id='word_1_90' title='bbox 378 869 481 926; x_wconf 85' lang='lat' dir='ltr'><strong>allodio</strong></span> <span class='ocrx_word' id='word_1_91' title='bbox 505 867 639 924; x_wconf 86' lang='lat' dir='ltr'><strong>clamabat</strong></span> <span class='ocrx_word' id='word_1_92' title='bbox 658 865 780 933; x_wconf 88' lang='lat' dir='ltr'><strong>dimisit;</strong></span> <span class='ocrx_word' id='word_1_93' title='bbox 809 866 943 936; x_wconf 87' lang='lat' dir='ltr'><strong>uobisque</strong></span> <span class='ocrx_word' id='word_1_94' title='bbox 963 864 1081 922; x_wconf 89' lang='lat' dir='ltr'><strong>liberum</strong></span> <span class='ocrx_word' id='word_1_95' title='bbox 1127 869 1358 940; x_wconf 84' lang='lat' dir='ltr'><strong>congregationis.</strong></span> <span class='ocrx_word' id='word_1_96' title='bbox 1373 871 1432 924; x_wconf 90' lang='lat' dir='ltr'><strong>lloc</strong></span> <span class='ocrx_word' id='word_1_97' title='bbox 1451 869 1533 924; x_wconf 88' lang='lat' dir='ltr'><strong>etiarn</strong></span> <span class='ocrx_word' id='word_1_98' title='bbox 1551 868 1605 924; x_wconf 91' lang='lat' dir='ltr'><strong>sibi</strong></span> <span class='ocrx_word' id='word_1_99' title='bbox 1624 868 1759 939; x_wconf 86' lang='lat' dir='ltr'><strong>nobisque</strong></span> <span class='ocrx_word' id='word_1_100' title='bbox 1776 871 1913 940; x_wconf 77' lang='lat' dir='ltr'><strong>providit,</strong></span> <span class='ocrx_word' id='word_1_101' title='bbox 1929 881 1957 927; x_wconf 90' lang='lat' dir='ltr'><strong>nt</strong></span> 
     </span>
     <span class='ocr_line' id='line_1_9' title="bbox 260 954 1957 1030; baseline -0.001 -14"><span class='ocrx_word' id='word_1_102' title='bbox 260 959 406 1022; x_wconf 85' lang='lat' dir='ltr'><strong>concessit,</strong></span> <span class='ocrx_word' id='word_1_103' title='bbox 423 964 560 1028; x_wconf 70' lang='lat' dir='ltr'><strong>praesente</strong></span> <span class='ocrx_word' id='word_1_104' title='bbox 580 955 681 1012; x_wconf 90' lang='lat' dir='ltr'><strong>domno</strong></span> <span class='ocrx_word' id='word_1_105' title='bbox 697 957 792 1010; x_wconf 86' lang='lat' dir='ltr'><strong>limato</strong></span> <span class='ocrx_word' id='word_1_106' title='bbox 807 954 942 1010; x_wconf 90' lang='lat' dir='ltr'><strong>cardinali</strong></span> <span class='ocrx_word' id='word_1_107' title='bbox 957 956 1080 1010; x_wconf 80' lang='lat' dir='ltr'><strong>Romano</strong></span> <span class='ocrx_word' id='word_1_108' title='bbox 1126 957 1304 1013; x_wconf 83' lang='lat' dir='ltr'><strong>nihilominus</strong></span> <span class='ocrx_word' id='word_1_109' title='bbox 1336 957 1514 1013; x_wconf 87' lang='lat' dir='ltr'><strong>ecclesiarum</strong></span> <span class='ocrx_word' id='word_1_110' title='bbox 1533 957 1783 1024; x_wconf 87' lang='lat' dir='ltr'><strong>consecrationem,</strong></span> <span class='ocrx_word' id='word_1_111' title='bbox 1803 972 1957 1030; x_wconf 85' lang='lat' dir='ltr'><strong>sacrosque</strong></span> 
     </span>
     <span class='ocr_line' id='line_1_10' title="bbox 258 1042 1957 1118; baseline -0.001 -14"><span class='ocrx_word' id='word_1_112' title='bbox 258 1063 319 1104; x_wconf 90' lang='grc' dir='ltr'>ειιιιι</span> <span class='ocrx_word' id='word_1_113' title='bbox 333 1046 483 1118; x_wconf 90' lang='lat' dir='ltr'><strong>capellanis</strong></span> <span class='ocrx_word' id='word_1_114' title='bbox 506 1045 564 1101; x_wconf 93' lang='lat' dir='ltr'><strong>suis</strong></span> <span class='ocrx_word' id='word_1_115' title='bbox 585 1043 706 1115; x_wconf 86' lang='lat' dir='ltr'><strong>Litgcrin</strong></span> <span class='ocrx_word' id='word_1_116' title='bbox 722 1049 750 1098; x_wconf 90' lang='lat' dir='ltr'><strong>ct</strong></span> <span class='ocrx_word' id='word_1_117' title='bbox 766 1042 891 1111; x_wconf 80' lang='lat' dir='ltr'><strong>hrtalelo,</strong></span> <span class='ocrx_word' id='word_1_118' title='bbox 903 1050 931 1099; x_wconf 92' lang='lat' dir='ltr'><strong>ct</strong></span> <span class='ocrx_word' id='word_1_119' title='bbox 946 1042 1081 1100; x_wconf 90' lang='lat' dir='ltr'><strong>monacho</strong></span> <span class='ocrx_word' id='word_1_120' title='bbox 1126 1045 1249 1113; x_wconf 87' lang='lat' dir='ltr'><strong>ordines,</strong></span> <span class='ocrx_word' id='word_1_121' title='bbox 1264 1045 1306 1102; x_wconf 88' lang='lat' dir='ltr'><strong>vel</strong></span> <span class='ocrx_word' id='word_1_122' title='bbox 1326 1045 1443 1103; x_wconf 90' lang='lat' dir='ltr'><strong>chrisma</strong></span> <span class='ocrx_word' id='word_1_123' title='bbox 1467 1045 1502 1101; x_wconf 90' lang='lat' dir='ltr'><strong>ab</strong></span> <span class='ocrx_word' id='word_1_124' title='bbox 1526 1045 1738 1117; x_wconf 79' lang='lat' dir='ltr'><strong>archiepiscopo</strong></span> <span class='ocrx_word' id='word_1_125' title='bbox 1765 1047 1957 1116; x_wconf 81' lang='lat' dir='ltr'><strong>accipiamus,</strong></span> 
     </span>
     <span class='ocr_line' id='line_1_11' title="bbox 259 1131 1957 1194; baseline -0.001 -2"><span class='ocrx_word' id='word_1_126' title='bbox 259 1143 355 1194; x_wconf 91' lang='lat' dir='ltr'><strong>nostro</strong></span> <span class='ocrx_word' id='word_1_127' title='bbox 370 1135 494 1191; x_wconf 90' lang='lat' dir='ltr'><strong>Litherio</strong></span> <span class='ocrx_word' id='word_1_128' title='bbox 509 1147 571 1190; x_wconf 91' lang='lat' dir='ltr'><strong>eum</strong></span> <span class='ocrx_word' id='word_1_129' title='bbox 586 1131 688 1189; x_wconf 89' lang='lat' dir='ltr'><strong>lamulo</strong></span> <span class='ocrx_word' id='word_1_130' title='bbox 704 1144 754 1187; x_wconf 91' lang='lat' dir='ltr'><strong>suo</strong></span> <span class='ocrx_word' id='word_1_131' title='bbox 773 1131 897 1188; x_wconf 87' lang='lat' dir='ltr'><strong>brluino.</strong></span> <span class='ocrx_word' id='word_1_132' title='bbox 915 1151 930 1185; x_wconf 80' lang='lat' dir='ltr'><strong>u</strong></span> <span class='ocrx_word' id='word_1_133' title='bbox 1127 1147 1188 1190; x_wconf 92' lang='lat' dir='ltr'><strong>eum</strong></span> <span class='ocrx_word' id='word_1_134' title='bbox 1207 1147 1321 1190; x_wconf 89' lang='lat' dir='ltr'><strong>necesse</strong></span> <span class='ocrx_word' id='word_1_135' title='bbox 1347 1133 1439 1190; x_wconf 90' lang='lat' dir='ltr'><strong>luerit.</strong></span> <span class='ocrx_word' id='word_1_136' title='bbox 1460 1134 1514 1190; x_wconf 89' lang='lat' dir='ltr'><strong>Sed</strong></span> <span class='ocrx_word' id='word_1_137' title='bbox 1541 1133 1601 1190; x_wconf 88' lang='lat' dir='ltr'><strong>haee</strong></span> <span class='ocrx_word' id='word_1_138' title='bbox 1620 1134 1783 1190; x_wconf 89' lang='lat' dir='ltr'><strong>constitutio</strong></span> <span class='ocrx_word' id='word_1_139' title='bbox 1801 1135 1907 1191; x_wconf 86' lang='lat' dir='ltr'><strong>iterum</strong></span> <span class='ocrx_word' id='word_1_140' title='bbox 1926 1136 1957 1191; x_wconf 84' lang='lat' dir='ltr'><strong>ab</strong></span> 
     </span>
    </p>

    <p class='ocr_par' dir='ltr' id='par_1_3' title="bbox 257 1219 1957 2092">
     <span class='ocr_line' id='line_1_12' title="bbox 294 1219 1957 1294; baseline 0.001 -16"><span class='ocrx_word' id='word_1_141' title='bbox 294 1223 546 1294; x_wconf 60' lang='lat' dir='ltr'><strong>undequumque</strong></span> <span class='ocrx_word' id='word_1_142' title='bbox 563 1221 645 1292; x_wconf 92' lang='lat' dir='ltr'><strong>plena</strong></span> <span class='ocrx_word' id='word_1_143' title='bbox 659 1224 688 1276; x_wconf 91' lang='grc' dir='ltr'><strong>ει</strong></span> <span class='ocrx_word' id='word_1_144' title='bbox 702 1219 788 1276; x_wconf 92' lang='lat' dir='ltr'><strong>libera</strong></span> <span class='ocrx_word' id='word_1_145' title='bbox 803 1221 933 1276; x_wconf 88' lang='lat' dir='ltr'><strong>Silvensis</strong></span> <span class='ocrx_word' id='word_1_146' title='bbox 947 1219 1081 1278; x_wconf 89' lang='lat' dir='ltr'><strong>territorii</strong></span> <span class='ocrx_word' id='word_1_147' title='bbox 1126 1221 1224 1278; x_wconf 88' lang='lat' dir='ltr'><strong>eodem</strong></span> <span class='ocrx_word' id='word_1_148' title='bbox 1240 1221 1344 1277; x_wconf 86' lang='lat' dir='ltr'><strong>firmata</strong></span> <span class='ocrx_word' id='word_1_149' title='bbox 1363 1227 1405 1278; x_wconf 91' lang='lat' dir='ltr'><strong>est</strong></span> <span class='ocrx_word' id='word_1_150' title='bbox 1422 1221 1450 1278; x_wconf 91' lang='grc' dir='ltr'><strong>ιιι</strong></span> <span class='ocrx_word' id='word_1_151' title='bbox 1471 1221 1597 1291; x_wconf 85' lang='lat' dir='ltr'><strong>proximo</strong></span> <span class='ocrx_word' id='word_1_152' title='bbox 1616 1221 1747 1290; x_wconf 90' lang='lat' dir='ltr'><strong>coneilio,</strong></span> <span class='ocrx_word' id='word_1_153' title='bbox 1769 1223 1957 1292; x_wconf 68' lang='lat' dir='ltr'><strong>presentibus</strong></span> 
     </span>
     <span class='ocr_line' id='line_1_13' title="bbox 259 1309 1956 1384; baseline -0.001 -14"><span class='ocrx_word' id='word_1_154' title='bbox 259 1314 435 1384; x_wconf 85' lang='lat' dir='ltr'><strong>possessione</strong></span> <span class='ocrx_word' id='word_1_155' title='bbox 467 1310 610 1377; x_wconf 78' lang='lat' dir='ltr'><strong>beraldus,</strong></span> <span class='ocrx_word' id='word_1_156' title='bbox 639 1309 862 1380; x_wconf 79' lang='lat' dir='ltr'><strong>burdigalensem</strong></span> <span class='ocrx_word' id='word_1_157' title='bbox 891 1310 1082 1379; x_wconf 88' lang='lat' dir='ltr'><strong>archiepisco·</strong></span> <span class='ocrx_word' id='word_1_158' title='bbox 1126 1310 1257 1367; x_wconf 82' lang='lat' dir='ltr'><strong>Romanis</strong></span> <span class='ocrx_word' id='word_1_159' title='bbox 1288 1309 1386 1382; x_wconf 87' lang='lat' dir='ltr'><strong>legatis</strong></span> <span class='ocrx_word' id='word_1_160' title='bbox 1417 1311 1532 1381; x_wconf 85' lang='lat' dir='ltr'><strong>lingone</strong></span> <span class='ocrx_word' id='word_1_161' title='bbox 1560 1315 1644 1380; x_wconf 87' lang='lat' dir='ltr'><strong>atque</strong></span> <span class='ocrx_word' id='word_1_162' title='bbox 1672 1313 1781 1378; x_wconf 79' lang='lat' dir='ltr'><strong>durato,</strong></span> <span class='ocrx_word' id='word_1_163' title='bbox 1800 1311 1956 1383; x_wconf 82' lang='lat' dir='ltr'><strong>multoque</strong></span> 
     </span>
     <span class='ocr_line' id='line_1_14' title="bbox 259 1397 1956 1474; baseline -0.002 -15"><span class='ocrx_word' id='word_1_164' title='bbox 259 1417 334 1474; x_wconf 92' lang='lat' dir='ltr'><strong>pum,</strong></span> <span class='ocrx_word' id='word_1_165' title='bbox 359 1402 388 1456; x_wconf 92' lang='lat' dir='ltr'><strong>in</strong></span> <span class='ocrx_word' id='word_1_166' title='bbox 412 1401 562 1471; x_wconf 79' lang='lat' dir='ltr'><strong>culuserat</strong></span> <span class='ocrx_word' id='word_1_167' title='bbox 577 1399 701 1466; x_wconf 87' lang='lat' dir='ltr'><strong>dioeccsi,</strong></span> <span class='ocrx_word' id='word_1_168' title='bbox 715 1397 793 1466; x_wconf 91' lang='lat' dir='ltr'><strong>adiit,</strong></span> <span class='ocrx_word' id='word_1_169' title='bbox 805 1402 836 1454; x_wconf 92' lang='lat' dir='ltr'><strong>ut</strong></span> <span class='ocrx_word' id='word_1_170' title='bbox 849 1399 883 1454; x_wconf 92' lang='lat' dir='ltr'><strong>ab</strong></span> <span class='ocrx_word' id='word_1_171' title='bbox 896 1412 930 1455; x_wconf 90' lang='lat' dir='ltr'><strong>eo</strong></span> <span class='ocrx_word' id='word_1_172' title='bbox 946 1403 1081 1455; x_wconf 87' lang='lat' dir='ltr'><strong>monaste·</strong></span> <span class='ocrx_word' id='word_1_173' title='bbox 1126 1397 1243 1455; x_wconf 91' lang='lat' dir='ltr'><strong>aliorum</strong></span> <span class='ocrx_word' id='word_1_174' title='bbox 1271 1398 1465 1468; x_wconf 88' lang='lat' dir='ltr'><strong>episcoporum</strong></span> <span class='ocrx_word' id='word_1_175' title='bbox 1488 1397 1617 1469; x_wconf 89' lang='lat' dir='ltr'><strong>collegio.</strong></span> <span class='ocrx_word' id='word_1_176' title='bbox 1640 1399 1699 1454; x_wconf 85' lang='lat' dir='ltr'><strong>boc</strong></span> <span class='ocrx_word' id='word_1_177' title='bbox 1717 1411 1833 1470; x_wconf 88' lang='lat' dir='ltr'><strong>quoque</strong></span> <span class='ocrx_word' id='word_1_178' title='bbox 1858 1399 1956 1456; x_wconf 85' lang='lat' dir='ltr'><strong>delini·</strong></span> 
     </span>
     <span class='ocr_line' id='line_1_15' title="bbox 258 1485 1955 1571; baseline -0.003 -23"><span class='ocrx_word' id='word_1_179' title='bbox 258 1493 293 1548; x_wconf 93' lang='lat' dir='ltr'><strong>rii</strong></span> <span class='ocrx_word' id='word_1_180' title='bbox 307 1492 350 1548; x_wconf 90' lang='lat' dir='ltr'><strong>sui</strong></span> <span class='ocrx_word' id='word_1_181' title='bbox 364 1491 520 1546; x_wconf 84' lang='lat' dir='ltr'><strong>libertatem</strong></span> <span class='ocrx_word' id='word_1_182' title='bbox 540 1489 690 1545; x_wconf 86' lang='lat' dir='ltr'><strong>obtineret.</strong></span> <span class='ocrx_word' id='word_1_183' title='bbox 707 1488 825 1544; x_wconf 80' lang='lat' dir='ltr'><strong>Facilem</strong></span> <span class='ocrx_word' id='word_1_184' title='bbox 850 1493 904 1544; x_wconf 89' lang='lat' dir='ltr'><strong>tom</strong></span> <span class='ocrx_word' id='word_1_185' title='bbox 928 1489 1017 1545; x_wconf 90' lang='lat' dir='ltr'><strong>sancti</strong></span> <span class='ocrx_word' id='word_1_186' title='bbox 1030 1488 1081 1545; x_wconf 83' lang='lat' dir='ltr'><strong>viri</strong></span> <span class='ocrx_word' id='word_1_187' title='bbox 1127 1492 1184 1542; x_wconf 90' lang='lat' dir='ltr'><strong>turn</strong></span> <span class='ocrx_word' id='word_1_188' title='bbox 1203 1490 1304 1554; x_wconf 79' lang='lat' dir='ltr'><strong>estut,</strong></span> <span class='ocrx_word' id='word_1_189' title='bbox 1324 1485 1348 1541; x_wconf 93' lang='lat' dir='ltr'><strong>si</strong></span> <span class='ocrx_word' id='word_1_190' title='bbox 1367 1485 1505 1557; x_wconf 87' lang='lat' dir='ltr'><strong>quisbue,</strong></span> <span class='ocrx_word' id='word_1_191' title='bbox 1521 1486 1663 1542; x_wconf 89' lang='lat' dir='ltr'><strong>decretum</strong></span> <span class='ocrx_word' id='word_1_192' title='bbox 1678 1486 1782 1542; x_wconf 86' lang='lat' dir='ltr'><strong>violare</strong></span> <span class='ocrx_word' id='word_1_193' title='bbox 1797 1489 1955 1571; x_wconf 50' lang='lat' dir='ltr'><strong>tentaverit,</strong></span> 
     </span>
     <span class='ocr_line' id='line_1_16' title="bbox 258 1574 1956 1651; baseline -0.002 -14"><span class='ocrx_word' id='word_1_194' title='bbox 258 1581 387 1651; x_wconf 90' lang='lat' dir='ltr'><strong>precibus</strong></span> <span class='ocrx_word' id='word_1_195' title='bbox 419 1590 562 1635; x_wconf 87' lang='lat' dir='ltr'><strong>assensum</strong></span> <span class='ocrx_word' id='word_1_196' title='bbox 595 1578 714 1650; x_wconf 76' lang='lat' dir='ltr'><strong>praebuit</strong></span> <span class='ocrx_word' id='word_1_197' title='bbox 747 1578 808 1646; x_wconf 90' lang='lat' dir='ltr'><strong>pius</strong></span> <span class='ocrx_word' id='word_1_198' title='bbox 842 1578 973 1646; x_wconf 91' lang='lat' dir='ltr'><strong>antistes,</strong></span> <span class='ocrx_word' id='word_1_199' title='bbox 1001 1579 1082 1648; x_wconf 89' lang='lat' dir='ltr'><strong>cique</strong></span> <span class='ocrx_word' id='word_1_200' title='bbox 1127 1588 1156 1630; x_wconf 88' lang='lat' dir='ltr'><strong>se</strong></span> <span class='ocrx_word' id='word_1_201' title='bbox 1180 1575 1250 1631; x_wconf 91' lang='lat' dir='ltr'><strong>sciat</strong></span> <span class='ocrx_word' id='word_1_202' title='bbox 1276 1575 1551 1643; x_wconf 81' lang='lat' dir='ltr'><strong>excommunicatum,</strong></span> <span class='ocrx_word' id='word_1_203' title='bbox 1586 1574 1676 1630; x_wconf 90' lang='lat' dir='ltr'><strong>donee</strong></span> <span class='ocrx_word' id='word_1_204' title='bbox 1701 1574 1956 1643; x_wconf 67' lang='lat' dir='ltr'><strong>satisfecerimus</strong></span> 
     </span>
     <span class='ocr_line' id='line_1_17' title="bbox 258 1662 1957 1739; baseline -0.002 -14"><span class='ocrx_word' id='word_1_205' title='bbox 258 1669 454 1739; x_wconf 89' lang='lat' dir='ltr'><strong>amplissimum</strong></span> <span class='ocrx_word' id='word_1_206' title='bbox 489 1667 662 1737; x_wconf 87' lang='lat' dir='ltr'><strong>privilegium</strong></span> <span class='ocrx_word' id='word_1_207' title='bbox 692 1668 848 1723; x_wconf 88' lang='lat' dir='ltr'><strong>concessit:</strong></span> <span class='ocrx_word' id='word_1_208' title='bbox 879 1668 965 1738; x_wconf 93' lang='lat' dir='ltr'><strong>quod,</strong></span> <span class='ocrx_word' id='word_1_209' title='bbox 984 1681 1020 1723; x_wconf 87' lang='lat' dir='ltr'><strong>no</strong></span> <span class='ocrx_word' id='word_1_210' title='bbox 1052 1664 1160 1729; x_wconf 75' lang='lat' dir='ltr'><strong>innah</strong></span> <span class='ocrx_word' id='word_1_211' title='bbox 1174 1663 1386 1733; x_wconf 89' lang='lat' dir='ltr'><strong>archiepiscopo</strong></span> <span class='ocrx_word' id='word_1_212' title='bbox 1405 1677 1486 1734; x_wconf 92' lang='lat' dir='ltr'><strong>quam</strong></span> <span class='ocrx_word' id='word_1_213' title='bbox 1512 1664 1546 1719; x_wconf 92' lang='lat' dir='ltr'><strong>ab</strong></span> <span class='ocrx_word' id='word_1_214' title='bbox 1571 1663 1698 1720; x_wconf 92' lang='lat' dir='ltr'><strong>omnibns</strong></span> <span class='ocrx_word' id='word_1_215' title='bbox 1722 1666 1771 1734; x_wconf 91' lang='lat' dir='ltr'><strong>qui</strong></span> <span class='ocrx_word' id='word_1_216' title='bbox 1795 1662 1914 1721; x_wconf 89' lang='lat' dir='ltr'><strong>inerunt</strong></span> <span class='ocrx_word' id='word_1_217' title='bbox 1930 1667 1957 1722; x_wconf 91' lang='lat' dir='ltr'><strong>in</strong></span> 
     </span>
     <span class='ocr_line' id='line_1_18' title="bbox 258 1751 1955 1826; baseline -0.001 -14"><span class='ocrx_word' id='word_1_218' title='bbox 258 1763 400 1826; x_wconf 91' lang='lat' dir='ltr'><strong>posterum</strong></span> <span class='ocrx_word' id='word_1_219' title='bbox 413 1755 576 1824; x_wconf 84' lang='lat' dir='ltr'><strong>violaretur,</strong></span> <span class='ocrx_word' id='word_1_220' title='bbox 592 1756 620 1810; x_wconf 93' lang='lat' dir='ltr'><strong>in</strong></span> <span class='ocrx_word' id='word_1_221' title='bbox 636 1755 756 1814; x_wconf 89' lang='lat' dir='ltr'><strong>concilio</strong></span> <span class='ocrx_word' id='word_1_222' title='bbox 771 1755 961 1826; x_wconf 87' lang='lat' dir='ltr'><strong>burdigalensi</strong></span> <span class='ocrx_word' id='word_1_223' title='bbox 976 1754 1082 1812; x_wconf 88' lang='lat' dir='ltr'><strong>abaliis</strong></span> <span class='ocrx_word' id='word_1_224' title='bbox 1120 1751 1251 1809; x_wconf 88' lang='lat' dir='ltr'><strong>concilio.</strong></span> <span class='ocrx_word' id='word_1_225' title='bbox 1271 1753 1385 1809; x_wconf 89' lang='lat' dir='ltr'><strong>Necnon</strong></span> <span class='ocrx_word' id='word_1_226' title='bbox 1405 1759 1433 1808; x_wconf 90' lang='lat' dir='ltr'><strong>et</strong></span> <span class='ocrx_word' id='word_1_227' title='bbox 1452 1752 1516 1819; x_wconf 92' lang='lat' dir='ltr'><strong>hoc,</strong></span> <span class='ocrx_word' id='word_1_228' title='bbox 1530 1752 1693 1808; x_wconf 86' lang='lat' dir='ltr'><strong>consulente</strong></span> <span class='ocrx_word' id='word_1_229' title='bbox 1713 1753 1818 1810; x_wconf 90' lang='lat' dir='ltr'><strong>domno</strong></span> <span class='ocrx_word' id='word_1_230' title='bbox 1839 1757 1955 1818; x_wconf 77' lang='lat' dir='ltr'><strong>Amato,</strong></span> 
     </span>
     <span class='ocr_line' id='line_1_19' title="bbox 259 1840 1956 1915; baseline -0.002 -14"><span class='ocrx_word' id='word_1_231' title='bbox 259 1844 436 1915; x_wconf 86' lang='lat' dir='ltr'><strong>pontificibus</strong></span> <span class='ocrx_word' id='word_1_232' title='bbox 448 1850 476 1900; x_wconf 88' lang='lat' dir='ltr'><strong>et</strong></span> <span class='ocrx_word' id='word_1_233' title='bbox 490 1842 636 1899; x_wconf 87' lang='lat' dir='ltr'><strong>abbatibus</strong></span> <span class='ocrx_word' id='word_1_234' title='bbox 651 1843 806 1900; x_wconf 88' lang='lat' dir='ltr'><strong>conlirmari</strong></span> <span class='ocrx_word' id='word_1_235' title='bbox 821 1844 936 1899; x_wconf 87' lang='lat' dir='ltr'><strong>curavit.</strong></span> <span class='ocrx_word' id='word_1_236' title='bbox 946 1842 977 1899; x_wconf 90' lang='lat' dir='ltr'><strong>ld</strong></span> <span class='ocrx_word' id='word_1_237' title='bbox 991 1844 1082 1914; x_wconf 85' lang='lat' dir='ltr'><strong>ipsunt</strong></span> <span class='ocrx_word' id='word_1_238' title='bbox 1122 1841 1315 1898; x_wconf 89' lang='lat' dir='ltr'><strong>constituimus</strong></span> <span class='ocrx_word' id='word_1_239' title='bbox 1334 1848 1364 1896; x_wconf 91' lang='lat' dir='ltr'><strong>ut</strong></span> <span class='ocrx_word' id='word_1_240' title='bbox 1384 1841 1438 1897; x_wconf 89' lang='lat' dir='ltr'><strong>hoc</strong></span> <span class='ocrx_word' id='word_1_241' title='bbox 1452 1841 1610 1897; x_wconf 86' lang='lat' dir='ltr'><strong>coenobium</strong></span> <span class='ocrx_word' id='word_1_242' title='bbox 1630 1840 1805 1901; x_wconf 88' lang='lat' dir='ltr'><strong>solummodo</strong></span> <span class='ocrx_word' id='word_1_243' title='bbox 1824 1843 1956 1898; x_wconf 75' lang='lat' dir='ltr'><strong>Romana</strong></span> 
     </span>
     <span class='ocr_line' id='line_1_20' title="bbox 258 1927 1956 2003; baseline -0.001 -15"><span class='ocrx_word' id='word_1_244' title='bbox 258 1933 460 1989; x_wconf 88' lang='lat' dir='ltr'><strong>narratbeatus</strong></span> <span class='ocrx_word' id='word_1_245' title='bbox 475 1932 560 1987; x_wconf 89' lang='lat' dir='ltr'><strong>abbas</strong></span> <span class='ocrx_word' id='word_1_246' title='bbox 579 1931 607 1987; x_wconf 93' lang='lat' dir='ltr'><strong>in</strong></span> <span class='ocrx_word' id='word_1_247' title='bbox 624 1931 724 1988; x_wconf 90' lang='lat' dir='ltr'><strong>notitia</strong></span> <span class='ocrx_word' id='word_1_248' title='bbox 739 1945 771 1987; x_wconf 90' lang='lat' dir='ltr'><strong>ea</strong></span> <span class='ocrx_word' id='word_1_249' title='bbox 785 1931 820 1988; x_wconf 92' lang='lat' dir='ltr'><strong>de</strong></span> <span class='ocrx_word' id='word_1_250' title='bbox 844 1946 874 1987; x_wconf 90' lang='lat' dir='ltr'><strong>re</strong></span> <span class='ocrx_word' id='word_1_251' title='bbox 893 1930 975 2000; x_wconf 85' lang='lat' dir='ltr'><strong>laeta,</strong></span> <span class='ocrx_word' id='word_1_252' title='bbox 1000 1945 1082 2003; x_wconf 87' lang='lat' dir='ltr'><strong>quam</strong></span> <span class='ocrx_word' id='word_1_253' title='bbox 1122 1927 1193 1985; x_wconf 89' lang='lat' dir='ltr'><strong>loret</strong></span> <span class='ocrx_word' id='word_1_254' title='bbox 1213 1928 1344 1985; x_wconf 75' lang='lat' dir='ltr'><strong>Ecclesiae</strong></span> <span class='ocrx_word' id='word_1_255' title='bbox 1362 1930 1528 2000; x_wconf 82' lang='lat' dir='ltr'><strong>subjeetum,</strong></span> <span class='ocrx_word' id='word_1_256' title='bbox 1544 1931 1636 2000; x_wconf 87' lang='lat' dir='ltr'><strong>obque</strong></span> <span class='ocrx_word' id='word_1_257' title='bbox 1652 1931 1695 1986; x_wconf 90' lang='lat' dir='ltr'><strong>sui</strong></span> <span class='ocrx_word' id='word_1_258' title='bbox 1716 1930 1835 1987; x_wconf 85' lang='lat' dir='ltr'><strong>tutelam</strong></span> <span class='ocrx_word' id='word_1_259' title='bbox 1857 1931 1956 1988; x_wconf 89' lang='lat' dir='ltr'><strong>domno</strong></span> 
     </span>
     <span class='ocr_line' id='line_1_21' title="bbox 257 2018 1955 2092; baseline 0.001 -18"><span class='ocrx_word' id='word_1_260' title='bbox 257 2020 286 2076; x_wconf 92' lang='lat' dir='ltr'><strong>in</strong></span> <span class='ocrx_word' id='word_1_261' title='bbox 305 2021 448 2077; x_wconf 84' lang='lat' dir='ltr'><strong>chartario</strong></span> <span class='ocrx_word' id='word_1_262' title='bbox 467 2020 628 2076; x_wconf 90' lang='lat' dir='ltr'><strong>monasterii</strong></span> <span class='ocrx_word' id='word_1_263' title='bbox 657 2019 690 2075; x_wconf 91' lang='lat' dir='ltr'><strong>ad</strong></span> <span class='ocrx_word' id='word_1_264' title='bbox 721 2023 894 2090; x_wconf 86' lang='lat' dir='ltr'><strong>posterorum</strong></span> <span class='ocrx_word' id='word_1_265' title='bbox 922 2019 1082 2076; x_wconf 88' lang='lat' dir='ltr'><strong>memoriam</strong></span> <span class='ocrx_word' id='word_1_266' title='bbox 1123 2018 1276 2086; x_wconf 89' lang='lat' dir='ltr'><strong>apostolico</strong></span> <span class='ocrx_word' id='word_1_267' title='bbox 1299 2019 1422 2089; x_wconf 89' lang='lat' dir='ltr'><strong>singulos</strong></span> <span class='ocrx_word' id='word_1_268' title='bbox 1436 2033 1524 2076; x_wconf 88' lang='lat' dir='ltr'><strong>annos</strong></span> <span class='ocrx_word' id='word_1_269' title='bbox 1551 2019 1673 2076; x_wconf 80' lang='lat' dir='ltr'><strong>solueret</strong></span> <span class='ocrx_word' id='word_1_270' title='bbox 1701 2033 1803 2078; x_wconf 88' lang='lat' dir='ltr'><strong>munus</strong></span> <span class='ocrx_word' id='word_1_271' title='bbox 1833 2021 1955 2092; x_wconf 87' lang='lat' dir='ltr'><strong>quinque</strong></span> 
     </span>
    </p>
   </div>
   <div class='ocr_carea' id='block_1_3' title="bbox 172 2105 1955 2179">
    <p class='ocr_par' dir='ltr' id='par_1_4' title="bbox 172 2105 1955 2179">
     <span class='ocr_line' id='line_1_22' title="bbox 172 2105 1955 2179; baseline -0.001 -14"><span class='ocrx_word' id='word_1_272' title='bbox 172 2123 180 2134; x_wconf 83' lang='grc'><em>·</em></span> <span class='ocrx_word' id='word_1_273' title='bbox 257 2111 378 2166; x_wconf 85' lang='lat' dir='ltr'><strong>describi</strong></span> <span class='ocrx_word' id='word_1_274' title='bbox 393 2110 498 2165; x_wconf 86' lang='lat' dir='ltr'><strong>curarit</strong></span> <span class='ocrx_word' id='word_1_275' title='bbox 512 2109 563 2165; x_wconf 90' lang='lat' dir='ltr'><strong>snb</strong></span> <span class='ocrx_word' id='word_1_276' title='bbox 582 2109 634 2164; x_wconf 83' lang='lat' dir='ltr'><strong>hec</strong></span> <span class='ocrx_word' id='word_1_277' title='bbox 653 2108 739 2165; x_wconf 87' lang='lat' dir='ltr'><strong>iorma</strong></span> <span class='ocrx_word' id='word_1_278' title='bbox 754 2129 761 2164; x_wconf 90' lang='lat'>:</span> <span class='ocrx_word' id='word_1_279' title='bbox 1123 2105 1285 2163; x_wconf 89' lang='lat' dir='ltr'><strong>solidorum.</strong></span> <span class='ocrx_word' id='word_1_280' title='bbox 1303 2109 1337 2164; x_wconf 85' lang='lat' dir='ltr'><strong>ht</strong></span> <span class='ocrx_word' id='word_1_281' title='bbox 1351 2121 1403 2179; x_wconf 87' lang='lat' dir='ltr'><strong>ego</strong></span> <span class='ocrx_word' id='word_1_282' title='bbox 1415 2109 1471 2178; x_wconf 80' lang='lat' dir='ltr'><strong>jam</strong></span> <span class='ocrx_word' id='word_1_283' title='bbox 1482 2107 1655 2165; x_wconf 90' lang='lat' dir='ltr'><strong>descendens</strong></span> <span class='ocrx_word' id='word_1_284' title='bbox 1670 2110 1698 2164; x_wconf 94' lang='lat' dir='ltr'><strong>in</strong></span> <span class='ocrx_word' id='word_1_285' title='bbox 1708 2106 1854 2165; x_wconf 88' lang='lat' dir='ltr'><strong>delectum</strong></span> <span class='ocrx_word' id='word_1_286' title='bbox 1870 2111 1955 2165; x_wconf 76' lang='lat' dir='ltr'><strong>aeteus</strong></span> 
     </span>
    </p>
   </div>
   <div class='ocr_carea' id='block_1_4' title="bbox 257 2193 1955 3156">
    <p class='ocr_par' dir='ltr' id='par_1_5' title="bbox 257 2193 1955 3156">
     <span class='ocr_line' id='line_1_23' title="bbox 296 2193 1955 2269; baseline 0.004 -20"><span class='ocrx_word' id='word_1_287' title='bbox 296 2199 421 2254; x_wconf 75' lang='lat' dir='ltr'><strong>«Omnia</strong></span> <span class='ocrx_word' id='word_1_288' title='bbox 440 2203 500 2253; x_wconf 92' lang='lat' dir='ltr'><strong>orta</strong></span> <span class='ocrx_word' id='word_1_289' title='bbox 520 2197 662 2263; x_wconf 89' lang='lat' dir='ltr'><strong>occidunt,</strong></span> <span class='ocrx_word' id='word_1_290' title='bbox 686 2203 714 2253; x_wconf 92' lang='grc' dir='ltr'><strong>ει</strong></span> <span class='ocrx_word' id='word_1_291' title='bbox 737 2203 817 2253; x_wconf 90' lang='lat' dir='ltr'><strong>aucta</strong></span> <span class='ocrx_word' id='word_1_292' title='bbox 840 2205 1000 2268; x_wconf 89' lang='lat' dir='ltr'><strong>senescunt,</strong></span> <span class='ocrx_word' id='word_1_293' title='bbox 1031 2211 1084 2254; x_wconf 89' lang='lat' dir='ltr'><strong>nee</strong></span> <span class='ocrx_word' id='word_1_294' title='bbox 1124 2193 1292 2265; x_wconf 84' lang='lat' dir='ltr'><strong>decrepitae,</strong></span> <span class='ocrx_word' id='word_1_295' title='bbox 1321 2198 1431 2267; x_wconf 81' lang='lat' dir='ltr'><strong>jamjam</strong></span> <span class='ocrx_word' id='word_1_296' title='bbox 1464 2211 1556 2254; x_wconf 89' lang='lat' dir='ltr'><strong>curam</strong></span> <span class='ocrx_word' id='word_1_297' title='bbox 1584 2198 1783 2254; x_wconf 87' lang='lat' dir='ltr'><strong>monachorum</strong></span> <span class='ocrx_word' id='word_1_298' title='bbox 1808 2199 1955 2269; x_wconf 75' lang='lat' dir='ltr'><strong>cupiebam</strong></span> 
     </span>
     <span class='ocr_line' id='line_1_24' title="bbox 259 2281 1954 2357; baseline -0.001 -13"><span class='ocrx_word' id='word_1_299' title='bbox 259 2288 373 2345; x_wconf 90' lang='lat' dir='ltr'><strong>multum</strong></span> <span class='ocrx_word' id='word_1_300' title='bbox 398 2288 517 2344; x_wconf 91' lang='lat' dir='ltr'><strong>hominis</strong></span> <span class='ocrx_word' id='word_1_301' title='bbox 543 2293 651 2357; x_wconf 89' lang='lat' dir='ltr'><strong>tempus</strong></span> <span class='ocrx_word' id='word_1_302' title='bbox 674 2287 860 2356; x_wconf 89' lang='lat' dir='ltr'><strong>protenditur,</strong></span> <span class='ocrx_word' id='word_1_303' title='bbox 885 2288 999 2356; x_wconf 74' lang='lat' dir='ltr'><strong>eiusque</strong></span> <span class='ocrx_word' id='word_1_304' title='bbox 1022 2301 1083 2344; x_wconf 90' lang='lat' dir='ltr'><strong>me·</strong></span> <span class='ocrx_word' id='word_1_305' title='bbox 1124 2281 1274 2351; x_wconf 86' lang='lat' dir='ltr'><strong>dimittere,</strong></span> <span class='ocrx_word' id='word_1_306' title='bbox 1289 2290 1371 2354; x_wconf 87' lang='lat' dir='ltr'><strong>atque</strong></span> <span class='ocrx_word' id='word_1_307' title='bbox 1391 2285 1480 2341; x_wconf 89' lang='lat' dir='ltr'><strong>minus</strong></span> <span class='ocrx_word' id='word_1_308' title='bbox 1498 2285 1575 2341; x_wconf 91' lang='lat' dir='ltr'><strong>utilis</strong></span> <span class='ocrx_word' id='word_1_309' title='bbox 1591 2285 1698 2342; x_wconf 91' lang='lat' dir='ltr'><strong>meliori</strong></span> <span class='ocrx_word' id='word_1_310' title='bbox 1719 2286 1836 2342; x_wconf 82' lang='lat' dir='ltr'><strong>cedere.</strong></span> <span class='ocrx_word' id='word_1_311' title='bbox 1859 2289 1954 2342; x_wconf 75' lang='lat' dir='ltr'><strong>Verum</strong></span> 
     </span>
     <span class='ocr_line' id='line_1_25' title="bbox 259 2369 1955 2446; baseline -0.001 -12"><span class='ocrx_word' id='word_1_312' title='bbox 259 2377 346 2434; x_wconf 85' lang='lat' dir='ltr'><strong>moria</strong></span> <span class='ocrx_word' id='word_1_313' title='bbox 360 2375 520 2432; x_wconf 86' lang='lat' dir='ltr'><strong>brevissima</strong></span> <span class='ocrx_word' id='word_1_314' title='bbox 533 2376 686 2446; x_wconf 87' lang='lat' dir='ltr'><strong>probatnr;</strong></span> <span class='ocrx_word' id='word_1_315' title='bbox 712 2375 760 2431; x_wconf 90' lang='lat' dir='ltr'><strong>scd</strong></span> <span class='ocrx_word' id='word_1_316' title='bbox 785 2375 887 2431; x_wconf 80' lang='lat' dir='ltr'><strong>oblivio</strong></span> <span class='ocrx_word' id='word_1_317' title='bbox 915 2387 951 2430; x_wconf 93' lang='grc' dir='ltr'><strong>ιιε</strong></span> <span class='ocrx_word' id='word_1_318' title='bbox 970 2388 1088 2446; x_wconf 87' lang='lat' dir='ltr'><strong>prorsus·</strong></span> <span class='ocrx_word' id='word_1_319' title='bbox 1124 2369 1243 2427; x_wconf 88' lang='lat' dir='ltr'><strong>domnus</strong></span> <span class='ocrx_word' id='word_1_320' title='bbox 1269 2374 1381 2428; x_wconf 79' lang='lat' dir='ltr'><strong>limatus</strong></span> <span class='ocrx_word' id='word_1_321' title='bbox 1409 2387 1425 2428; x_wconf 90' lang='lat' dir='ltr'><strong>a</strong></span> <span class='ocrx_word' id='word_1_322' title='bbox 1454 2374 1558 2430; x_wconf 87' lang='lat' dir='ltr'><strong>nostris</strong></span> <span class='ocrx_word' id='word_1_323' title='bbox 1576 2381 1689 2444; x_wconf 85' lang='lat' dir='ltr'><strong>rogatus</strong></span> <span class='ocrx_word' id='word_1_324' title='bbox 1712 2373 1861 2442; x_wconf 89' lang='lat' dir='ltr'><strong>iratribus,</strong></span> <span class='ocrx_word' id='word_1_325' title='bbox 1894 2375 1955 2431; x_wconf 90' lang='lat' dir='ltr'><strong>lieet</strong></span> 
     </span>
     <span class='ocr_line' id='line_1_26' title="bbox 258 2461 1952 2537; baseline -0.001 -15"><span class='ocrx_word' id='word_1_326' title='bbox 258 2467 399 2537; x_wconf 81' lang='lat' dir='ltr'><strong>preterita</strong></span> <span class='ocrx_word' id='word_1_327' title='bbox 413 2465 571 2532; x_wconf 90' lang='lat' dir='ltr'><strong>absorbeat,</strong></span> <span class='ocrx_word' id='word_1_328' title='bbox 592 2477 707 2522; x_wconf 88' lang='lat' dir='ltr'><strong>necesse</strong></span> <span class='ocrx_word' id='word_1_329' title='bbox 723 2469 766 2520; x_wconf 90' lang='lat' dir='ltr'><strong>est</strong></span> <span class='ocrx_word' id='word_1_330' title='bbox 784 2468 815 2520; x_wconf 90' lang='lat' dir='ltr'><strong>ut</strong></span> <span class='ocrx_word' id='word_1_331' title='bbox 839 2469 1083 2536; x_wconf 84' lang='lat' dir='ltr'><strong>rerumgestarum</strong></span> <span class='ocrx_word' id='word_1_332' title='bbox 1124 2461 1192 2516; x_wconf 89' lang='lat' dir='ltr'><strong>totis</strong></span> <span class='ocrx_word' id='word_1_333' title='bbox 1206 2461 1363 2518; x_wconf 89' lang='lat' dir='ltr'><strong>resisterem</strong></span> <span class='ocrx_word' id='word_1_334' title='bbox 1382 2461 1499 2530; x_wconf 89' lang='lat' dir='ltr'><strong>nisibus,</strong></span> <span class='ocrx_word' id='word_1_335' title='bbox 1515 2469 1606 2519; x_wconf 80' lang='grc' dir='ltr'>ιειιιειι</span> <span class='ocrx_word' id='word_1_336' title='bbox 1627 2463 1692 2519; x_wconf 91' lang='lat' dir='ltr'><strong>mibi</strong></span> <span class='ocrx_word' id='word_1_337' title='bbox 1712 2477 1746 2519; x_wconf 81' lang='lat' dir='ltr'><strong>ex</strong></span> <span class='ocrx_word' id='word_1_338' title='bbox 1762 2471 1845 2533; x_wconf 85' lang='lat' dir='ltr'><strong>parte</strong></span> <span class='ocrx_word' id='word_1_339' title='bbox 1861 2464 1952 2520; x_wconf 88' lang='lat' dir='ltr'><strong>domni</strong></span> 
     </span>
     <span class='ocr_line' id='line_1_27' title="bbox 259 2549 1952 2623; baseline -0.001 -12"><span class='ocrx_word' id='word_1_340' title='bbox 259 2556 385 2612; x_wconf 91' lang='lat' dir='ltr'><strong>notitiam</strong></span> <span class='ocrx_word' id='word_1_341' title='bbox 400 2555 492 2610; x_wconf 83' lang='lat' dir='ltr'><strong>littere</strong></span> <span class='ocrx_word' id='word_1_342' title='bbox 512 2554 641 2618; x_wconf 89' lang='lat' dir='ltr'><strong>retineat,</strong></span> <span class='ocrx_word' id='word_1_343' title='bbox 656 2560 792 2623; x_wconf 89' lang='lat' dir='ltr'><strong>quatenns</strong></span> <span class='ocrx_word' id='word_1_344' title='bbox 810 2553 876 2622; x_wconf 91' lang='lat' dir='ltr'><strong>qnid</strong></span> <span class='ocrx_word' id='word_1_345' title='bbox 900 2553 937 2609; x_wconf 92' lang='lat' dir='ltr'><strong>sit</strong></span> <span class='ocrx_word' id='word_1_346' title='bbox 952 2553 1084 2610; x_wconf 88' lang='lat' dir='ltr'><strong>mutabile</strong></span> <span class='ocrx_word' id='word_1_347' title='bbox 1125 2549 1271 2618; x_wconf 68' lang='lat' dir='ltr'><strong>apostolici</strong></span> <span class='ocrx_word' id='word_1_348' title='bbox 1287 2555 1403 2606; x_wconf 76' lang='lat' dir='ltr'><strong>testatus</strong></span> <span class='ocrx_word' id='word_1_349' title='bbox 1418 2551 1615 2618; x_wconf 81' lang='lat' dir='ltr'><strong>obedientiam,</strong></span> <span class='ocrx_word' id='word_1_350' title='bbox 1635 2565 1731 2608; x_wconf 86' lang='lat' dir='ltr'><strong>eorum</strong></span> <span class='ocrx_word' id='word_1_351' title='bbox 1745 2554 1952 2610; x_wconf 82' lang='lat' dir='ltr'><strong>commendant</strong></span> 
     </span>
     <span class='ocr_line' id='line_1_28' title="bbox 257 2637 1951 2712; baseline -0.001 -14"><span class='ocrx_word' id='word_1_352' title='bbox 257 2641 367 2700; x_wconf 82' lang='lat' dir='ltr'><strong>futuros</strong></span> <span class='ocrx_word' id='word_1_353' title='bbox 390 2655 446 2698; x_wconf 92' lang='lat' dir='ltr'><strong>non</strong></span> <span class='ocrx_word' id='word_1_354' title='bbox 466 2641 559 2697; x_wconf 88' lang='lat' dir='ltr'><strong>lateat.</strong></span> <span class='ocrx_word' id='word_1_355' title='bbox 580 2642 668 2712; x_wconf 91' lang='lat' dir='ltr'><strong>lgitur</strong></span> <span class='ocrx_word' id='word_1_356' title='bbox 681 2641 733 2697; x_wconf 91' lang='lat' dir='ltr'><strong>hoe</strong></span> <span class='ocrx_word' id='word_1_357' title='bbox 749 2655 872 2711; x_wconf 74' lang='lat' dir='ltr'><strong>presens</strong></span> <span class='ocrx_word' id='word_1_358' title='bbox 895 2654 951 2698; x_wconf 92' lang='lat' dir='ltr'><strong>non</strong></span> <span class='ocrx_word' id='word_1_359' title='bbox 971 2642 1081 2712; x_wconf 81' lang='lat' dir='ltr'><strong>ignoret</strong></span> <span class='ocrx_word' id='word_1_360' title='bbox 1126 2637 1336 2706; x_wconf 85' lang='lat' dir='ltr'><strong>providentiam.</strong></span> <span class='ocrx_word' id='word_1_361' title='bbox 1357 2640 1422 2694; x_wconf 82' lang='lat' dir='ltr'><strong>heta</strong></span> <span class='ocrx_word' id='word_1_362' title='bbox 1443 2645 1484 2694; x_wconf 91' lang='lat' dir='ltr'><strong>est</strong></span> <span class='ocrx_word' id='word_1_363' title='bbox 1507 2653 1573 2696; x_wconf 88' lang='lat' dir='ltr'><strong>vero</strong></span> <span class='ocrx_word' id='word_1_364' title='bbox 1592 2641 1751 2710; x_wconf 89' lang='lat' dir='ltr'><strong>supradicta</strong></span> <span class='ocrx_word' id='word_1_365' title='bbox 1777 2641 1951 2698; x_wconf 83' lang='lat' dir='ltr'><strong>confirmatio</strong></span> 
     </span>
     <span class='ocr_line' id='line_1_29' title="bbox 258 2725 1952 2801; baseline 0 -14"><span class='ocrx_word' id='word_1_366' title='bbox 258 2731 393 2798; x_wconf 82' lang='lat' dir='ltr'><strong>Ecclesia,</strong></span> <span class='ocrx_word' id='word_1_367' title='bbox 422 2730 472 2786; x_wconf 88' lang='lat' dir='ltr'><strong>sed</strong></span> <span class='ocrx_word' id='word_1_368' title='bbox 491 2743 542 2786; x_wconf 91' lang='lat' dir='ltr'><strong>nee</strong></span> <span class='ocrx_word' id='word_1_369' title='bbox 566 2730 715 2800; x_wconf 88' lang='lat' dir='ltr'><strong>posteritas</strong></span> <span class='ocrx_word' id='word_1_370' title='bbox 737 2729 803 2786; x_wconf 91' lang='lat' dir='ltr'><strong>bine</strong></span> <span class='ocrx_word' id='word_1_371' title='bbox 820 2729 925 2786; x_wconf 88' lang='lat' dir='ltr'><strong>haereat</strong></span> <span class='ocrx_word' id='word_1_372' title='bbox 944 2730 1082 2801; x_wconf 88' lang='lat' dir='ltr'><strong>ambigua,</strong></span> <span class='ocrx_word' id='word_1_373' title='bbox 1124 2725 1314 2797; x_wconf 81' lang='lat' dir='ltr'><strong>burdigalensi</strong></span> <span class='ocrx_word' id='word_1_374' title='bbox 1331 2727 1441 2783; x_wconf 89' lang='lat' dir='ltr'><strong>civitate</strong></span> <span class='ocrx_word' id='word_1_375' title='bbox 1459 2729 1488 2786; x_wconf 92' lang='grc' dir='ltr'><strong>ιιι</strong></span> <span class='ocrx_word' id='word_1_376' title='bbox 1510 2729 1642 2796; x_wconf 92' lang='lat' dir='ltr'><strong>concilio,</strong></span> <span class='ocrx_word' id='word_1_377' title='bbox 1668 2744 1740 2786; x_wconf 91' lang='lat' dir='ltr'><strong>auno</strong></span> <span class='ocrx_word' id='word_1_378' title='bbox 1764 2731 1799 2786; x_wconf 89' lang='lat' dir='ltr'><strong>ab</strong></span> <span class='ocrx_word' id='word_1_379' title='bbox 1825 2733 1952 2787; x_wconf 79' lang='lat' dir='ltr'><strong>incarus·</strong></span> 
     </span>
     <span class='ocr_line' id='line_1_30' title="bbox 257 2813 1948 2891; baseline -0.001 -15"><span class='ocrx_word' id='word_1_380' title='bbox 257 2822 332 2891; x_wconf 94' lang='lat' dir='ltr'><strong>qnod</strong></span> <span class='ocrx_word' id='word_1_381' title='bbox 369 2825 464 2877; x_wconf 89' lang='lat' dir='ltr'><strong>nostra</strong></span> <span class='ocrx_word' id='word_1_382' title='bbox 500 2825 606 2890; x_wconf 89' lang='lat' dir='ltr'><strong>gestum</strong></span> <span class='ocrx_word' id='word_1_383' title='bbox 640 2824 682 2875; x_wconf 92' lang='grc' dir='ltr'><strong>εει</strong></span> <span class='ocrx_word' id='word_1_384' title='bbox 710 2817 867 2888; x_wconf 87' lang='lat' dir='ltr'><strong>praeseutia.</strong></span> <span class='ocrx_word' id='word_1_385' title='bbox 906 2819 962 2890; x_wconf 83' lang='lat' dir='ltr'><strong>Ego</strong></span> <span class='ocrx_word' id='word_1_386' title='bbox 989 2818 1082 2888; x_wconf 91' lang='lat' dir='ltr'><strong>itaque</strong></span> <span class='ocrx_word' id='word_1_387' title='bbox 1125 2815 1201 2870; x_wconf 91' lang='lat' dir='ltr'><strong>tione</strong></span> <span class='ocrx_word' id='word_1_388' title='bbox 1227 2816 1335 2872; x_wconf 88' lang='lat' dir='ltr'><strong>Domini</strong></span> <span class='ocrx_word' id='word_1_389' title='bbox 1364 2813 1442 2884; x_wconf 86' lang='lat'><strong>1080,</strong></span> <span class='ocrx_word' id='word_1_390' title='bbox 1459 2815 1614 2874; x_wconf 87' lang='lat' dir='ltr'><strong>indictione</strong></span> <span class='ocrx_word' id='word_1_391' title='bbox 1633 2833 1675 2886; x_wconf 84' lang='lat' dir='ltr'><strong>ur,</strong></span> <span class='ocrx_word' id='word_1_392' title='bbox 1702 2826 1801 2888; x_wconf 87' lang='lat' dir='ltr'><strong>epacta</strong></span> <span class='ocrx_word' id='word_1_393' title='bbox 1828 2835 1905 2886; x_wconf 81' lang='lat' dir='ltr'><strong>ma,</strong></span> <span class='ocrx_word' id='word_1_394' title='bbox 1924 2835 1948 2874; x_wconf 85' lang='lat' dir='ltr'><strong>rr</strong></span> 
     </span>
     <span class='ocr_line' id='line_1_31' title="bbox 258 2903 1947 2980; baseline 0 -15"><span class='ocrx_word' id='word_1_395' title='bbox 258 2909 391 2965; x_wconf 85' lang='lat' dir='ltr'><strong>Geraldns</strong></span> <span class='ocrx_word' id='word_1_396' title='bbox 419 2909 475 2963; x_wconf 87' lang='lat' dir='ltr'><strong>beo</strong></span> <span class='ocrx_word' id='word_1_397' title='bbox 503 2907 638 2977; x_wconf 88' lang='lat' dir='ltr'><strong>largiente</strong></span> <span class='ocrx_word' id='word_1_398' title='bbox 662 2907 757 2972; x_wconf 92' lang='lat' dir='ltr'><strong>abbas,</strong></span> <span class='ocrx_word' id='word_1_399' title='bbox 783 2907 907 2976; x_wconf 85' lang='lat' dir='ltr'><strong>quamvis</strong></span> <span class='ocrx_word' id='word_1_400' title='bbox 932 2906 1081 2978; x_wconf 87' lang='lat' dir='ltr'><strong>indignus,</strong></span> <span class='ocrx_word' id='word_1_401' title='bbox 1124 2903 1217 2959; x_wconf 88' lang='lat' dir='ltr'><strong>Nonas</strong></span> <span class='ocrx_word' id='word_1_402' title='bbox 1248 2905 1400 2973; x_wconf 88' lang='lat' dir='ltr'><strong>Octobris,</strong></span> <span class='ocrx_word' id='word_1_403' title='bbox 1432 2921 1482 2961; x_wconf 82' lang='lat' dir='ltr'><strong>vm</strong></span> <span class='ocrx_word' id='word_1_404' title='bbox 1510 2919 1583 2962; x_wconf 91' lang='lat' dir='ltr'><strong>anuo</strong></span> <span class='ocrx_word' id='word_1_405' title='bbox 1616 2907 1661 2962; x_wconf 92' lang='lat' dir='ltr'><strong>vii</strong></span> <span class='ocrx_word' id='word_1_406' title='bbox 1691 2907 1820 2979; x_wconf 86' lang='lat' dir='ltr'><strong>Gregorii</strong></span> <span class='ocrx_word' id='word_1_407' title='bbox 1852 2923 1947 2980; x_wconf 75' lang='lat' dir='ltr'><strong>pape,</strong></span> 
     </span>
     <span class='ocr_line' id='line_1_32' title="bbox 262 2991 1949 3068; baseline 0.001 -17"><span class='ocrx_word' id='word_1_408' title='bbox 262 2997 311 3052; x_wconf 88' lang='lat' dir='ltr'><strong>diu</strong></span> <span class='ocrx_word' id='word_1_409' title='bbox 326 3001 483 3066; x_wconf 84' lang='lat' dir='ltr'><strong>optaveram</strong></span> <span class='ocrx_word' id='word_1_410' title='bbox 498 2993 580 3066; x_wconf 81' lang='lat' dir='ltr'><strong>eripil</strong></span> <span class='ocrx_word' id='word_1_411' title='bbox 593 2994 627 3049; x_wconf 90' lang='lat' dir='ltr'><strong>de</strong></span> <span class='ocrx_word' id='word_1_412' title='bbox 651 2993 798 3049; x_wconf 87' lang='lat' dir='ltr'><strong>mundanis</strong></span> <span class='ocrx_word' id='word_1_413' title='bbox 821 2993 960 3062; x_wconf 83' lang='lat' dir='ltr'><strong>luctibus,</strong></span> <span class='ocrx_word' id='word_1_414' title='bbox 982 2991 1253 3064; x_wconf 84' lang='lat' dir='ltr'><strong>quibusGPhillppo</strong></span> <span class='ocrx_word' id='word_1_415' title='bbox 1277 2994 1305 3049; x_wconf 92' lang='lat' dir='ltr'><strong>in</strong></span> <span class='ocrx_word' id='word_1_416' title='bbox 1325 2995 1439 3050; x_wconf 81' lang='lat' dir='ltr'><strong>Francia</strong></span> <span class='ocrx_word' id='word_1_417' title='bbox 1458 3001 1600 3066; x_wconf 83' lang='lat' dir='ltr'><strong>regnante.</strong></span> <span class='ocrx_word' id='word_1_418' title='bbox 1621 2995 1649 3050; x_wconf 91' lang='lat' dir='ltr'><strong>S.</strong></span> <span class='ocrx_word' id='word_1_419' title='bbox 1678 2995 1811 3052; x_wconf 85' lang='lat' dir='ltr'><strong>willelmi</strong></span> <span class='ocrx_word' id='word_1_420' title='bbox 1842 2998 1949 3068; x_wconf 78' lang='lat' dir='ltr'><strong>Aquita·</strong></span> 
     </span>
     <span class='ocr_line' id='line_1_33' title="bbox 259 3079 1948 3156; baseline 0.001 -16"><span class='ocrx_word' id='word_1_421' title='bbox 259 3082 451 3140; x_wconf 88' lang='lat' dir='ltr'><strong>contundebar</strong></span> <span class='ocrx_word' id='word_1_422' title='bbox 466 3081 558 3136; x_wconf 90' lang='lat' dir='ltr'><strong>acrius</strong></span> <span class='ocrx_word' id='word_1_423' title='bbox 573 3095 654 3150; x_wconf 87' lang='lat' dir='ltr'><strong>quam</strong></span> <span class='ocrx_word' id='word_1_424' title='bbox 678 3080 784 3151; x_wconf 79' lang='lat' dir='ltr'><strong>fragilis</strong></span> <span class='ocrx_word' id='word_1_425' title='bbox 806 3079 879 3137; x_wconf 90' lang='lat' dir='ltr'><strong>lerre</strong></span> <span class='ocrx_word' id='word_1_426' title='bbox 907 3089 1002 3152; x_wconf 91' lang='lat' dir='ltr'><strong>posset</strong></span> <span class='ocrx_word' id='word_1_427' title='bbox 1020 3083 1081 3138; x_wconf 90' lang='lat' dir='ltr'><strong>ani·</strong></span> <span class='ocrx_word' id='word_1_428' title='bbox 1124 3082 1214 3139; x_wconf 91' lang='lat' dir='ltr'><strong>niensi</strong></span> <span class='ocrx_word' id='word_1_429' title='bbox 1242 3082 1332 3140; x_wconf 91' lang='lat' dir='ltr'><strong>ducis.</strong></span> <span class='ocrx_word' id='word_1_430' title='bbox 1352 3081 1488 3141; x_wconf 83' lang='lat' dir='ltr'><strong>Gonllrma</strong></span> <span class='ocrx_word' id='word_1_431' title='bbox 1515 3084 1543 3155; x_wconf 86' lang='lat'>†</span> <span class='ocrx_word' id='word_1_432' title='bbox 1567 3085 1621 3141; x_wconf 89' lang='lat' dir='ltr'><strong>hoa</strong></span> <span class='ocrx_word' id='word_1_433' title='bbox 1647 3085 1730 3140; x_wconf 87' lang='lat' dir='ltr'><strong>bens.</strong></span> <span class='ocrx_word' id='word_1_434' title='bbox 1750 3086 1809 3156; x_wconf 81' lang='lat' dir='ltr'><strong>Ego</strong></span> <span class='ocrx_word' id='word_1_435' title='bbox 1841 3089 1948 3143; x_wconf 80' lang='lat' dir='ltr'><strong>Amatur</strong></span> 
     </span>
    </p>
   </div>
   <div class='ocr_carea' id='block_1_5' title="bbox 257 3256 2003 5460">
    <p class='ocr_par' dir='ltr' id='par_1_6' title="bbox 258 3256 1950 4654">
     <span class='ocr_line' id='line_1_34' title="bbox 259 3256 1949 3334; baseline 0.003 -18"><span class='ocrx_word' id='word_1_436' title='bbox 259 3273 354 3316; x_wconf 90' lang='lat' dir='ltr'><strong>eorum</strong></span> <span class='ocrx_word' id='word_1_437' title='bbox 369 3258 459 3314; x_wconf 90' lang='lat' dir='ltr'><strong>lcrrea</strong></span> <span class='ocrx_word' id='word_1_438' title='bbox 473 3256 576 3314; x_wconf 92' lang='lat' dir='ltr'><strong>molliri</strong></span> <span class='ocrx_word' id='word_1_439' title='bbox 591 3260 705 3326; x_wconf 87' lang='lat' dir='ltr'><strong>pectora</strong></span> <span class='ocrx_word' id='word_1_440' title='bbox 720 3257 875 3327; x_wconf 84' lang='lat' dir='ltr'><strong>quiverant,</strong></span> <span class='ocrx_word' id='word_1_441' title='bbox 887 3271 958 3326; x_wconf 91' lang='lat' dir='ltr'><strong>quos</strong></span> <span class='ocrx_word' id='word_1_442' title='bbox 971 3257 1083 3328; x_wconf 88' lang='lat' dir='ltr'><strong>quidem</strong></span> <span class='ocrx_word' id='word_1_443' title='bbox 1123 3261 1200 3317; x_wconf 88' lang='lat' dir='ltr'><strong>sedis</strong></span> <span class='ocrx_word' id='word_1_444' title='bbox 1228 3261 1388 3332; x_wconf 87' lang='lat' dir='ltr'><strong>apostolieae</strong></span> <span class='ocrx_word' id='word_1_445' title='bbox 1412 3261 1518 3334; x_wconf 86' lang='lat' dir='ltr'><strong>legatus</strong></span> <span class='ocrx_word' id='word_1_446' title='bbox 1546 3263 1679 3319; x_wconf 81' lang='lat' dir='ltr'><strong>confirmo</strong></span> <span class='ocrx_word' id='word_1_447' title='bbox 1694 3261 1733 3333; x_wconf 62' lang='grc' dir='ltr'><strong>ι.</strong></span> <span class='ocrx_word' id='word_1_448' title='bbox 1764 3264 1826 3334; x_wconf 77' lang='lat' dir='ltr'><strong>ligo</strong></span> <span class='ocrx_word' id='word_1_449' title='bbox 1846 3265 1949 3322; x_wconf 86' lang='lat' dir='ltr'><strong>Goeeii-</strong></span> 
     </span>
     <span class='ocr_line' id='line_1_35' title="bbox 258 3344 1949 3421; baseline 0.001 -15"><span class='ocrx_word' id='word_1_450' title='bbox 258 3347 401 3406; x_wconf 71' lang='lat' dir='ltr'><strong>secularia</strong></span> <span class='ocrx_word' id='word_1_451' title='bbox 419 3347 480 3418; x_wconf 91' lang='lat' dir='ltr'><strong>plus</strong></span> <span class='ocrx_word' id='word_1_452' title='bbox 501 3345 586 3402; x_wconf 90' lang='lat' dir='ltr'><strong>nimio</strong></span> <span class='ocrx_word' id='word_1_453' title='bbox 610 3344 721 3416; x_wconf 88' lang='lat' dir='ltr'><strong>negotia</strong></span> <span class='ocrx_word' id='word_1_454' title='bbox 735 3345 925 3402; x_wconf 88' lang='lat' dir='ltr'><strong>induruerant.</strong></span> <span class='ocrx_word' id='word_1_455' title='bbox 945 3347 1080 3417; x_wconf 86' lang='lat' dir='ltr'><strong>lienique,</strong></span> <span class='ocrx_word' id='word_1_456' title='bbox 1123 3362 1177 3406; x_wconf 88' lang='lat' dir='ltr'><strong>nus</strong></span> <span class='ocrx_word' id='word_1_457' title='bbox 1208 3349 1412 3420; x_wconf 86' lang='lat' dir='ltr'><strong>burdigalensis</strong></span> <span class='ocrx_word' id='word_1_458' title='bbox 1448 3349 1674 3421; x_wconf 89' lang='lat' dir='ltr'><strong>archiepiscopus</strong></span> <span class='ocrx_word' id='word_1_459' title='bbox 1711 3359 1855 3420; x_wconf 82' lang='lat' dir='ltr'><strong>praesemc</strong></span> <span class='ocrx_word' id='word_1_460' title='bbox 1889 3367 1949 3410; x_wconf 84' lang='lat' dir='ltr'><strong>eon</strong></span> 
     </span>
     <span class='ocr_line' id='line_1_36' title="bbox 260 3433 1949 3509; baseline 0.003 -15"><span class='ocrx_word' id='word_1_461' title='bbox 260 3443 432 3494; x_wconf 92' lang='lat' dir='ltr'><strong>monstrante</strong></span> <span class='ocrx_word' id='word_1_462' title='bbox 451 3435 543 3492; x_wconf 89' lang='lat' dir='ltr'><strong>divina</strong></span> <span class='ocrx_word' id='word_1_463' title='bbox 562 3433 709 3490; x_wconf 87' lang='lat' dir='ltr'><strong>clementia</strong></span> <span class='ocrx_word' id='word_1_464' title='bbox 733 3441 842 3504; x_wconf 92' lang='lat' dir='ltr'><strong>portum</strong></span> <span class='ocrx_word' id='word_1_465' title='bbox 858 3433 964 3501; x_wconf 88' lang='lat' dir='ltr'><strong>salutis,</strong></span> <span class='ocrx_word' id='word_1_466' title='bbox 981 3435 1084 3506; x_wconf 89' lang='lat' dir='ltr'><strong>placuit</strong></span> <span class='ocrx_word' id='word_1_467' title='bbox 1123 3437 1189 3495; x_wconf 90' lang='lat' dir='ltr'><strong>cilio</strong></span> <span class='ocrx_word' id='word_1_468' title='bbox 1204 3438 1328 3495; x_wconf 90' lang='lat' dir='ltr'><strong>concedo</strong></span> <span class='ocrx_word' id='word_1_469' title='bbox 1352 3444 1380 3495; x_wconf 90' lang='lat' dir='ltr'><strong>et</strong></span> <span class='ocrx_word' id='word_1_470' title='bbox 1403 3438 1537 3496; x_wconf 93' lang='lat' dir='ltr'><strong>eonllrmo</strong></span> <span class='ocrx_word' id='word_1_471' title='bbox 1560 3437 1597 3509; x_wconf 65' lang='lat' dir='ltr'><strong>l.</strong></span> <span class='ocrx_word' id='word_1_472' title='bbox 1619 3441 1647 3496; x_wconf 90' lang='lat' dir='ltr'><strong>S.</strong></span> <span class='ocrx_word' id='word_1_473' title='bbox 1672 3438 1784 3496; x_wconf 84' lang='lat' dir='ltr'><strong>bodulli</strong></span> <span class='ocrx_word' id='word_1_474' title='bbox 1802 3441 1949 3499; x_wconf 84' lang='lat' dir='ltr'><strong>Turonen-</strong></span> 
     </span>
     <span class='ocr_line' id='line_1_37' title="bbox 260 3521 1950 3601; baseline 0.002 -19"><span class='ocrx_word' id='word_1_475' title='bbox 260 3526 352 3582; x_wconf 91' lang='lat' dir='ltr'><strong>animo</strong></span> <span class='ocrx_word' id='word_1_476' title='bbox 366 3529 445 3581; x_wconf 89' lang='lat' dir='ltr'><strong>antra</strong></span> <span class='ocrx_word' id='word_1_477' title='bbox 460 3527 555 3595; x_wconf 89' lang='lat' dir='ltr'><strong>petere</strong></span> <span class='ocrx_word' id='word_1_478' title='bbox 570 3521 739 3589; x_wconf 90' lang='lat' dir='ltr'><strong>solitudinis,</strong></span> <span class='ocrx_word' id='word_1_479' title='bbox 756 3524 802 3579; x_wconf 91' lang='lat' dir='ltr'><strong>ubi</strong></span> <span class='ocrx_word' id='word_1_480' title='bbox 817 3523 891 3579; x_wconf 93' lang='lat' dir='ltr'><strong>nulla</strong></span> <span class='ocrx_word' id='word_1_481' title='bbox 911 3530 984 3580; x_wconf 91' lang='lat' dir='ltr'><strong>esset</strong></span> <span class='ocrx_word' id='word_1_482' title='bbox 997 3538 1081 3581; x_wconf 86' lang='lat' dir='ltr'><strong>saecu·</strong></span> <span class='ocrx_word' id='word_1_483' title='bbox 1123 3527 1162 3582; x_wconf 92' lang='lat' dir='ltr'><strong>sis</strong></span> <span class='ocrx_word' id='word_1_484' title='bbox 1189 3527 1402 3598; x_wconf 88' lang='lat' dir='ltr'><strong>archiepiscopi.</strong></span> <span class='ocrx_word' id='word_1_485' title='bbox 1431 3529 1458 3583; x_wconf 93' lang='lat' dir='ltr'><strong>S.</strong></span> <span class='ocrx_word' id='word_1_486' title='bbox 1488 3527 1619 3585; x_wconf 87' lang='lat' dir='ltr'><strong>willelmi</strong></span> <span class='ocrx_word' id='word_1_487' title='bbox 1646 3529 1794 3584; x_wconf 73' lang='lat' dir='ltr'><strong>humensis</strong></span> <span class='ocrx_word' id='word_1_488' title='bbox 1813 3531 1950 3601; x_wconf 80' lang='lat' dir='ltr'><strong>arehiepi</strong></span> 
     </span>
     <span class='ocr_line' id='line_1_38' title="bbox 260 3610 1949 3686; baseline 0.003 -17"><span class='ocrx_word' id='word_1_489' title='bbox 260 3614 326 3670; x_wconf 91' lang='lat' dir='ltr'><strong>laris</strong></span> <span class='ocrx_word' id='word_1_490' title='bbox 340 3612 474 3669; x_wconf 87' lang='lat' dir='ltr'><strong>habitatio</strong></span> <span class='ocrx_word' id='word_1_491' title='bbox 488 3610 620 3668; x_wconf 91' lang='lat' dir='ltr'><strong>hominis.</strong></span> <span class='ocrx_word' id='word_1_492' title='bbox 637 3611 731 3680; x_wconf 88' lang='lat' dir='ltr'><strong>ltaque</strong></span> <span class='ocrx_word' id='word_1_493' title='bbox 746 3611 934 3668; x_wconf 88' lang='lat' dir='ltr'><strong>commendata</strong></span> <span class='ocrx_word' id='word_1_494' title='bbox 950 3611 1082 3682; x_wconf 89' lang='lat' dir='ltr'><strong>episeopo</strong></span> <span class='ocrx_word' id='word_1_495' title='bbox 1122 3615 1211 3685; x_wconf 88' lang='lat' dir='ltr'><strong>scopi.</strong></span> <span class='ocrx_word' id='word_1_496' title='bbox 1231 3617 1259 3671; x_wconf 90' lang='lat' dir='ltr'><strong>S.</strong></span> <span class='ocrx_word' id='word_1_497' title='bbox 1288 3616 1404 3672; x_wconf 90' lang='lat' dir='ltr'><strong>bosonis</strong></span> <span class='ocrx_word' id='word_1_498' title='bbox 1430 3617 1610 3673; x_wconf 88' lang='lat' dir='ltr'><strong>santonensis</strong></span> <span class='ocrx_word' id='word_1_499' title='bbox 1621 3616 1757 3686; x_wconf 90' lang='lat' dir='ltr'><strong>episcopi.</strong></span> <span class='ocrx_word' id='word_1_500' title='bbox 1777 3617 1807 3672; x_wconf 85' lang='lat' dir='ltr'><strong>S</strong></span> <span class='ocrx_word' id='word_1_501' title='bbox 1824 3617 1949 3674; x_wconf 80' lang='lat' dir='ltr'><strong>Ademari</strong></span> 
     </span>
     <span class='ocr_line' id='line_1_39' title="bbox 260 3698 1950 3777; baseline 0.002 -18"><span class='ocrx_word' id='word_1_502' title='bbox 260 3715 326 3759; x_wconf 92' lang='lat' dir='ltr'><strong>eura</strong></span> <span class='ocrx_word' id='word_1_503' title='bbox 345 3701 483 3758; x_wconf 87' lang='lat' dir='ltr'><strong>commissi</strong></span> <span class='ocrx_word' id='word_1_504' title='bbox 498 3699 600 3770; x_wconf 90' lang='lat' dir='ltr'><strong>gregis,</strong></span> <span class='ocrx_word' id='word_1_505' title='bbox 627 3713 755 3769; x_wconf 89' lang='lat' dir='ltr'><strong>egressus</strong></span> <span class='ocrx_word' id='word_1_506' title='bbox 773 3711 832 3752; x_wconf 89' lang='lat' dir='ltr'><strong>snm</strong></span> <span class='ocrx_word' id='word_1_507' title='bbox 857 3698 892 3753; x_wconf 91' lang='lat' dir='ltr'><strong>de</strong></span> <span class='ocrx_word' id='word_1_508' title='bbox 916 3700 1082 3756; x_wconf 85' lang='lat' dir='ltr'><strong>monasterio</strong></span> <span class='ocrx_word' id='word_1_509' title='bbox 1123 3703 1340 3774; x_wconf 86' lang='lat' dir='ltr'><strong>Engolismensis</strong></span> <span class='ocrx_word' id='word_1_510' title='bbox 1362 3704 1495 3777; x_wconf 89' lang='lat' dir='ltr'><strong>episcopi.</strong></span> <span class='ocrx_word' id='word_1_511' title='bbox 1516 3707 1544 3760; x_wconf 92' lang='lat' dir='ltr'><strong>S.</strong></span> <span class='ocrx_word' id='word_1_512' title='bbox 1565 3704 1693 3760; x_wconf 88' lang='lat' dir='ltr'><strong>Wiilelmi</strong></span> <span class='ocrx_word' id='word_1_513' title='bbox 1714 3705 1950 3776; x_wconf 86' lang='lat' dir='ltr'><strong>Petragorieensis</strong></span> 
     </span>
     <span class='ocr_line' id='line_1_40' title="bbox 260 3785 1949 3864; baseline 0.004 -18"><span class='ocrx_word' id='word_1_514' title='bbox 260 3792 299 3859; x_wconf 91' lang='lat' dir='ltr'><strong>(S.</strong></span> <span class='ocrx_word' id='word_1_515' title='bbox 316 3790 451 3846; x_wconf 87' lang='lat' dir='ltr'><strong>vincentii</strong></span> <span class='ocrx_word' id='word_1_516' title='bbox 468 3785 603 3858; x_wconf 85' lang='lat' dir='ltr'><strong>Laudun.)</strong></span> <span class='ocrx_word' id='word_1_517' title='bbox 614 3786 810 3842; x_wconf 91' lang='lat' dir='ltr'><strong>comitantibus</strong></span> <span class='ocrx_word' id='word_1_518' title='bbox 829 3786 935 3857; x_wconf 88' lang='lat' dir='ltr'><strong>paucis,</strong></span> <span class='ocrx_word' id='word_1_519' title='bbox 951 3787 1085 3856; x_wconf 88' lang='lat' dir='ltr'><strong>ignorans</strong></span> <span class='ocrx_word' id='word_1_520' title='bbox 1124 3792 1259 3864; x_wconf 89' lang='lat' dir='ltr'><strong>episcopi.</strong></span> <span class='ocrx_word' id='word_1_521' title='bbox 1279 3793 1307 3848; x_wconf 90' lang='lat' dir='ltr'><strong>S.</strong></span> <span class='ocrx_word' id='word_1_522' title='bbox 1328 3793 1480 3864; x_wconf 81' lang='lat' dir='ltr'><strong>baymuudi</strong></span> <span class='ocrx_word' id='word_1_523' title='bbox 1499 3793 1656 3849; x_wconf 76' lang='lat' dir='ltr'><strong>vasatensis</strong></span> <span class='ocrx_word' id='word_1_524' title='bbox 1678 3793 1818 3864; x_wconf 87' lang='lat' dir='ltr'><strong>episcopi.</strong></span> <span class='ocrx_word' id='word_1_525' title='bbox 1844 3797 1874 3851; x_wconf 88' lang='lat' dir='ltr'><strong>S.</strong></span> <span class='ocrx_word' id='word_1_526' title='bbox 1901 3797 1949 3852; x_wconf 79' lang='lat' dir='ltr'><strong>iia</strong></span> 
     </span>
     <span class='ocr_line' id='line_1_41' title="bbox 260 3873 1950 3954; baseline 0.004 -20"><span class='ocrx_word' id='word_1_527' title='bbox 260 3879 373 3934; x_wconf 90' lang='lat' dir='ltr'><strong>omnino</strong></span> <span class='ocrx_word' id='word_1_528' title='bbox 405 3890 460 3946; x_wconf 92' lang='lat' dir='ltr'><strong>quo</strong></span> <span class='ocrx_word' id='word_1_529' title='bbox 499 3889 596 3931; x_wconf 89' lang='lat' dir='ltr'><strong>cursus</strong></span> <span class='ocrx_word' id='word_1_530' title='bbox 628 3873 700 3931; x_wconf 91' lang='lat' dir='ltr'><strong>loret</strong></span> <span class='ocrx_word' id='word_1_531' title='bbox 727 3873 845 3930; x_wconf 91' lang='lat' dir='ltr'><strong>itineris.</strong></span> <span class='ocrx_word' id='word_1_532' title='bbox 884 3874 938 3930; x_wconf 86' lang='lat' dir='ltr'><strong>Sed</strong></span> <span class='ocrx_word' id='word_1_533' title='bbox 973 3875 1083 3931; x_wconf 89' lang='lat' dir='ltr'><strong>tandem</strong></span> <span class='ocrx_word' id='word_1_534' title='bbox 1124 3880 1204 3951; x_wconf 86' lang='lat' dir='ltr'><strong>gonis</strong></span> <span class='ocrx_word' id='word_1_535' title='bbox 1227 3882 1399 3952; x_wconf 80' lang='lat' dir='ltr'><strong>bigorrensis</strong></span> <span class='ocrx_word' id='word_1_536' title='bbox 1427 3881 1561 3952; x_wconf 90' lang='lat' dir='ltr'><strong>episcopi.</strong></span> <span class='ocrx_word' id='word_1_537' title='bbox 1587 3883 1615 3937; x_wconf 93' lang='lat' dir='ltr'><strong>S.</strong></span> <span class='ocrx_word' id='word_1_538' title='bbox 1635 3880 1752 3939; x_wconf 88' lang='lat' dir='ltr'><strong>bonaldi</strong></span> <span class='ocrx_word' id='word_1_539' title='bbox 1776 3883 1950 3954; x_wconf 72' lang='lat' dir='ltr'><strong>agennensis</strong></span> 
     </span>
     <span class='ocr_line' id='line_1_42' title="bbox 260 3962 1948 4041; baseline 0.003 -20"><span class='ocrx_word' id='word_1_540' title='bbox 260 3966 377 4021; x_wconf 87' lang='lat' dir='ltr'><strong>Domino</strong></span> <span class='ocrx_word' id='word_1_541' title='bbox 392 3964 520 4032; x_wconf 90' lang='lat' dir='ltr'><strong>ducente,</strong></span> <span class='ocrx_word' id='word_1_542' title='bbox 536 3963 641 4035; x_wconf 92' lang='lat' dir='ltr'><strong>quippe</strong></span> <span class='ocrx_word' id='word_1_543' title='bbox 655 3962 703 4033; x_wconf 91' lang='lat' dir='ltr'><strong>qui</strong></span> <span class='ocrx_word' id='word_1_544' title='bbox 723 3975 862 4033; x_wconf 87' lang='lat' dir='ltr'><strong>nunqnam</strong></span> <span class='ocrx_word' id='word_1_545' title='bbox 877 3962 956 4018; x_wconf 90' lang='lat' dir='ltr'><strong>abest</strong></span> <span class='ocrx_word' id='word_1_546' title='bbox 970 3977 1083 4033; x_wconf 90' lang='lat' dir='ltr'><strong>speran·</strong></span> <span class='ocrx_word' id='word_1_547' title='bbox 1124 3967 1259 4040; x_wconf 89' lang='lat' dir='ltr'><strong>episcopi.</strong></span> <span class='ocrx_word' id='word_1_548' title='bbox 1277 3970 1305 4025; x_wconf 92' lang='lat' dir='ltr'><strong>S.</strong></span> <span class='ocrx_word' id='word_1_549' title='bbox 1321 3971 1395 4026; x_wconf 84' lang='lat' dir='ltr'><strong>Petri</strong></span> <span class='ocrx_word' id='word_1_550' title='bbox 1413 3968 1565 4026; x_wconf 71' lang='lat' dir='ltr'><strong>toarensis</strong></span> <span class='ocrx_word' id='word_1_551' title='bbox 1582 3969 1718 4041; x_wconf 88' lang='lat' dir='ltr'><strong>episcopi.</strong></span> <span class='ocrx_word' id='word_1_552' title='bbox 1734 3971 1764 4025; x_wconf 92' lang='lat' dir='ltr'><strong>S.</strong></span> <span class='ocrx_word' id='word_1_553' title='bbox 1779 3971 1890 4028; x_wconf 87' lang='lat' dir='ltr'><strong>odonis</strong></span> <span class='ocrx_word' id='word_1_554' title='bbox 1903 3973 1948 4026; x_wconf 80' lang='lat' dir='ltr'><strong>ab·</strong></span> 
     </span>
     <span class='ocr_line' id='line_1_43' title="bbox 261 4049 1949 4131; baseline 0.003 -22"><span class='ocrx_word' id='word_1_555' title='bbox 261 4054 335 4110; x_wconf 93' lang='lat' dir='ltr'><strong>tibus</strong></span> <span class='ocrx_word' id='word_1_556' title='bbox 361 4053 390 4108; x_wconf 90' lang='lat' dir='ltr'><strong>iu</strong></span> <span class='ocrx_word' id='word_1_557' title='bbox 414 4067 454 4120; x_wconf 88' lang='lat' dir='ltr'><strong>se,</strong></span> <span class='ocrx_word' id='word_1_558' title='bbox 484 4052 659 4122; x_wconf 85' lang='lat' dir='ltr'><strong>pervenimus</strong></span> <span class='ocrx_word' id='word_1_559' title='bbox 691 4050 725 4106; x_wconf 92' lang='lat' dir='ltr'><strong>ad</strong></span> <span class='ocrx_word' id='word_1_560' title='bbox 754 4049 884 4106; x_wconf 91' lang='lat' dir='ltr'><strong>domnum</strong></span> <span class='ocrx_word' id='word_1_561' title='bbox 917 4051 1083 4107; x_wconf 81' lang='lat' dir='ltr'><strong>willelmum</strong></span> <span class='ocrx_word' id='word_1_562' title='bbox 1124 4056 1196 4112; x_wconf 88' lang='lat' dir='ltr'><strong>batis</strong></span> <span class='ocrx_word' id='word_1_563' title='bbox 1223 4058 1316 4113; x_wconf 89' lang='lat' dir='ltr'><strong>Sancti</strong></span> <span class='ocrx_word' id='word_1_564' title='bbox 1342 4058 1456 4114; x_wconf 82' lang='lat' dir='ltr'><strong>ioannis</strong></span> <span class='ocrx_word' id='word_1_565' title='bbox 1486 4057 1732 4130; x_wconf 73' lang='lat' dir='ltr'><strong>(ingeriacensis).</strong></span> <span class='ocrx_word' id='word_1_566' title='bbox 1761 4059 1791 4114; x_wconf 90' lang='lat' dir='ltr'><strong>S.</strong></span> <span class='ocrx_word' id='word_1_567' title='bbox 1815 4061 1949 4131; x_wconf 80' lang='lat' dir='ltr'><strong>bregonis</strong></span> 
     </span>
     <span class='ocr_line' id='line_1_44' title="bbox 261 4139 1947 4220; baseline 0.002 -22"><span class='ocrx_word' id='word_1_568' title='bbox 261 4142 448 4198; x_wconf 85' lang='lat' dir='ltr'><strong>Pietarensem</strong></span> <span class='ocrx_word' id='word_1_569' title='bbox 486 4139 637 4206; x_wconf 91' lang='lat' dir='ltr'><strong>comitem,</strong></span> <span class='ocrx_word' id='word_1_570' title='bbox 667 4139 754 4195; x_wconf 84' lang='lat' dir='ltr'><strong>tirum</strong></span> <span class='ocrx_word' id='word_1_571' title='bbox 786 4139 909 4208; x_wconf 90' lang='lat' dir='ltr'><strong>apprime</strong></span> <span class='ocrx_word' id='word_1_572' title='bbox 937 4139 1083 4210; x_wconf 89' lang='lat' dir='ltr'><strong>nobilem,</strong></span> <span class='ocrx_word' id='word_1_573' title='bbox 1124 4142 1305 4201; x_wconf 86' lang='lat' dir='ltr'><strong>lialliaecnsls</strong></span> <span class='ocrx_word' id='word_1_574' title='bbox 1336 4146 1454 4215; x_wconf 89' lang='lat' dir='ltr'><strong>abbatis,</strong></span> <span class='ocrx_word' id='word_1_575' title='bbox 1487 4147 1515 4202; x_wconf 90' lang='lat' dir='ltr'><strong>S.</strong></span> <span class='ocrx_word' id='word_1_576' title='bbox 1549 4146 1682 4218; x_wconf 85' lang='lat' dir='ltr'><strong>baynaldl</strong></span> <span class='ocrx_word' id='word_1_577' title='bbox 1706 4146 1802 4202; x_wconf 87' lang='lat' dir='ltr'><strong>Sancti</strong></span> <span class='ocrx_word' id='word_1_578' title='bbox 1823 4147 1947 4220; x_wconf 77' lang='lat' dir='ltr'><strong>cypriani</strong></span> 
     </span>
     <span class='ocr_line' id='line_1_45' title="bbox 261 4225 1948 4309; baseline 0.004 -23"><span class='ocrx_word' id='word_1_579' title='bbox 261 4231 347 4288; x_wconf 90' lang='lat' dir='ltr'><strong>totius</strong></span> <span class='ocrx_word' id='word_1_580' title='bbox 366 4243 476 4301; x_wconf 89' lang='lat' dir='ltr'><strong>quoque</strong></span> <span class='ocrx_word' id='word_1_581' title='bbox 492 4228 644 4299; x_wconf 75' lang='lat' dir='ltr'><strong>Aquitaniae</strong></span> <span class='ocrx_word' id='word_1_582' title='bbox 659 4227 768 4294; x_wconf 88' lang='lat' dir='ltr'><strong>ducem,</strong></span> <span class='ocrx_word' id='word_1_583' title='bbox 788 4227 836 4297; x_wconf 92' lang='lat' dir='ltr'><strong>qui</strong></span> <span class='ocrx_word' id='word_1_584' title='bbox 852 4225 942 4283; x_wconf 88' lang='lat' dir='ltr'><strong>lucum</strong></span> <span class='ocrx_word' id='word_1_585' title='bbox 957 4228 1083 4284; x_wconf 88' lang='lat' dir='ltr'><strong>attribuit</strong></span> <span class='ocrx_word' id='word_1_586' title='bbox 1127 4232 1257 4306; x_wconf 83' lang='lat' dir='ltr'><strong>(Pictar.)</strong></span> <span class='ocrx_word' id='word_1_587' title='bbox 1274 4234 1392 4291; x_wconf 88' lang='lat' dir='ltr'><strong>abbatis.</strong></span> <span class='ocrx_word' id='word_1_588' title='bbox 1407 4236 1435 4291; x_wconf 93' lang='lat' dir='ltr'><strong>S.</strong></span> <span class='ocrx_word' id='word_1_589' title='bbox 1456 4235 1599 4292; x_wconf 85' lang='lat' dir='ltr'><strong>bertrandi</strong></span> <span class='ocrx_word' id='word_1_590' title='bbox 1618 4236 1711 4292; x_wconf 89' lang='lat' dir='ltr'><strong>Sancti</strong></span> <span class='ocrx_word' id='word_1_591' title='bbox 1730 4235 1838 4292; x_wconf 84' lang='lat' dir='ltr'><strong>tuliani</strong></span> <span class='ocrx_word' id='word_1_592' title='bbox 1856 4237 1891 4309; x_wconf 92' lang='lat' dir='ltr'><strong>[t.</strong></span> <span class='ocrx_word' id='word_1_593' title='bbox 1908 4241 1948 4293; x_wconf 82' lang='lat' dir='ltr'><strong>tn</strong></span> 
     </span>
     <span class='ocr_line' id='line_1_46' title="bbox 262 4309 1947 4395; baseline -0.001 -12"><span class='ocrx_word' id='word_1_594' title='bbox 262 4321 342 4377; x_wconf 88' lang='lat' dir='ltr'><strong>nobis</strong></span> <span class='ocrx_word' id='word_1_595' title='bbox 374 4332 551 4390; x_wconf 80' lang='lat' dir='ltr'><strong>congruum,</strong></span> <span class='ocrx_word' id='word_1_596' title='bbox 580 4317 750 4386; x_wconf 80' lang='lat' dir='ltr'><strong>stiva-major</strong></span> <span class='ocrx_word' id='word_1_597' title='bbox 773 4320 970 4385; x_wconf 81' lang='lat' dir='ltr'><strong>nuncupatum.</strong></span> <span class='ocrx_word' id='word_1_598' title='bbox 1003 4309 1200 4383; x_wconf 77' lang='lat' dir='ltr'><strong>Quodllniani</strong></span> <span class='ocrx_word' id='word_1_599' title='bbox 1213 4323 1363 4395; x_wconf 81' lang='lat' dir='ltr'><strong>nobiliaci]</strong></span> <span class='ocrx_word' id='word_1_600' title='bbox 1381 4323 1537 4380; x_wconf 79' lang='lat' dir='ltr'><strong>abbatiss.</strong></span> <span class='ocrx_word' id='word_1_601' title='bbox 1550 4323 1704 4380; x_wconf 82' lang='lat' dir='ltr'><strong>uidetncrti</strong></span> <span class='ocrx_word' id='word_1_602' title='bbox 1717 4325 1947 4382; x_wconf 78' lang='lat' dir='ltr'><strong>nauminiaccnsis</strong></span> 
     </span>
     <span class='ocr_line' id='line_1_47' title="bbox 262 4402 1944 4485; baseline 0.002 -20"><span class='ocrx_word' id='word_1_603' title='bbox 262 4409 393 4465; x_wconf 91' lang='lat' dir='ltr'><strong>allodium</strong></span> <span class='ocrx_word' id='word_1_604' title='bbox 408 4407 445 4463; x_wconf 93' lang='lat' dir='ltr'><strong>ita</strong></span> <span class='ocrx_word' id='word_1_605' title='bbox 461 4407 543 4463; x_wconf 89' lang='lat' dir='ltr'><strong>nobis</strong></span> <span class='ocrx_word' id='word_1_606' title='bbox 561 4406 595 4461; x_wconf 86' lang='lat' dir='ltr'><strong>ab</strong></span> <span class='ocrx_word' id='word_1_607' title='bbox 620 4405 669 4460; x_wconf 93' lang='lat' dir='ltr'><strong>illo</strong></span> <span class='ocrx_word' id='word_1_608' title='bbox 688 4402 843 4460; x_wconf 90' lang='lat' dir='ltr'><strong>absolutum</strong></span> <span class='ocrx_word' id='word_1_609' title='bbox 868 4403 994 4461; x_wconf 87' lang='lat' dir='ltr'><strong>redditur</strong></span> <span class='ocrx_word' id='word_1_610' title='bbox 1020 4412 1084 4461; x_wconf 88' lang='lat' dir='ltr'><strong>uta</strong></span> <span class='ocrx_word' id='word_1_611' title='bbox 1124 4409 1289 4466; x_wconf 83' lang='lat' dir='ltr'><strong>abbatiss.</strong></span> <span class='ocrx_word' id='word_1_612' title='bbox 1323 4410 1479 4467; x_wconf 83' lang='lat' dir='ltr'><strong>Fulehradii</strong></span> <span class='ocrx_word' id='word_1_613' title='bbox 1511 4411 1603 4467; x_wconf 90' lang='lat' dir='ltr'><strong>Sancti</strong></span> <span class='ocrx_word' id='word_1_614' title='bbox 1638 4410 1790 4468; x_wconf 83' lang='lat' dir='ltr'><strong>Sdrotoris</strong></span> <span class='ocrx_word' id='word_1_615' title='bbox 1821 4411 1944 4485; x_wconf 70' lang='lat' dir='ltr'><strong>(blesis)</strong></span> 
     </span>
     <span class='ocr_line' id='line_1_48' title="bbox 262 4492 1946 4571; baseline 0.002 -18"><span class='ocrx_word' id='word_1_616' title='bbox 262 4497 338 4554; x_wconf 92' lang='lat' dir='ltr'><strong>nullo</strong></span> <span class='ocrx_word' id='word_1_617' title='bbox 354 4496 393 4553; x_wconf 93' lang='lat' dir='ltr'><strong>ibi</strong></span> <span class='ocrx_word' id='word_1_618' title='bbox 408 4495 557 4568; x_wconf 89' lang='lat' dir='ltr'><strong>quidquam</strong></span> <span class='ocrx_word' id='word_1_619' title='bbox 569 4494 641 4564; x_wconf 87' lang='lat' dir='ltr'><strong>juris</strong></span> <span class='ocrx_word' id='word_1_620' title='bbox 660 4492 827 4563; x_wconf 88' lang='lat' dir='ltr'><strong>requiratur,</strong></span> <span class='ocrx_word' id='word_1_621' title='bbox 841 4493 914 4549; x_wconf 88' lang='lat' dir='ltr'><strong>sieut</strong></span> <span class='ocrx_word' id='word_1_622' title='bbox 928 4493 1010 4549; x_wconf 83' lang='lat' dir='ltr'><strong>etiem</strong></span> <span class='ocrx_word' id='word_1_623' title='bbox 1030 4493 1083 4550; x_wconf 89' lang='lat' dir='ltr'><strong>alia</strong></span> <span class='ocrx_word' id='word_1_624' title='bbox 1124 4496 1241 4554; x_wconf 90' lang='lat' dir='ltr'><strong>abbatis.</strong></span> <span class='ocrx_word' id='word_1_625' title='bbox 1261 4500 1288 4555; x_wconf 90' lang='lat' dir='ltr'><strong>S.</strong></span> <span class='ocrx_word' id='word_1_626' title='bbox 1304 4499 1439 4567; x_wconf 78' lang='lat' dir='ltr'><strong>hehelini,</strong></span> <span class='ocrx_word' id='word_1_627' title='bbox 1454 4500 1578 4556; x_wconf 87' lang='lat' dir='ltr'><strong>Goeelini</strong></span> <span class='ocrx_word' id='word_1_628' title='bbox 1592 4499 1801 4571; x_wconf 86' lang='lat' dir='ltr'><strong>burdigalensis</strong></span> <span class='ocrx_word' id='word_1_629' title='bbox 1816 4501 1946 4558; x_wconf 68' lang='lat' dir='ltr'><strong>Ecclesia</strong></span> 
     </span>
     <span class='ocr_line' id='line_1_49' title="bbox 261 4581 1358 4654; baseline -0.002 -11"><span class='ocrx_word' id='word_1_630' title='bbox 261 4587 386 4644; x_wconf 90' lang='lat' dir='ltr'><strong>chartula</strong></span> <span class='ocrx_word' id='word_1_631' title='bbox 405 4591 530 4642; x_wconf 88' lang='lat' dir='ltr'><strong>testatur.</strong></span> <span class='ocrx_word' id='word_1_632' title='bbox 546 4585 613 4640; x_wconf 86' lang='lat' dir='ltr'><strong>cum</strong></span> <span class='ocrx_word' id='word_1_633' title='bbox 628 4596 693 4654; x_wconf 85' lang='lat' dir='ltr'><strong>ergo</strong></span> <span class='ocrx_word' id='word_1_634' title='bbox 708 4583 747 4637; x_wconf 94' lang='grc' dir='ltr'><strong>ιιι</strong></span> <span class='ocrx_word' id='word_1_635' title='bbox 765 4581 862 4639; x_wconf 86' lang='lat' dir='ltr'><strong>vellem</strong></span> <span class='ocrx_word' id='word_1_636' title='bbox 877 4582 1000 4653; x_wconf 89' lang='lat' dir='ltr'><strong>incipere</strong></span> <span class='ocrx_word' id='word_1_637' title='bbox 1019 4597 1082 4640; x_wconf 90' lang='lat' dir='ltr'><strong>mo·</strong></span> <span class='ocrx_word' id='word_1_638' title='bbox 1124 4587 1323 4648; x_wconf 85' lang='lat' dir='ltr'><strong>archidiaconi.</strong></span> <span class='ocrx_word' id='word_1_639' title='bbox 1344 4607 1358 4641; x_wconf 81' lang='lat' dir='ltr'><strong>s</strong></span> 
     </span>
    </p>

    <p class='ocr_par' dir='ltr' id='par_1_7' title="bbox 257 4669 2003 5460">
     <span class='ocr_line' id='line_1_50' title="bbox 260 4669 1944 4749; baseline 0.001 -17"><span class='ocrx_word' id='word_1_640' title='bbox 260 4676 421 4742; x_wconf 86' lang='lat' dir='ltr'><strong>hasterium,</strong></span> <span class='ocrx_word' id='word_1_641' title='bbox 447 4673 557 4744; x_wconf 84' lang='lat' dir='ltr'><strong>perrexi</strong></span> <span class='ocrx_word' id='word_1_642' title='bbox 582 4671 616 4726; x_wconf 86' lang='lat' dir='ltr'><strong>ad</strong></span> <span class='ocrx_word' id='word_1_643' title='bbox 641 4671 770 4727; x_wconf 91' lang='lat' dir='ltr'><strong>domnum</strong></span> <span class='ocrx_word' id='word_1_644' title='bbox 788 4669 962 4726; x_wconf 86' lang='lat' dir='ltr'><strong>Goseelinum</strong></span> <span class='ocrx_word' id='word_1_645' title='bbox 985 4670 1083 4728; x_wconf 90' lang='lat' dir='ltr'><strong>burdi·</strong></span> <span class='ocrx_word' id='word_1_646' title='bbox 1157 4676 1184 4729; x_wconf 83' lang='lat' dir='ltr'><strong>b.</strong></span> <span class='ocrx_word' id='word_1_647' title='bbox 1201 4677 1259 4733; x_wconf 89' lang='lat' dir='ltr'><strong>iloc</strong></span> <span class='ocrx_word' id='word_1_648' title='bbox 1282 4678 1342 4746; x_wconf 86' lang='lat' dir='ltr'><strong>ipso</strong></span> <span class='ocrx_word' id='word_1_649' title='bbox 1363 4688 1436 4735; x_wconf 91' lang='lat' dir='ltr'><strong>auno</strong></span> <span class='ocrx_word' id='word_1_650' title='bbox 1451 4676 1520 4732; x_wconf 82' lang='lat'>1080</span> <span class='ocrx_word' id='word_1_651' title='bbox 1534 4677 1612 4734; x_wconf 90' lang='lat' dir='ltr'><strong>multi</strong></span> <span class='ocrx_word' id='word_1_652' title='bbox 1638 4679 1763 4749; x_wconf 87' lang='lat' dir='ltr'><strong>regionis</strong></span> <span class='ocrx_word' id='word_1_653' title='bbox 1776 4679 1881 4736; x_wconf 83' lang='lat' dir='ltr'><strong>vicinae</strong></span> <span class='ocrx_word' id='word_1_654' title='bbox 1899 4680 1944 4734; x_wconf 85' lang='lat' dir='ltr'><strong>riri</strong></span> 
     </span>
     <span class='ocr_line' id='line_1_51' title="bbox 259 4759 1945 4837; baseline 0.002 -16"><span class='ocrx_word' id='word_1_655' title='bbox 259 4765 398 4836; x_wconf 87' lang='lat' dir='ltr'><strong>galensem</strong></span> <span class='ocrx_word' id='word_1_656' title='bbox 435 4760 698 4831; x_wconf 86' lang='lat' dir='ltr'><strong>arehiepiscopum,</strong></span> <span class='ocrx_word' id='word_1_657' title='bbox 736 4759 764 4813; x_wconf 92' lang='lat' dir='ltr'><strong>in</strong></span> <span class='ocrx_word' id='word_1_658' title='bbox 801 4760 879 4829; x_wconf 86' lang='lat' dir='ltr'><strong>eujus</strong></span> <span class='ocrx_word' id='word_1_659' title='bbox 920 4759 1080 4830; x_wconf 91' lang='lat' dir='ltr'><strong>episcopatu</strong></span> <span class='ocrx_word' id='word_1_660' title='bbox 1123 4765 1232 4821; x_wconf 90' lang='lat' dir='ltr'><strong>nobiles</strong></span> <span class='ocrx_word' id='word_1_661' title='bbox 1247 4765 1449 4835; x_wconf 85' lang='lat' dir='ltr'><strong>pontideumin</strong></span> <span class='ocrx_word' id='word_1_662' title='bbox 1468 4765 1711 4837; x_wconf 76' lang='lat' dir='ltr'><strong>Silvam-bajorem</strong></span> <span class='ocrx_word' id='word_1_663' title='bbox 1726 4766 1855 4824; x_wconf 88' lang='lat' dir='ltr'><strong>studium</strong></span> <span class='ocrx_word' id='word_1_664' title='bbox 1869 4783 1945 4825; x_wconf 78' lang='lat' dir='ltr'><strong>aene</strong></span> 
     </span>
     <span class='ocr_line' id='line_1_52' title="bbox 259 4847 1941 4925; baseline 0.001 -15"><span class='ocrx_word' id='word_1_665' title='bbox 259 4853 422 4924; x_wconf 79' lang='lat' dir='ltr'><strong>praedictum</strong></span> <span class='ocrx_word' id='word_1_666' title='bbox 444 4855 504 4906; x_wconf 91' lang='lat' dir='ltr'><strong>erat</strong></span> <span class='ocrx_word' id='word_1_667' title='bbox 530 4848 672 4916; x_wconf 88' lang='lat' dir='ltr'><strong>allodium,</strong></span> <span class='ocrx_word' id='word_1_668' title='bbox 702 4848 763 4918; x_wconf 85' lang='lat' dir='ltr'><strong>ejus</strong></span> <span class='ocrx_word' id='word_1_669' title='bbox 795 4847 906 4917; x_wconf 90' lang='lat' dir='ltr'><strong>quidem</strong></span> <span class='ocrx_word' id='word_1_670' title='bbox 935 4853 1082 4919; x_wconf 85' lang='lat' dir='ltr'><strong>rogaturus</strong></span> <span class='ocrx_word' id='word_1_671' title='bbox 1122 4853 1170 4908; x_wconf 85' lang='lat' dir='ltr'><strong>loti</strong></span> <span class='ocrx_word' id='word_1_672' title='bbox 1189 4859 1218 4909; x_wconf 88' lang='grc' dir='ltr'><strong>ει</strong></span> <span class='ocrx_word' id='word_1_673' title='bbox 1234 4852 1371 4910; x_wconf 88' lang='lat' dir='ltr'><strong>Guillelml</strong></span> <span class='ocrx_word' id='word_1_674' title='bbox 1393 4855 1548 4925; x_wconf 74' lang='lat' dir='ltr'><strong>Aquitaniae</strong></span> <span class='ocrx_word' id='word_1_675' title='bbox 1571 4855 1650 4912; x_wconf 89' lang='lat' dir='ltr'><strong>ducis</strong></span> <span class='ocrx_word' id='word_1_676' title='bbox 1669 4855 1799 4925; x_wconf 81' lang='lat' dir='ltr'><strong>exempto</strong></span> <span class='ocrx_word' id='word_1_677' title='bbox 1820 4857 1941 4922; x_wconf 83' lang='lat' dir='ltr'><strong>incitati,</strong></span> 
     </span>
     <span class='ocr_line' id='line_1_53' title="bbox 257 4933 1943 5015; baseline 0.001 -17"><span class='ocrx_word' id='word_1_678' title='bbox 257 4941 432 5000; x_wconf 86' lang='lat' dir='ltr'><strong>beneficium.</strong></span> <span class='ocrx_word' id='word_1_679' title='bbox 457 4939 519 5006; x_wconf 84' lang='lat' dir='ltr'><strong>Qui,</strong></span> <span class='ocrx_word' id='word_1_680' title='bbox 549 4937 749 4993; x_wconf 83' lang='lat' dir='ltr'><strong>interveniente</strong></span> <span class='ocrx_word' id='word_1_681' title='bbox 769 4933 884 5006; x_wconf 82' lang='lat' dir='ltr'><strong>praeiato</strong></span> <span class='ocrx_word' id='word_1_682' title='bbox 917 4935 999 5004; x_wconf 91' lang='lat' dir='ltr'><strong>duee,</strong></span> <span class='ocrx_word' id='word_1_683' title='bbox 1025 4939 1081 5007; x_wconf 79' lang='lat' dir='ltr'><strong>jam</strong></span> <span class='ocrx_word' id='word_1_684' title='bbox 1122 4942 1306 4999; x_wconf 87' lang='lat' dir='ltr'><strong>omnimodam</strong></span> <span class='ocrx_word' id='word_1_685' title='bbox 1321 4942 1451 4999; x_wconf 82' lang='lat' dir='ltr'><strong>Ecclesiae</strong></span> <span class='ocrx_word' id='word_1_686' title='bbox 1470 4943 1597 5011; x_wconf 86' lang='lat' dir='ltr'><strong>Silrensi,</strong></span> <span class='ocrx_word' id='word_1_687' title='bbox 1618 4958 1699 5015; x_wconf 91' lang='lat' dir='ltr'><strong>quam</strong></span> <span class='ocrx_word' id='word_1_688' title='bbox 1713 4945 1854 5000; x_wconf 85' lang='lat' dir='ltr'><strong>Geraldus</strong></span> <span class='ocrx_word' id='word_1_689' title='bbox 1877 4946 1943 5002; x_wconf 84' lang='lat' dir='ltr'><strong>exei-</strong></span> 
     </span>
     <span class='ocr_line' id='line_1_54' title="bbox 257 5024 1940 5100; baseline 0 -12"><span class='ocrx_word' id='word_1_690' title='bbox 257 5031 408 5100; x_wconf 84' lang='lat' dir='ltr'><strong>incoeptum</strong></span> <span class='ocrx_word' id='word_1_691' title='bbox 428 5025 682 5084; x_wconf 83' lang='lat' dir='ltr'><strong>monasteriarcha</strong></span> <span class='ocrx_word' id='word_1_692' title='bbox 710 5025 785 5080; x_wconf 89' lang='lat' dir='ltr'><strong>omni</strong></span> <span class='ocrx_word' id='word_1_693' title='bbox 811 5024 923 5082; x_wconf 79' lang='lat' dir='ltr'><strong>donavit</strong></span> <span class='ocrx_word' id='word_1_694' title='bbox 952 5025 1080 5082; x_wconf 86' lang='lat' dir='ltr'><strong>libertate</strong></span> <span class='ocrx_word' id='word_1_695' title='bbox 1122 5029 1218 5098; x_wconf 90' lang='lat' dir='ltr'><strong>tabat,</strong></span> <span class='ocrx_word' id='word_1_696' title='bbox 1252 5030 1406 5087; x_wconf 89' lang='lat' dir='ltr'><strong>libertatem</strong></span> <span class='ocrx_word' id='word_1_697' title='bbox 1434 5032 1556 5088; x_wconf 80' lang='lat' dir='ltr'><strong>unanimi</strong></span> <span class='ocrx_word' id='word_1_698' title='bbox 1585 5046 1723 5089; x_wconf 88' lang='lat' dir='ltr'><strong>consensu</strong></span> <span class='ocrx_word' id='word_1_699' title='bbox 1750 5031 1940 5096; x_wconf 78' lang='lat' dir='ltr'><strong>donaverunt,</strong></span> 
     </span>
     <span class='ocr_line' id='line_1_55' title="bbox 258 5113 1941 5190; baseline 0.001 -14"><span class='ocrx_word' id='word_1_700' title='bbox 258 5128 287 5175; x_wconf 90' lang='lat' dir='ltr'><strong>nt</strong></span> <span class='ocrx_word' id='word_1_701' title='bbox 306 5134 358 5176; x_wconf 92' lang='lat' dir='ltr'><strong>nec</strong></span> <span class='ocrx_word' id='word_1_702' title='bbox 372 5119 442 5190; x_wconf 89' lang='lat' dir='ltr'><strong>ipsc,</strong></span> <span class='ocrx_word' id='word_1_703' title='bbox 455 5130 511 5179; x_wconf 85' lang='lat' dir='ltr'><strong>hec</strong></span> <span class='ocrx_word' id='word_1_704' title='bbox 525 5116 595 5170; x_wconf 90' lang='lat' dir='ltr'><strong>alius</strong></span> <span class='ocrx_word' id='word_1_705' title='bbox 610 5119 672 5183; x_wconf 93' lang='lat' dir='ltr'><strong>post</strong></span> <span class='ocrx_word' id='word_1_706' title='bbox 684 5127 756 5180; x_wconf 87' lang='lat' dir='ltr'><strong>eum,</strong></span> <span class='ocrx_word' id='word_1_707' title='bbox 772 5125 829 5168; x_wconf 92' lang='lat' dir='ltr'><strong>non</strong></span> <span class='ocrx_word' id='word_1_708' title='bbox 843 5113 1078 5183; x_wconf 89' lang='lat' dir='ltr'><strong>archiepiscopus.</strong></span> <span class='ocrx_word' id='word_1_709' title='bbox 1122 5135 1136 5170; x_wconf 83' lang='grc' dir='ltr'><strong>ιι</strong></span> <span class='ocrx_word' id='word_1_710' title='bbox 1153 5122 1193 5185; x_wconf 90' lang='grc' dir='ltr'>ιιι,</span> <span class='ocrx_word' id='word_1_711' title='bbox 1209 5118 1350 5188; x_wconf 90' lang='lat' dir='ltr'><strong>inquiunt,</strong></span> <span class='ocrx_word' id='word_1_712' title='bbox 1372 5121 1491 5176; x_wconf 86' lang='lat' dir='ltr'><strong>terrenis</strong></span> <span class='ocrx_word' id='word_1_713' title='bbox 1513 5121 1636 5190; x_wconf 89' lang='lat' dir='ltr'><strong>imperiis</strong></span> <span class='ocrx_word' id='word_1_714' title='bbox 1660 5119 1788 5177; x_wconf 88' lang='lat' dir='ltr'><strong>absoluta</strong></span> <span class='ocrx_word' id='word_1_715' title='bbox 1813 5120 1870 5178; x_wconf 89' lang='lat' dir='ltr'><strong>soli</strong></span> <span class='ocrx_word' id='word_1_716' title='bbox 1892 5123 1941 5177; x_wconf 84' lang='lat' dir='ltr'><strong>beo</strong></span> 
     </span>
     <span class='ocr_line' id='line_1_56' title="bbox 257 5200 1940 5279; baseline 0.002 -15"><span class='ocrx_word' id='word_1_717' title='bbox 257 5222 312 5264; x_wconf 91' lang='lat' dir='ltr'><strong>nnn</strong></span> <span class='ocrx_word' id='word_1_718' title='bbox 332 5207 554 5274; x_wconf 88' lang='lat' dir='ltr'><strong>archidiaconus,</strong></span> <span class='ocrx_word' id='word_1_719' title='bbox 570 5216 625 5259; x_wconf 93' lang='lat' dir='ltr'><strong>non</strong></span> <span class='ocrx_word' id='word_1_720' title='bbox 644 5200 876 5271; x_wconf 76' lang='lat' dir='ltr'><strong>archipresbyter,</strong></span> <span class='ocrx_word' id='word_1_721' title='bbox 893 5215 948 5257; x_wconf 92' lang='lat' dir='ltr'><strong>non</strong></span> <span class='ocrx_word' id='word_1_722' title='bbox 967 5202 1081 5271; x_wconf 83' lang='lat' dir='ltr'><strong>cujnsli·</strong></span> <span class='ocrx_word' id='word_1_723' title='bbox 1120 5207 1221 5263; x_wconf 87' lang='lat' dir='ltr'><strong>serviat</strong></span> <span class='ocrx_word' id='word_1_724' title='bbox 1235 5221 1342 5264; x_wconf 88' lang='lat' dir='ltr'><strong>secura.</strong></span> <span class='ocrx_word' id='word_1_725' title='bbox 1359 5225 1374 5260; x_wconf 83' lang='lat' dir='ltr'><strong>u</strong></span> <span class='ocrx_word' id='word_1_726' title='bbox 1389 5208 1419 5264; x_wconf 87' lang='lat' dir='ltr'><strong>ld</strong></span> <span class='ocrx_word' id='word_1_727' title='bbox 1439 5209 1528 5279; x_wconf 89' lang='lat' dir='ltr'><strong>ipsum</strong></span> <span class='ocrx_word' id='word_1_728' title='bbox 1544 5215 1679 5266; x_wconf 90' lang='lat' dir='ltr'><strong>testantur</strong></span> <span class='ocrx_word' id='word_1_729' title='bbox 1690 5210 1719 5265; x_wconf 92' lang='lat' dir='ltr'><strong>in</strong></span> <span class='ocrx_word' id='word_1_730' title='bbox 1738 5211 1831 5266; x_wconf 85' lang='lat' dir='ltr'><strong>veteri</strong></span> <span class='ocrx_word' id='word_1_731' title='bbox 1847 5211 1940 5267; x_wconf 72' lang='lat' dir='ltr'><strong>instra</strong></span> 
     </span>
     <span class='ocr_line' id='line_1_57' title="bbox 257 5288 2003 5378; baseline -0.001 -24"><span class='ocrx_word' id='word_1_732' title='bbox 257 5299 305 5354; x_wconf 91' lang='lat' dir='ltr'><strong>het</strong></span> <span class='ocrx_word' id='word_1_733' title='bbox 316 5296 423 5354; x_wconf 91' lang='lat' dir='ltr'><strong>ordinis</strong></span> <span class='ocrx_word' id='word_1_734' title='bbox 442 5307 560 5367; x_wconf 90' lang='lat' dir='ltr'><strong>persona</strong></span> <span class='ocrx_word' id='word_1_735' title='bbox 571 5291 684 5362; x_wconf 87' lang='lat' dir='ltr'><strong>aliquod</strong></span> <span class='ocrx_word' id='word_1_736' title='bbox 699 5291 728 5346; x_wconf 89' lang='lat' dir='ltr'><strong>iu</strong></span> <span class='ocrx_word' id='word_1_737' title='bbox 744 5302 777 5346; x_wconf 92' lang='lat' dir='ltr'><strong>eo</strong></span> <span class='ocrx_word' id='word_1_738' title='bbox 790 5290 836 5358; x_wconf 85' lang='lat' dir='ltr'><strong>jus</strong></span> <span class='ocrx_word' id='word_1_739' title='bbox 850 5288 893 5344; x_wconf 85' lang='lat' dir='ltr'><strong>vel</strong></span> <span class='ocrx_word' id='word_1_740' title='bbox 907 5289 1079 5349; x_wconf 87' lang='lat' dir='ltr'><strong>dominatio·</strong></span> <span class='ocrx_word' id='word_1_741' title='bbox 1119 5302 1232 5364; x_wconf 88' lang='lat' dir='ltr'><strong>mento,</strong></span> <span class='ocrx_word' id='word_1_742' title='bbox 1261 5295 1335 5366; x_wconf 88' lang='lat' dir='ltr'><strong>quod</strong></span> <span class='ocrx_word' id='word_1_743' title='bbox 1369 5311 1403 5353; x_wconf 83' lang='lat' dir='ltr'><strong>ex</strong></span> <span class='ocrx_word' id='word_1_744' title='bbox 1433 5297 1572 5354; x_wconf 86' lang='lat' dir='ltr'><strong>chartario</strong></span> <span class='ocrx_word' id='word_1_745' title='bbox 1604 5297 1720 5354; x_wconf 84' lang='lat' dir='ltr'><strong>Sitrensi</strong></span> <span class='ocrx_word' id='word_1_746' title='bbox 1743 5298 1940 5368; x_wconf 81' lang='lat' dir='ltr'><strong>stephanotius</strong></span> <span class='ocrx_word' id='word_1_747' title='bbox 2002 5365 2003 5378; x_wconf 10' lang='grc' dir='ltr'>χ</span> 
     </span>
     <span class='ocr_line' id='line_1_58' title="bbox 257 5376 2003 5460; baseline -0.001 -18"><span class='ocrx_word' id='word_1_748' title='bbox 257 5401 321 5443; x_wconf 90' lang='lat' dir='ltr'><strong>nem</strong></span> <span class='ocrx_word' id='word_1_749' title='bbox 333 5385 421 5456; x_wconf 89' lang='lat' dir='ltr'><strong>possit</strong></span> <span class='ocrx_word' id='word_1_750' title='bbox 434 5384 547 5452; x_wconf 88' lang='lat' dir='ltr'><strong>habere,</strong></span> <span class='ocrx_word' id='word_1_751' title='bbox 572 5388 709 5452; x_wconf 78' lang='lat' dir='ltr'><strong>quatenus</strong></span> <span class='ocrx_word' id='word_1_752' title='bbox 727 5378 767 5434; x_wconf 93' lang='lat' dir='ltr'><strong>ihi</strong></span> <span class='ocrx_word' id='word_1_753' title='bbox 790 5376 924 5449; x_wconf 87' lang='lat' dir='ltr'><strong>degentes</strong></span> <span class='ocrx_word' id='word_1_754' title='bbox 951 5381 1079 5438; x_wconf 87' lang='lat' dir='ltr'><strong>monachi</strong></span> <span class='ocrx_word' id='word_1_755' title='bbox 1120 5387 1215 5440; x_wconf 86' lang='lat' dir='ltr'><strong>noster</strong></span> <span class='ocrx_word' id='word_1_756' title='bbox 1233 5383 1390 5455; x_wconf 87' lang='lat' dir='ltr'><strong>descripsit.</strong></span> <span class='ocrx_word' id='word_1_757' title='bbox 1410 5385 1450 5442; x_wconf 92' lang='lat' dir='ltr'><strong>lbi</strong></span> <span class='ocrx_word' id='word_1_758' title='bbox 1474 5387 1576 5460; x_wconf 89' lang='lat' dir='ltr'><strong>qnippe</strong></span> <span class='ocrx_word' id='word_1_759' title='bbox 1599 5385 1719 5444; x_wconf 90' lang='lat' dir='ltr'><strong>adducto</strong></span> <span class='ocrx_word' id='word_1_760' title='bbox 1744 5386 1883 5444; x_wconf 77' lang='lat' dir='ltr'><strong>willelmi</strong></span> <span class='ocrx_word' id='word_1_761' title='bbox 1897 5401 1940 5442; x_wconf 87' lang='lat' dir='ltr'><strong>ser</strong></span> <span class='ocrx_word' id='word_1_762' title='bbox 2002 5383 2003 5399; x_wconf 65' lang='lat'>¹</span> 
     </span>
    </p>
   </div>
   <div class='ocr_carea' id='block_1_6' title="bbox 257 5465 1940 5550">
    <p class='ocr_par' dir='ltr' id='par_1_8' title="bbox 257 5465 1940 5550">
     <span class='ocr_line' id='line_1_59' title="bbox 257 5465 1940 5550; baseline 0.002 -19"><span class='ocrx_word' id='word_1_763' title='bbox 257 5474 362 5547; x_wconf 86' lang='lat' dir='ltr'><strong>absque</strong></span> <span class='ocrx_word' id='word_1_764' title='bbox 389 5473 444 5531; x_wconf 89' lang='lat' dir='ltr'><strong>ulla</strong></span> <span class='ocrx_word' id='word_1_765' title='bbox 471 5468 663 5544; x_wconf 88' lang='lat' dir='ltr'><strong>inquietudine</strong></span> <span class='ocrx_word' id='word_1_766' title='bbox 692 5467 779 5526; x_wconf 89' lang='lat' dir='ltr'><strong>libere</strong></span> <span class='ocrx_word' id='word_1_767' title='bbox 807 5471 921 5539; x_wconf 87' lang='lat' dir='ltr'><strong>possent</strong></span> <span class='ocrx_word' id='word_1_768' title='bbox 939 5469 995 5525; x_wconf 88' lang='lat' dir='ltr'><strong>beo</strong></span> <span class='ocrx_word' id='word_1_769' title='bbox 1018 5483 1078 5528; x_wconf 88' lang='lat' dir='ltr'><strong>ser-</strong></span> <span class='ocrx_word' id='word_1_770' title='bbox 1115 5465 1245 5530; x_wconf 81' lang='lat' dir='ltr'><strong>&#39;widonis</strong></span> <span class='ocrx_word' id='word_1_771' title='bbox 1268 5469 1478 5532; x_wconf 84' lang='lat' dir='ltr'><strong>Pictarlbnsium</strong></span> <span class='ocrx_word' id='word_1_772' title='bbox 1501 5475 1610 5534; x_wconf 88' lang='lat' dir='ltr'><strong>comitis</strong></span> <span class='ocrx_word' id='word_1_773' title='bbox 1633 5481 1662 5533; x_wconf 93' lang='grc' dir='ltr'><strong>ει</strong></span> <span class='ocrx_word' id='word_1_774' title='bbox 1684 5476 1772 5534; x_wconf 89' lang='lat' dir='ltr'><strong>totins</strong></span> <span class='ocrx_word' id='word_1_775' title='bbox 1787 5476 1940 5550; x_wconf 75' lang='lat' dir='ltr'><strong>hqmunia</strong></span> 
     </span>
    </p>
   </div>
   <div class='ocr_carea' id='block_1_7' title="bbox 0 0 2022 6150">
    <p class='ocr_par' dir='ltr' id='par_1_9' title="bbox 0 0 2022 6150">
     <span class='ocr_line' id='line_1_60' title="bbox 0 0 2022 6150; baseline 0 0"><span class='ocrx_word' id='word_1_776' title='bbox 0 0 2022 6150; x_wconf 95' lang='lat' dir='ltr'><strong> </strong></span> 
     </span>
    </p>
   </div>
  </div>
 </body>
</html>
