4024 6174
65 338 69 348 ·
154 314 202 369 117
782 314 997 372 11111111-
1013 314 1069 372 att.
1092 311 1170 370 1078.
1774 322 1828 380 lte

155 444 200 495 est.
227 439 266 494 lbi
295 439 394 497 diebus
422 437 594 510 rogationum
622 451 805 506 commorans,
835 437 1176 511 Tbiepal-Aferbuerant,
1191 445 1219 496 et
1236 438 1349 510 privatis
1367 440 1449 498 bellis
1462 455 1496 500 ex
1510 449 1588 514 parte
1608 445 1730 506 lielnrici
1754 449 1828 522 regis

154 526 252 583 dum²⁸⁰
277 529 514 585 constantiensem
538 528 726 598 praepositum,
750 541 829 584 snum
853 542 965 599 qnoque
1007 529 1083 596 victi,
1099 526 1238 586 interfecti
1261 535 1289 585 et
1312 529 1396 602 fugati
1419 538 1494 600 sunt,
1519 533 1567 602 qui
1591 535 1709 604 praedas,
1733 538 1827 596 incen-

153 613 339 684 eapellanum,
378 621 475 673 centra
507 616 673 673 voluntatem
710 616 904 672 canonicorum
938 624 966 674 et
1006 618 1052 675 dia
1075 626 1103 675 et
1125 619 1268 690 sacrilegia
1292 619 1408 689 plurima
1429 621 1457 676 in
1483 621 1551 692 ipsis
1574 623 1708 680 aecclesiis
1730 629 1826 696 sacris,

152 703 239 760 domni
262 705 407 775 apostolici
432 704 550 761 bannum
575 704 632 762 illie
656 705 816 776 episcopum
841 705 966 762 ineatbe-
1007 707 1145 762 temerarii
1169 707 1317 763 violatores
1345 722 1449 777 earum,
1478 717 1668 768 exercuerant.
1700 713 1738 768 Ex
1766 715 1828 785 qui·

152 791 243 848 dmvit.
268 792 311 848 lili
335 806 464 864 namque,
479 791 554 863 quia,
575 805 609 848 ne
628 791 746 863 aliquem
762 807 778 848 a
796 806 861 863 rege
884 790 964 848 llein·
1007 808 1058 864 pus
1082 795 1240 852 basiliensis
1262 801 1291 851 et
1312 797 1478 867 hrgentinus
1501 799 1682 870 antiepiscopi
1702 801 1747 857 vix
1766 800 1828 872 luga

150 880 204 936 rioe
227 881 393 951 reciperent,
416 883 472 951 jam
491 895 523 937 ex
548 887 625 950 parte
640 881 733 937 domui
758 880 966 952 111111111-
1006 882 1092 952 elapsi
1119 889 1194 950 sunt,
1219 883 1353 940 militibus
1376 899 1471 942 eorum
1497 901 1512 942 a
1537 887 1697 946 marchione
1725 887 1826 960 (180),

150 967 291 1024 terdietum
311 975 353 1027 est
365 969 407 1036 ¹⁶⁰,
428 968 561 1026 canonice
575 969 628 1025 sihi
643 969 794 1040 quemlihet
810 968 965 1041 eligentium
1006 969 1147 1027 Berthoidi
1162 971 1194 1002 ¹⁶¹
1218 971 1297 1027 ducis
1316 971 1384 1042 tilio,
1404 971 1513 1031 fortiter
1531 989 1621 1048 pugna
1640 978 1786 1050 prostratis
1800 982 1828 1034 et

148 1057 173 1112 in
196 1058 304 1115 christo
333 1057 509 1115 concorditer
535 1058 736 1114 deliberabant.
766 1059 848 1116 istius
873 1063 964 1114 autem
1006 1059 1103 1130 captis,
1119 1060 1285 1130 rusticisque
1299 1074 1370 1132 quos
1386 1076 1437 1132 per
1451 1066 1597 1122 comitatus
1615 1067 1668 1123 sibi
1686 1067 1828 1138 adjumtes

149 1146 313 1217 promotioni
336 1162 398 1205 eum
421 1147 461 1203 illi
476 1147 603 1206 canonici
619 1148 653 1205 de
667 1153 765 1205 sancto
788 1148 890 1204 Thema
905 1161 965 1203 ma·
1005 1149 1033 1204 in
1058 1149 1189 1206 auxilium
1213 1147 1335 1221 undique
1358 1159 1517 1223 coegerant,
1537 1169 1571 1211 ex
1595 1163 1671 1226 parte
1695 1159 1828 1215 eunuchi·

146 1250 265 1308 gnopere
284 1251 425 1294 assensum
445 1244 472 1294 et
495 1237 699 1296 laudamentum
723 1237 903 1308 praehuerint,
919 1237 966 1293 di·
1006 1238 1083 1294 zatis.
1108 1239 1169 1308 lpsa
1197 1241 1358 1307 tempestate
1387 1239 1473 1296 duces
1500 1243 1664 1302 bertholdus
1687 1253 1714 1302 et
1738 1245 1827 1306 Welfo

145 1325 230 1381 vinam
251 1339 307 1383 nen
326 1326 412 1383 multe
431 1331 495 1396 post
518 1326 651 1384 ultionem
670 1326 777 1397 experti
796 1333 870 1383 snnt.
891 1327 965 1398 lgnis
1006 1326 1148 1383 franciam
1168 1325 1210 1382 cis
1223 1326 1349 1383 Rhenum
1364 1342 1398 1384 err
1412 1343 1508 1401 magna
1532 1339 1609 1402 parte
1629 1335 1828 1406 1111111111-

145 1415 246 1486 quippe
271 1415 423 1473 aecclesiam
447 1416 596 1474 claustrum
619 1423 648 1472 et
666 1422 765 1472 cuncta
784 1428 879 1473 eorum
898 1414 966 1471 aedi-
1006 1414 1113 1472 cendiis
1131 1416 1347 1472 devastaverant.

144 1503 202 1560 licia
225 1512 256 1560 et
280 1504 436 1561 caminadas
464 1505 574 1574 penitus
601 1506 743 1563 combusta
769 1505 963 1576 insumpserat.
1042 1506 1148 1563 interea
1172 1520 1221 1561 rex
1244 1511 1360 1576 uterque
1384 1507 1587 1578 expeditionem
1612 1511 1641 1566 in
1665 1513 1827 1572 alterutmm

144 1593 245 1650 11111111
270 1609 319 1652 rex
341 1594 488 1652 lieinricns
505 1594 691 1650 Alemanntam
710 1593 840 1650 invadere
863 1607 966 1665 prepo-
1006 1607 1061 1650 non
1086 1594 1198 1650 minimo
1217 1593 1310 1652 studio
1334 1601 1362 1650 et
1384 1603 1517 1665 apparatu
1532 1597 1727 1670 disponebant,
1745 1602 1827 1660 eolle-

143 1695 219 1748 nens,
245 1689 289 1738 set
316 1695 371 1739 non
401 1687 492 1738 tantos
514 1682 567 1738 sibi
591 1682 747 1740 coadunare
771 1682 874 1749 valens,
890 1681 964 1754 qued
1007 1683 1060 1739 ctis
1074 1683 1265 1754 undecumque
1279 1690 1307 1740 et
1321 1685 1579 1756 quomodocumque
1598 1690 1740 1747 auxiliaris
1759 1692 1828 1748 mili·

144 1770 194 1827 hoc
210 1771 272 1826 sine
292 1770 416 1842 periculo
436 1785 566 1843 peragere
586 1779 689 1844 posset,
710 1771 738 1828 in
754 1771 910 1843 Pagoariam
925 1771 1112 1837 dintarihus
1125 1759 1183 1828 suis
1201 1771 1300 1843 copiis.
1320 1773 1441 1830 ctetica
1460 1774 1596 1832 Kalendas
1613 1778 1727 1848 Augusti
1742 1780 1827 1836 duces

142 1860 231 1916 vertit.
258 1859 963 1932 111111111111110111]111111111111111111111,
1005 1858 1132 1928 predicti
1165 1873 1227 1916 eum
1259 1860 1435 1919 blemannfca
1467 1863 1565 1922 militia
1597 1867 1655 1937 regi
1688 1867 1826 1924 Rondelfo

142 1956 168 2006 et
182 1950 307 2006 marchio
330 1949 492 2020 liutpaldus
508 1948 580 2018 (179)
603 1951 632 2007 11
658 1949 855 2022 aliquantulum
880 1950 914 2006 ab
929 1964 964 2006 eo
1005 1947 1040 2003 de
1058 1949 1176 2006 saxonia
1200 1948 1353 2020 egredienti
1382 1965 1529 2008 occurrere
1553 1952 1753 2012 deliberabant.
1772 1956 1825 2014 Sed

141 2037 264 2095 offensus
278 2038 443 2112 regreditur.
1004 2037 1058 2094 hoe
1083 2038 1196 2094 omnino
1224 2053 1273 2096 rex
1299 2041 1444 2097 lleinrlens
1468 2056 1530 2100 eum
1558 2043 1675 2100 maxime
1703 2045 1826 2102 exercitu

176 2129 295 2199 legatus
317 2135 407 2186 autem
432 2128 601 2200 apostoliens
619 2128 666 2200 qni
688 2128 723 2185 ad
744 2143 835 2200 regem
857 2127 963 2184 lteinri·
1004 2125 1201 2194 interveniens,
1230 2140 1265 2184 ne
1289 2128 1347 2184 lieri
1377 2135 1481 2200 posset,
1513 2131 1691 2202 impediebat.
1726 2134 1759 2190 m
1786 2133 1826 2190 sic

139 2231 201 2274 cum
227 2218 256 2274 in
275 2219 379 2290 pascha
404 2232 453 2290 pre
473 2219 520 2277 ille
535 2218 710 2291 disponendo
725 2218 866 2290 colloquio
888 2217 963 2290 qnod
1004 2213 1105 2272 bellum
1130 2217 1255 2287 qnotidie
1278 2226 1432 2288 sperantes,
1448 2224 1477 2276 et
1495 2221 1657 2278 occasiones
1671 2235 1728 2278 suae
1743 2222 1828 2279 desti-

138 2319 210 2376 papa
234 2306 358 2366 decrevit
380 2308 538 2374 advenerat,
553 2307 582 2364 in
607 2307 702 2379 primis
725 2310 789 2378 quia
814 2307 877 2378 ipsi,
898 2307 964 2365 lieet
1006 2305 1125 2369 11111111
1147 2305 1406 2376 percupientissime
1435 2307 1493 2365 lieri
1522 2309 1677 2377 molientes,
1703 2311 1827 2381 quamvis

134 2393 225 2452 invite
241 2403 271 2451 et
288 2396 404 2465 nolenti,
421 2397 480 2466 eius
498 2396 612 2454 omnino
631 2396 863 2454 interminationis
877 2401 965 2454 terro·
1005 2408 1061 2451 nou
1084 2396 1144 2452 sine
1166 2396 1279 2452 minimo
1304 2395 1439 2468 periculo,
1463 2411 1479 2453 e
1503 2398 1628 2468 proximo
1649 2399 1708 2470 regi
1731 2413 1827 2456 conse

129 2484 213 2540 ribus
233 2485 410 2556 parvipensis
428 2484 591 2557 legationem
606 2485 786 2556 apostolicam
807 2485 964 2542 liberrimus
1005 2483 1112 2540 derant.
1141 2485 1257 2556 lnsnper
1284 2485 1530 2558 comprovinciales
1556 2486 1677 2544 rusticos
1704 2487 1826 2557 undique

127 2573 320 2638 intimaverit,
341 2572 540 2644 aliquantisper
558 2573 759 2641 occultabatur,
775 2574 813 2629 ita
833 2581 862 2628 ut
881 2573 965 2643 pluri·
1005 2586 1055 2641 per
1078 2586 1173 2630 ornnes
1200 2572 1306 2630 illarum
1336 2575 1453 2645 partium
1482 2576 1655 2632 centenarias
1682 2575 1826 2634 adversum

131 2673 248 2716 morum
274 2660 431 2730 suspicione
455 2660 524 2717 elam
550 2659 713 2718 interfectus
738 2661 795 2716 sive
819 2659 964 2717 exhiliatus
1005 2673 1035 2714 se
1059 2662 1218 2731 coniuratos
1246 2670 1273 2718 et
1301 2663 1385 2718 armis
1413 2661 1577 2719 militaribus
1605 2665 1766 2732 instructos,
1791 2665 1825 2722 ad

133 2748 345 2816 aestimaretur3
371 2749 480 2805 tandem
505 2748 615 2821 publica
644 2748 732 2819 palam
761 2749 913 2806 reverentia
937 2754 966 2804 et
1006 2746 1151 2804 duodecim
1170 2746 1227 2809 fere
1245 2748 1330 2805 millia
1349 2750 1566 2820 pugnacissimos
1585 2759 1613 2808 et
1633 2751 1827 2811 infestissimos

134 2837 248 2894 honore
264 2837 298 2892 ab
314 2850 347 2892 eo
366 2843 508 2904 tractatus,
525 2845 552 2894 et
571 2837 680 2894 habitus
694 2843 745 2894 est.
767 2839 814 2894 Set
828 2851 889 2894 eum
905 2843 965 2893 tan-
1005 2835 1070 2903 sihi,
1098 2851 1113 2892 e
1132 2837 1223 2893 vicino
1246 2838 1428 2896 sustinebant.
1453 2839 1498 2895 Sic
1517 2840 1638 2896 Saxones
1656 2842 1828 2900 111111111-

135 2925 226 2996 tisper
252 2924 363 2995 qnidam
387 2939 438 2996 pro
462 2926 514 2982 hac
539 2925 682 2982 detentum
708 2926 861 2996 conjiciunt
885 2939 964 2982 oeca-
1005 2937 1056 2981 nes
1079 2925 1114 2980 ab
1137 2925 1253 2982 invicem
1277 2932 1475 2996 sequestratos,
1495 2933 1533 2996 et,
1554 2940 1588 2985 ne
1611 2931 1759 2987 convenire
1779 2936 1827 2988 aut

134 3015 227 3076 siene,
247 3020 278 3070 nt
292 3027 353 3070 sese
373 3028 423 3084 per
435 3013 512 3070 illum
527 3014 561 3070 ah
581 3015 709 3085 imposita
725 3014 963 3086 qualitercumque
1005 3026 1054 3081 per
1073 3013 1258 3071 internuntios
1281 3015 1376 3072 saltem
1400 3015 1474 3072 inter
1491 3029 1522 3072 se
1539 3015 1693 3074 deliberare
1712 3025 1826 3089 possent

135 3101 303 3160 defenderet
325 3103 617 3160 excommunicatione.
645 3103 710 3160 Cum
735 3103 841 3160 seilicet
867 3097 1070 3171 omnequuid
1090 3099 1118 3158 in
1134 3103 1217 3157 tantis
1239 3102 1371 3171 perieulis
1393 3103 1524 3160 coartatis
1547 3105 1681 3175 agendum
1705 3107 1759 3164 sibi
1778 3123 1825 3168 ce·

134 3198 298 3260 cernerent,
325 3192 506 3264 apostolicum
535 3191 653 3263 legatum
681 3191 721 3248 ilii
747 3193 961 3260 communicare,
1003 3193 1056 3256 set,
1076 3189 1242 3246 omnimodis
1268 3189 1423 3260 prohibitos
1445 3190 1536 3264 (181),
1560 3206 1609 3250 rex
1633 3194 1778 3252 lleluricus
1795 3196 1825 3252 in

135 3295 218 3338 nemo
238 3294 356 3352 prorsus
370 3295 431 3338 enm
451 3281 530 3352 quasi
554 3281 820 3338 excommunicatum
844 3281 964 3339 aestima·
1004 3282 1058 3334 tam
1082 3279 1199 3334 maximo
1220 3291 1270 3334 suo
1295 3279 1826 3352 0011111111110111011111118111-

133 3379 176 3427 ret
190 3385 244 3428 sen
264 3371 409 3438 devitaret,
429 3371 512 3427 imme
537 3371 629 3440 potins
644 3384 695 3440 pro
720 3370 863 3428 mendacio
877 3369 964 3428 tirmi-
1004 3366 1096 3434 nitius,
1120 3367 1182 3422 exin
1207 3366 1241 3422 de
1264 3365 1422 3424 Alemannis
1449 3355 1620 3438 triumphare
1645 3371 1713 3426 satis
1741 3372 1826 3428 artili-

135 3465 176 3516 ter
205 3463 414 3530 computarent,
443 3458 578 3530 quidquid
607 3459 707 3530 passim
736 3458 839 3514 dictum
869 3459 906 3514 sit
929 3458 964 3515 de
1005 3456 1097 3514 ciosns
1120 3454 1564 3522 (111111111111111111111111
1586 3457 1690 3528 absque
1712 3471 1825 3517 suerum

133 3548 276 3606 sententia
302 3548 400 3620 synodi
424 3548 565 3615 liemauae,
585 3554 613 3603 et
637 3546 671 3604 de
695 3546 876 3602 anathematis
899 3545 964 3604 facti
1004 3543 1170 3600 detrimento
1196 3542 1255 3599 11111
1277 3555 1358 3613 posse
1381 3555 1436 3598 non
1460 3543 1604 3600 dubitavit.
1630 3546 1691 3602 ilex
1714 3546 1761 3602 ille
1775 3547 1826 3604 hu·

134 3637 334 3695 diffinitione:
360 3637 434 3706 qnia,
459 3636 532 3694 sicut
555 3650 603 3692 rex
624 3634 779 3692 lteudulfns
797 3633 964 3692 cardinalem
1002 3630 1123 3702 jusmodi
1151 3630 1268 3688 consilio
1293 3644 1354 3686 cnm
1378 3630 1436 3686 suis
1459 3631 1671 3698 communicato,
1697 3634 1825 3705 explora-

132 3729 305 3796 Romanum,
321 3727 359 3781 ita
378 3726 438 3796 ipse
457 3724 577 3798 legatum
592 3723 775 3797 apostolicum
793 3723 821 3779 in
841 3722 966 3780 testimo·
1006 3725 1081 3776 tores
1095 3718 1238 3791 quosdam,
1254 3718 1329 3774 vires
1348 3731 1404 3776 nen
1423 3718 1569 3790 ignobiles,
1586 3722 1664 3791 qnasi
1688 3735 1738 3792 pre
1758 3738 1826 3794 paee

133 3815 209 3872 nium
229 3829 293 3872 snae
313 3812 479 3870 obedientiae
499 3818 527 3869 et
545 3811 713 3869 innocentiae
733 3810 821 3881 palam
837 3810 965 3868 omnihus
1004 3809 1078 3865 inter
1101 3822 1131 3864 se
1155 3806 1342 3864 confirmanda
1365 3808 1423 3878 regi
1447 3807 1586 3866 lteudelfe
1609 3823 1661 3866 nec
1687 3823 1742 3868 nen
1766 3814 1826 3883 pri-

131 3910 227 3973 posset
243 3900 446 3960 ostentarem.
1004 3896 1123 3954 metibus
1150 3897 1287 3953 81111111
1312 3895 1482 3952 simulatorie
1510 3895 1622 3960 direxit.
1646 3899 1704 3968 Qua
1726 3901 1760 3958 ad
1784 3902 1826 3958 in·

166 3993 226 4049 Rex
241 3995 340 4048 autem
361 3987 514 4047 Reudellus
528 3986 600 4059 apud
615 3986 765 4044 Gestariam
785 3993 964 4060 pentecosten
1003 3988 1090 4044 vicem
1117 3985 1245 4042 condicta
1273 3993 1301 4042 et
1332 3985 1415 4042 solito
1446 3984 1552 4043 foedere
1584 3988 1619 4045 ad
1652 3995 1760 4061 tempus
1791 3992 1826 4049 ah

132 4081 282 4152 magnifiee
308 4076 466 4143 celebravit,
487 4076 603 4134 collecta
621 4076 687 4132 illuc
706 4065 862 4147 principum
881 4077 965 4132 Saxe-
1004 4077 1127 4148 utrisque
1157 4075 1326 4143 confirmata,
1351 4075 1415 4132 dnm
1443 4076 1497 4148 ipsi
1520 4076 1556 4133 ad
1582 4078 1722 4138 dominnm
1746 4096 1825 4140 suurn

132 4169 262 4228 nieorum
288 4171 318 4224 et
340 4167 540 4238 thoringorum
566 4177 621 4221 nen
644 4165 753 4222 modica
776 4165 962 4234 multitudine,
1003 4164 1166 4222 festinanter
1189 4165 1323 4234 redirent,
1338 4165 1386 4222 ille
1410 4180 1459 4223 eos
1482 4173 1572 4224 astute
1593 4169 1634 4224 sie
1658 4169 1770 4228 delusos
1790 4171 1825 4228 de

131 4259 213 4316 etibi
230 4257 356 4316 cumeis
380 4255 580 4312 communicato
605 4255 732 4320 consilio,
760 4255 963 4329 expeditionem
1003 4260 1117 4328 repente
1141 4261 1170 4312 et
1191 4253 1249 4312 fere
1274 4270 1307 4312 ex
1331 4255 1481 4325 improvise
1504 4270 1602 4312 vecors
1624 4262 1652 4313 et
1675 4257 1826 4316 insidiosus

132 4355 230 4405 contra
257 4359 355 4418 regern
378 4345 536 4402 lleinricnm
561 4343 665 4414 paravit
686 4348 714 4399 et
732 4343 878 4414 disposuit.
895 4343 963 4400 llluc
1005 4349 1108 4400 armata
1134 4355 1216 4398 mann
1245 4347 1273 4398 et
1300 4343 1404 4412 impetu
1432 4340 1566 4398 bellicoso
1592 4343 1733 4414 inparatos
1751 4346 1826 4402 inva-

130 4435 164 4492 ad
186 4451 255 4494 etim
280 4435 366 4506 legati
390 4433 509 4504 Philippi
532 4432 605 4504 regis
628 4432 785 4500 Galliarum,
811 4440 839 4489 et
860 4423 1050 4490 fladir-Dsit.
1075 4434 1134 4488 Rex
1156 4435 1247 4487 autem
1271 4428 1482 4487 1101101111111
1505 4443 1567 4486 cum
1591 4431 1648 4487 suis
1667 4431 1702 4488 de
1727 4434 1826 4490 eastris

131 4526 290 4598 tingernm,
307 4528 335 4581 et
353 4523 583 4594 Letharrngernm
599 4535 679 4592 quam
695 4520 825 4592 plurium,
841 4535 892 4579 nec
906 4535 963 4579 nen
1004 4520 1228 4579 festinantissime
1256 4533 1286 4575 se
1313 4517 1478 4589 proripiens,
1509 4522 1537 4575 et
1565 4525 1696 4588 quantum
1724 4520 1754 4576 in
1777 4520 1826 4577 tali

130 4608 914 4686 1111111111101111,111111111111111101111111
936 4614 965 4668 et
1004 4608 1120 4668 articulo
1145 4608 1203 4665 lteri
1229 4607 1328 4678 potuit,
1344 4608 1418 4664 acies
1441 4621 1505 4664 snas
1529 4611 1626 4664 centra
1648 4607 1754 4666 hostem
1777 4610 1827 4668 im·

130 4711 260 4761 sanetum
277 4705 390 4760 Petrum
410 4700 444 4758 ad
460 4699 648 4757 defensionem
668 4703 770 4772 sanctae
790 4698 964 4756 aeeclesiaeet
1005 4699 1153 4756 minentem
1182 4696 1334 4767 prudenter
1362 4695 1494 4753 ordinans
1523 4701 1552 4752 et
1579 4695 1737 4766 exhortans,
1771 4697 1826 4768 ipsi

130 4795 210 4868 regni
226 4795 321 4852 tetius
334 4789 566 4847 theutenicorum
582 4786 783 4844 studiosissime
803 4789 965 4858 promitten·
1005 4795 1059 4844 tarn
1079 4784 1187 4843 fortiter
1206 4785 1424 4858 pugnacissimus
1442 4782 1629 4855 congreditur,
1646 4791 1676 4842 ut
1695 4785 1723 4843 in
1738 4786 1826 4858 prima

130 4885 405 4948 tinmadvenerant;
422 4876 963 4950 11111111111111101011111111111,
1004 4878 1096 4934 statim
1115 4875 1237 4932 coitione
1260 4875 1375 4932 victoria
1395 4875 1452 4931 beo
1477 4874 1559 4930 dante
1583 4873 1701 4932 feliciter
1723 4877 1826 4947 potire-

129 4976 249 5032 omnino
270 4969 448 5044 perficerent.
1006 4973 1060 5034 tur,
1085 4964 1231 5036 prestratis
1258 4962 1285 5018 in
1309 4962 1385 5020 brevi
1408 4961 1516 5018 duabus
1540 4963 1636 5034 primis
1658 4963 1823 5037 legionibus.

164 5065 279 5122 1111111
307 5074 357 5132 per
371 5063 455 5116 totam
475 5061 597 5114 aesmtem
617 5055 711 5126 plures
728 5054 850 5125 undique
874 5062 966 5115 metus
1004 5058 1060 5114 Nec
1082 5067 1158 5111 mora
1186 5066 1234 5109 rex
1253 5051 1286 5083 ¹⁸⁸
1309 5050 1369 5121 lpse
1394 5050 1568 5123 primicerius
1590 5066 1652 5110 eum
1680 5054 1738 5112 suis
1764 5054 1827 5112 inti-

129 5167 181 5226 per
209 5147 416 5216 alemanniam,
439 5145 569 5203 alsatiam
598 5150 626 5201 et
648 5141 869 5201 austrifrantiam
899 5160 964 5203 eon·
1004 5145 1056 5202 mis
1078 5141 1169 5214 fugam
1193 5139 1312 5211 turpiter
1336 5139 1418 5210 iniit;
1453 5140 1576 5212 reliquus
1598 5141 1700 5200 dehinc
1721 5143 1827 5202 exerci-

818 5244 930 5300 vmnn
956 5241 1149 5304 11010111.

164 5323 198 5356 ⁶⁹
218 5317 411 5390 1111111111
429 5314 472 5372 ee.
510 5311 748 5372 ’1111111111
773 5313 816 5371 ee.
854 5314 885 5348 ¹⁶¹
905 5317 1054 5375 0111111
1077 5315 1119 5370 eu.
1158 5309 1190 5342 ¹⁸¹
1208 5311 1239 5366 1.
1258 5307 1286 5365 2·
1324 5307 1357 5341 ¹⁸·
1375 5309 1404 5365 h·
1426 5307 1628 5382 q-nernnele
1650 5310 1740 5382 0111
1761 5328 1823 5374 aee.

128 5397 175 5453 Xf
180 5397 204 5452 V
222 5393 255 5449 in
275 5389 306 5446 2.

937 5459 1035 5520 belm

164 5553 236 5699 ἓξὲξ
266 5550 463 5680 &cuffiam
1037 5499 1745 5621 ’11111111111110111101111110.11.)
