4036 6162
256 297 305 353 ott
331 331 335 340 ·
762 297 960 356 munditiis
978 293 1143 355 ethnicus
1164 289 1439 354 hbbtohtlttertsts.
1894 295 1961 352 stt*

255 424 534 499 rigerentomnium
558 426 673 482 maxime
697 424 809 496 dignum
838 429 880 481 est
907 423 1152 485 animadver-Aad
1171 421 1278 478 tabulas
1300 415 1441 476 dodeiridl
1471 423 1654 477 narrationem
1686 419 1835 479 amandare
1858 423 1947 478 atesis.

254 503 344 566 sione,
360 499 435 569 quod
450 498 496 553 ille
511 496 595 552 tradit
608 497 643 552 do
658 497 793 552 Lamberti
808 496 1077 568 imperatorisregno
1154 494 1232 562 Quod
1247 493 1337 576 estad
1353 491 1508 561 tandutpbi
1522 493 1643 575 animum
1665 498 1763 576 contra
1783 494 1861 564 ipsos
1876 507 1949 564 pon·

256 587 288 629 ac
303 578 393 628 aetate.
410 569 436 624 Si
452 569 540 625 eidem
556 568 694 624 credimus
707 568 839 624 scribenti
855 568 903 623 lib.
924 583 954 634 n,
970 582 1031 638 cap.
1047 567 1075 633 3,
1119 566 1207 622 tibens
1221 577 1354 622 maximos
1368 571 1560 633 exasperatum
1583 571 1612 619 et
1636 577 1770 634 iniquum.
1787 573 1864 622 tanta
1888 579 1947 622 non

256 644 379 715 regnarit
393 639 594 697 humbertusin
618 639 693 694 ltalia
717 639 819 695 saeculo
838 639 999 694 Christiana
1014 654 1076 694 aerae
1118 638 1227 693 videtur
1244 649 1323 707 poena
1338 634 1519 694 damnandus.
1542 640 1572 690 ot
1594 637 1622 690 in
1642 635 1806 704 deplorabili
1821 637 1947 718 scripto·

255 722 352 780 sexto;
369 719 511 782 postquam
527 710 599 765 enim
615 711 675 778 ejus
688 717 804 766 mortem
821 711 941 765 narravit
960 710 1077 765 Landnl-
1119 722 1178 763 rum
1193 711 1253 778 ejus
1279 708 1367 763 aetatis
1383 708 1498 776 penuria
1512 705 1662 762 fraudanda
1678 706 1782 763 sithoc
1798 706 1855 764 letn
1870 707 1947 762 litte-

257 786 337 858 phus,
354 783 485 840 continuo
500 783 536 836 ita
552 781 627 850 loqui
644 782 732 852 pergit
754 801 760 837 :
784 783 843 848 oue
857 787 1006 852 tempestate
1020 796 1077 835 cunr
1119 782 1190 835 raria
1213 778 1379 848 respublica.
1403 778 1472 844 Quid
1497 779 1581 844 enirn,
1602 791 1680 846 rogo,
1700 779 1842 846 cathedra,
1868 780 1944 834 Petri

254 859 382 918 oenimeot
395 855 423 910 in
436 851 542 908 ltolinnr
558 850 685 907 ιιιιιιιιι
697 853 1076 922 Looqobordi,etc.ittnemo
1117 857 1164 906 aut
1178 851 1300 906 Ecclesia
1316 848 1451 904 catholica
1465 849 1500 904 ab
1518 848 1676 918 hujusmodi
1690 849 1785 918 inepto
1804 850 1946 920 scriptore

254 928 343 986 nescit
365 925 537 982 lambertum
561 923 645 978 ltaliae
671 937 763 994 regem
785 931 814 979 et
832 923 1024 994 imperatorem
1041 923 1074 978 ad
1117 921 1298 985 sibimetpsi,
1315 933 1375 975 cum
1391 920 1483 990 potius
1496 919 1522 975 in
1538 920 1645 1002 laudem
1661 927 1811 1003 pastorum,
1823 935 1945 1004 quorum

253 993 333 1056 h'nem
358 1011 390 1052 us
411 1009 456 1060 ue,
476 993 571 1054 saeculi
590 995 655 1049 noni
679 995 789 1058 vixisse,
815 1001 843 1048 et
863 1001 989 1050 necatum
1009 1008 1073 1049 ann.
1117 993 1191 1049 zelus
1207 991 1437 1048 mediolanensem
1459 991 1609 1047 Ecclesiam
1628 999 1745 1061 pristino
1760 992 1825 1047 olim
1846 993 1945 1048 decori

252 1067 402 1128 Christi'dll
422 1109 429 1132 ,
446 1066 499 1121 hoc
515 1071 566 1130 cst,
583 1077 617 1120 ne
633 1066 742 1121 duobus
755 1064 866 1135 quidem
882 1065 992 1121 saeculis
1011 1073 1074 1120 ante
1116 1065 1247 1120 restituit.
1269 1061 1421 1132 landulphi
1437 1061 1628 1144 maledicentia
1646 1067 1760 1133 vergat?
1779 1065 1815 1118 l’a
1830 1062 1944 1118 demum

253 1139 440 1208 landulphum
456 1141 633 1202 nostrumne
647 1137 691 1191 vix
705 1139 815 1207 assequi
832 1139 922 1206 possis
936 1136 1074 1207 quomodo
1116 1137 1240 1191 veritatis
1263 1134 1399 1202 beneque
1418 1147 1509 1188 causae
1537 1133 1636 1188 ulnera
1664 1147 1724 1189 esse
1748 1133 1832 1190 debet
1856 1141 1943 1204 atque

250 1215 278 1270 in
303 1226 332 1268 re
357 1218 411 1266 mm
436 1209 536 1264 illustri
560 1208 690 1263 eaecutire
724 1209 844 1277 potnerit
871 1207 963 1278 aliquo
992 1208 1074 1264 modo
1116 1207 1260 1272 securitas,
1281 1211 1311 1260 ut
1332 1205 1412 1272 male,
1433 1211 1565 1274 quantum
1584 1209 1662 1274 puto,
1684 1203 1720 1260 de
1739 1204 1862 1262 Ecclesia
1881 1207 1945 1262 Ro-

250 1284 390 1357 proximus
405 1293 500 1336 eorum
519 1285 673 1348 temporum
697 1280 827 1348 scriptor.
847 1277 923 1334 ulios
941 1279 969 1335 id
987 1293 1075 1349 genus
1116 1293 1194 1334 mana
1214 1283 1375 1342 mereretur,
1392 1277 1549 1346 quicunque
1565 1289 1664 1345 aspero
1682 1275 1770 1332 solum
1790 1277 1944 1346 supercilio

250 1369 359 1412 errores
374 1351 567 1423 praetermitto,
584 1351 631 1420 qui
654 1349 748 1405 saitem
767 1351 921 1406 oscitantiae
937 1363 992 1406 non
1008 1350 1075 1406 levis
1115 1351 1175 1418 ejus
1195 1349 1323 1404 inimicos
1342 1347 1515 1417 proscribere
1534 1345 1626 1413 vellet,
1648 1351 1676 1402 et
1694 1346 1762 1402 nibil
1780 1347 1823 1403 rel
1843 1349 1942 1404 tantil-

249 1428 323 1483 hunc
338 1423 499 1480 historicum
516 1427 644 1492 arguunt,
660 1422 700 1477 uti
721 1426 748 1476 et
766 1421 826 1491 eius
839 1421 937 1491 stylum
954 1421 1072 1487 dimitto,
1116 1421 1206 1476 luma
1229 1419 1332 1475 nostris
1354 1418 1532 1487 opinionibus
1555 1417 1692 1473 diversum
1716 1432 1750 1474 ex
1775 1419 1943 1489 antiquitate
1964 1433 1972 1443 ·

250 1501 278 1554 in
304 1509 359 1568 quo
383 1494 531 1559 solecismi,
553 1492 652 1548 nedum
672 1492 844 1557 barbarismi,
861 1492 895 1548 ad
920 1494 1073 1549 satietatem
1116 1491 1236 1563 evulgari
1251 1495 1405 1572 pateretur..
1422 1489 1479 1546 Sibi
1495 1493 1601 1559 paveat,
1618 1488 1760 1560 lucemque
1775 1490 1869 1558 enitet,
1891 1492 1941 1617 qui

252 1568 403 1633 abundant,
427 1578 497 1634 qnos
516 1577 597 1619 omne
616 1562 729 1620 dillieile
745 1563 806 1619 unis
821 1562 943 1620 librariis
958 1565 1073 1620 tribuas.
1117 1577 1192 1620 reum
1211 1576 1241 1618 se
1256 1575 1316 1618 esse
1334 1567 1429 1616 sentit.
1450 1563 1482 1616 Et
1501 1566 1648 1631 propterea
1666 1561 1780 1618 moleste
1792 1573 1848 1618 non
1864 1569 1896 1618 tn
1909 1577 1942 1618 e-

288 1640 342 1696 Sed
358 1640 413 1710 jam
437 1635 533 1691 andire
556 1634 622 1690 mihi
646 1635 742 1690 videor
765 1642 999 1704 percunctantem,
1025 1649 1075 1692 cor
1115 1641 1180 1691 runt
1190 1633 1385 1689 ecclesiasticae
1400 1630 1560 1702 reipublicae
1573 1645 1715 1702 proceres,
1745 1632 1800 1690 uod
1815 1634 1943 1704 ipsorum

253 1724 319 1782 ergo
335 1709 498 1777 scriptorem
513 1707 680 1776 imperitum,
692 1713 719 1761 et
732 1706 861 1762 sublestae
876 1707 951 1776 lidei,
962 1713 990 1762 et
1003 1707 1074 1778 inju·
1116 1713 1238 1761 veterum
1261 1704 1455 1760 hereticorum
1479 1702 1611 1772 opuscula
1640 1647 1823 1788 nonnullam
1848 1703 1941 1762 lucem

254 1785 325 1839 rium
350 1778 479 1835 Romanis
501 1777 692 1847 pontilicibus,
722 1777 848 1848 evulgare
871 1778 966 1844 velim,
992 1763 1270 1848 queranrooirent
1300 1775 1365 1830 dum
1393 1787 1447 1830 una
1466 1789 1527 1830 cum
1550 1788 1658 1831 veneno
1682 1775 1803 1832 remedia
1827 1789 1941 1847 quoque

253 1853 359 1924 equius
372 1850 443 1907 soret
458 1849 486 1904 in
500 1861 550 1904 sua
565 1848 702 1904 oblivione
716 1849 853 1919 sepultum
864 1847 1074 1918 derelinqueret
1115 1851 1359 1919 conjungerentur.
1389 1845 1544 1902 ilistoricos
1561 1845 1651 1912 aiios,
1682 1853 1711 1902 et
1741 1847 1853 1916 quidem
1883 1861 1940 1904 non

250 1928 303 1982 Pro
318 1937 360 1979 me
376 1933 537 1990 responsum
552 1919 657 1974 dabunt
670 1919 718 1990 qni
732 1922 761 1974 in
776 1920 941 1976 eruditionis
950 1921 1073 1990 antiquae
1116 1934 1227 1990 pancos,
1243 1919 1376 1974 babemus
1391 1916 1553 1999 Landulpbo
1576 1917 1690 1985 similes,
1707 1925 1789 1988 atque
1804 1919 1848 2001 iis
1866 1918 1940 1974 liber

269 1989 560 2056 enetralibusversa'ti,
577 1992 680 2060 optime
705 1999 807 2046 norunt
825 1992 1072 2061 quantibonarnm
1114 1999 1155 2048 est
1180 2005 1278 2046 cursus
1305 2003 1355 2061 per
1380 1988 1551 2045 eruditorum
1578 2002 1684 2044 manus.
1719 1990 1828 2046 Nostris
1855 1991 1938 2046 etiam

249 2012 402 2124 litterarum
417 2062 526 2118 intersit
541 2062 589 2117 bas
608 2062 688 2116 etiarn
705 2062 910 2132 qualescunque
932 2063 1071 2120 historice
1114 2061 1294 2132 temporibus,
1314 2072 1371 2116 non
1385 2059 1566 2116 dissentiente
1584 2061 1681 2126 Roma,
1702 2059 1755 2116 luci
1772 2059 1881 2116 reddita
1898 2070 1938 2117 est

247 2136 419 2209 antiquitatis
434 2132 596 2203 quisquilias
611 2133 639 2187 in
650 2131 1073 2204 publicumefferrilavnexplo-
1113 2148 1146 2189 ex
1165 2133 1333 2189 bibliotheca
1352 2131 1470 2199 Estensi,
1490 2137 1518 2186 et
1538 2131 1583 2186 hic
1597 2132 1678 2187 etiarn
1691 2137 1765 2187 tom.
1786 2131 1809 2187 ll
1830 2146 1936 2198 recusa,

246 2217 334 2266 ratum
358 2214 401 2263 est
424 2204 591 2274 lacrymabili
616 2204 781 2274 scriptorum
806 2203 962 2263 italicorum
978 2206 1071 2276 inopia
1113 2207 1299 2261 Ravennatem
1322 2203 1516 2273 episcoporum
1539 2203 1670 2268 Historia,
1685 2201 1750 2259 olim
1775 2203 1810 2258 ab
1828 2203 1937 2260 Andrea

246 2281 372 2336 laborare
387 2275 478 2332 media
493 2275 538 2331 iila
553 2274 664 2340 saecula,
681 2275 901 2345 quihusomnem
915 2275 972 2332 lere
983 2278 1072 2332 scien·
1111 2279 1133 2331 Α
1154 2276 1226 2332 nello
1241 2274 1415 2341 concinnata,
1432 2279 1460 2329 et
1476 2288 1491 2328 a
1514 2271 1550 2328 cl.
1573 2276 1604 2329 V.
1625 2274 1775 2330 benedicto
1788 2275 1936 2332 bacchinio

246 2354 346 2408 tiaram
366 2363 398 2405 ac
416 2347 516 2402 artium
531 2360 621 2411 usum,
637 2347 711 2416 apud
727 2360 778 2402 nos
793 2348 976 2416 potissimum,
992 2349 1071 2418 igno·
1112 2291 1267 2412 ilfustrata,
1297 2359 1452 2417 quanquam
1478 2357 1533 2401 non
1560 2345 1703 2401 dissimilia
1731 2360 1746 2401 a
1775 2346 1936 2429 landulpho

245 2423 335 2479 raotia
350 2435 381 2476 ac
396 2418 537 2475 barbaries
551 2418 699 2486 eripuerat.
713 2419 894 2475 llincnostrae
905 2420 1070 2489 aetatisque-
1112 2426 1207 2474 nostro
1222 2417 1360 2474 exhibeat.
1380 2418 1483 2486 Nempe
1508 2416 1568 2472 haec
1592 2417 1683 2472 omnia
1702 2429 1737 2472 eo
1761 2417 1844 2474 titulo
1867 2417 1936 2474 tole·

245 2495 321 2559 relae,
337 2490 412 2562 quod
437 2489 623 2544 monumentis
636 2502 778 2544 careamus
793 2502 887 2545 eorum
904 2497 1068 2561 temporum,
1112 2489 1207 2556 randa,
1227 2488 1302 2560 quod
1321 2488 1355 2544 ad
1375 2488 1517 2545 historiam
1542 2489 1697 2546 accuratius
1716 2495 1743 2544 et
1762 2491 1855 2546 verius
1874 2503 1934 2559 per-

245 2573 275 2621 et
287 2566 386 2635 ingens
404 2573 459 2616 nox
483 2560 510 2614 in
534 2558 649 2614 historia
672 2558 765 2616 italica
785 2573 858 2616 nunc
879 2567 1017 2628 occurrat,
1034 2561 1068 2618 ad
1111 2561 1255 2618 texendam
1270 2559 1436 2616 conducant.

245 2649 325 2706 quarn
340 2629 532 2702 depellendam
546 2631 568 2686 si
584 2631 690 2701 quisse
705 2630 838 2698 conlocat,
854 2633 969 2689 vetustis
992 2633 1069 2689 codi·
1145 2635 1223 2688 Nunc
1236 2637 1323 2687 restat
1337 2637 1368 2686 nt
1381 2631 1415 2687 de
1430 2629 1551 2688 ilistoria
1570 2629 1579 2685 i
1600 2645 1640 2697 sa,
1656 2630 1786 2701 illiusque
1810 2638 1933 2696 auctore,

245 2708 324 2764 cibus
338 2711 421 2776 atque
440 2702 559 2758 archivis
572 2701 720 2771 diligenter
734 2705 866 2770 excussis,
887 2713 943 2760 tom
968 2707 993 2760 ei
1008 2718 1069 2774 gra·
1109 2705 1162 2760 alia
1185 2703 1310 2774 qnaedam
1335 2701 1493 2770 tradamus,
1520 2645 1637 2786 eruditis
1660 2700 1781 2786 tortasse·
1802 2704 1932 2774 gratiora.

245 2780 290 2835 tiae
315 2777 407 2833 multae
429 2773 565 2830 debentur
579 2773 613 2828 ab
634 2773 760 2829 eruditis.
784 2776 910 2842 Quamvis
925 2776 996 2831 enim
1012 2789 1067 2832 non
1109 2775 1253 2845 Exemplar
1272 2788 1322 2830 ms.
1343 2773 1485 2845 undergo
1510 2773 1575 2829 olvrn
1598 2773 1748 2844 descripsi,
1773 2787 1801 2830 tn
1822 2775 1935 2832 Ambro-

245 2862 308 2906 raro
323 2848 487 2904 seculorum
503 2844 612 2901 illorum
633 2844 758 2902 historici
781 2847 925 2915 ineptiant,
942 2847 1006 2902 dmn
1024 2861 1068 2903 res
1108 2849 1185 2903 siana
1200 2845 1369 2902 bibliotheca
1383 2851 1548 2912 asservatur,
1569 2858 1649 2900 manu
1670 2845 1820 2914 recentiori
1836 2861 1932 2904 exara·

243 2926 335 2990 gestas
357 2917 556 2988 aliquantulum
572 2915 606 2970 ab
627 2923 708 2971 aetate
731 2930 781 2972 sua
803 2917 915 2973 dissitas
933 2917 1066 2985 referunt,
1109 2925 1175 2974 tum.
1193 2915 1262 2974 illud
1279 2930 1344 2974 vero
1359 2916 1529 2973 ellornratum
1544 2929 1578 2972 er
1598 2916 1686 2972 altero
1706 2931 1721 2974 e
1742 2916 1856 2974 duobus
1870 2931 1931 2973 mss

244 2993 323 3060 eujus
354 2991 412 3044 vitii
446 3000 501 3042 non
535 2987 634 3054 injuria
667 2986 730 3042 illos
757 2990 872 3043 arcessit
902 2989 1067 3045 Godeiridns
1109 2990 1261 3055 codicibus,
1286 2989 1381 3059 quiin
1401 2986 1568 3044 bibliotheca
1592 2988 1705 3058 capituti
1726 2988 1932 3059 metropolitani

242 3061 403 3116 Guilielmus
417 3057 569 3114 leibnitius
579 3059 607 3112 in
622 3057 774 3113 introduct.
790 3059 823 3114 ad
835 3059 949 3116 collect.
961 3061 1065 3117 ilistor.
1109 3061 1320 3118 llediolanensis
1343 3065 1461 3116 exstant.
1486 3060 1555 3126 buo,
1580 3058 1712 3130 inquam,
1741 3059 1798 3116 illic
1823 3060 1934 3118 codices

244 3131 279 3188 de
293 3130 363 3186 lieb.
384 3128 587 3192 brunsvicens,
603 3133 722 3184 attamen
736 3128 804 3184 illud
819 3130 981 3201 plerumque
996 3101 1097 3202 prae·C
1110 3146 1174 3188 mss.
1197 3137 1356 3198 occurrunt,
1381 3130 1461 3187 ambo
1485 3130 1577 3187 multis
1599 3137 1663 3187 ante
1686 3131 1798 3187 saeculis
1818 3133 1930 3188 exarati.

242 3210 316 3258 strnt
328 3209 358 3257 ut
369 3216 414 3258 res
429 3199 576 3270 proximas,
592 3199 649 3254 sive
665 3207 826 3270 presentes,
843 3201 962 3258 ildeliter
976 3205 1067 3272 expri·
1107 3205 1183 3260 Unus
1197 3219 1231 3260 ex
1245 3204 1280 3259 iis
1294 3203 1487 3272 complectitur
1497 3209 1597 3273 prater
1606 3201 1761 3274 landulphi
1772 3203 1930 3270 ilistoriate,

243 3280 328 3341 mant,
344 3279 372 3328 et
394 3285 455 3328 cum
480 3269 595 3340 reliquis
616 3269 709 3326 collati
732 3271 766 3327 ad
792 3273 940 3330 remotiora
955 3288 1065 3345 quoque
1107 3290 1188 3347 quam
1211 3289 1285 3332 nunc
1309 3275 1439 3340 edimus,
1468 3273 1601 3344 broulpbi
1628 3288 1738 3345 quoque
1762 3275 1930 3341 chronicon.

242 3343 313 3401 lacta
327 3349 374 3400 aut
388 3341 586 3405 confirmanda,
602 3347 650 3396 aut
669 3341 780 3398 uberius
798 3344 958 3414 explicanda
980 3346 1067 3402 inser·
1106 3347 1181 3418 quod
1202 3346 1295 3403 itidem
1319 3346 1494 3416 protulimus,
1514 3351 1542 3402 et
1563 3347 1722 3417 catalogum
1746 3347 1932 3404 llediolancn-

243 3416 326 3472 viant.
351 3414 501 3472 admistam
527 3412 654 3470 nimirum
678 3427 739 3468 eum
757 3412 858 3470 lahulis
872 3430 904 3472 ac
924 3418 1066 3474 erroribus
1105 3421 1177 3474 sium
1201 3418 1364 3482 antistitum,
1388 3417 1423 3473 ad
1442 3417 1585 3474 daldinum
1607 3432 1623 3473 u
1659 3431 1693 3474 ue
1708 3417 1872 3485 deductum,
1886 3419 1930 3489 qui

243 3484 384 3544 nonnullis
406 3485 517 3542 multam
548 3497 639 3540 rernm
662 3485 803 3542 veritatem
833 3487 954 3556 habent,
985 3503 1064 3558 qnam
1106 3503 1178 3546 anno
1193 3491 1294 3547 Christi
1312 3487 1490 3545 1176evivis
1508 3489 1585 3544 abiit.
1607 3488 1643 3546 lis
1663 3503 1705 3546 em
1724 3489 1931 3547 characteribus

242 3558 344 3615 deinde
358 3571 503 3614 secernere
520 3563 561 3612 est
580 3554 653 3611 acuti
668 3555 866 3628 prudentisque
885 3559 986 3616 critici.
1004 3562 1066 3631 ipsa
1107 3569 1205 3618 cuncta
1221 3561 1259 3617 ibi
1272 3561 1395 3630 seripta;
1411 3573 1496 3630 quare
1510 3559 1617 3616 codicis
1630 3567 1738 3616 aetatom
1753 3560 1838 3618 lacile
1853 3563 1926 3618 intel·

243 3629 338 3686 eadem
358 3645 424 3699 qne
450 3629 485 3685 de
508 3626 653 3682 lamberto
676 3637 769 3684 narrat
793 3629 980 3700 bardulphus,
1002 3638 1065 3688 uta
1107 3633 1185 3705 ligas.
1200 3635 1230 3688 ln
1245 3632 1332 3688 altero
1347 3631 1443 3688 codice
1455 3645 1505 3688 ms.
1518 3631 1760 3702 leguntureaedeut
1771 3633 1925 3704 landnipbi

242 3700 449 3771 chronologicis
463 3698 577 3755 calculis
595 3699 709 3754 ninnium
732 3707 863 3770 quantum
886 3702 1064 3767 abhorreant,
1106 3711 1134 3761 et
1156 3703 1289 3774 arnulphi
1314 3703 1462 3769 ilistoriae,
1488 3703 1676 3760 characterum
1695 3701 1785 3760 lorma
1804 3718 1862 3761 non
1879 3705 1928 3760 dis

242 3771 424 3828 Theodeberti
450 3777 539 3826 tannen
563 3771 729 3826 Francorum
751 3772 824 3843 regis
847 3778 970 3844 tempora
985 3774 1065 3832 laeile
1106 3777 1189 3833 simili
1209 3791 1225 3831 a
1249 3774 1385 3844 scriptura
1409 3774 1515 3831 codicis
1530 3775 1625 3844 primi,
1651 3773 1752 3846 quibus
1774 3775 1871 3832 addita
1892 3781 1928 3830 est

242 3843 301 3898 desi
323 3849 409 3908 nant;
426 3847 509 3910 atque
525 3840 589 3896 hinc
603 3842 792 3899 tantummodo
807 3843 939 3901 discimus
953 3860 1015 3915 quae
1030 3846 1065 3904 de
1106 3848 1226 3904 historia
1255 3845 1408 3915 handulphi
1431 3859 1446 3902 a
1469 3847 1569 3902 Sancto
1589 3845 1673 3902 Paulo
1701 3846 1730 3902 in
1760 3847 1926 3904 collectione

243 3857 379 3968 lamberti
401 3913 489 3983 gestis
512 3924 543 3967 ac
568 3919 655 3968 morte
671 3913 699 3967 in
715 3912 912 3972 Mediolanensi
927 3917 995 3973 urbe
1010 3923 1065 3974 tra-
1106 3926 1200 3974 nostra
1214 3917 1309 3974 itidem
1325 3916 1486 3988 evulganda.
1507 3921 1540 3973 ht
1559 3917 1588 3973 in
1606 3915 1696 3974 fronte
1715 3919 1835 3975 secundi
1850 3919 1926 4000 hujus
2000 3959 2001 3966 ι

242 3984 312 4040 ditio
326 3983 398 4038 loret
413 3988 475 4053 post
490 3988 599 4038 centum
614 3985 726 4041 circitor
740 3993 767 4042 et
779 3988 919 4058 octoginta
934 4001 1021 4045 annos
1030 3990 1064 4046 ab
1105 3989 1212 4048 codicis
1229 3990 1274 4045 hic
1298 3988 1394 4044 titulus
1414 3990 1546 4055 occurrit,
1562 4001 1643 4044 manu
1663 3996 1755 4045 tamen
1780 3993 1925 4047 recentiori

243 4055 317 4111 illius
329 4055 452 4111 interitu.
473 4055 538 4120 Quae
559 4060 649 4110 autern
664 4056 698 4111 ad
714 4057 866 4127 bandutpbi
882 4065 1005 4130 tempora
1019 4075 1065 4117 ae·
1105 4063 1226 4133 scriptus
1244 4081 1251 4116 ε
1273 4059 1401 4116 duramen
1414 4060 1489 4117 betti
1504 4060 1691 4132 urcldepiscopi
1706 4060 1855 4117 lledieluni
1868 4075 1926 4118 sss·

242 4125 363 4192 cedunt,
389 4125 451 4196 tyriis
475 4131 557 4196 neget
578 4127 645 4195 quin
663 4128 698 4183 ad
717 4127 859 4184 historiam
874 4130 1063 4188 elucidandam
1105 4138 1211 4205 copulo.
1235 4133 1313 4188 Nunc
1334 4144 1400 4202 crgo
1419 4132 1689 4189 animadvertendum
1705 4131 1846 4189 celebrem
1861 4134 1927 4189 inter
1998 4139 1999 4186 ι

241 4196 368 4254 conlerre
382 4196 486 4267 aliquid
502 4197 630 4267 possint?
650 4201 684 4253 lit
706 4212 739 4254 ue
761 4199 829 4257 illud
844 4201 872 4256 in
892 4203 988 4271 primis
1001 4204 1063 4258 ani·
1105 4203 1230 4261 eruditos
1240 4204 1454 4260 controversiam
1464 4204 1651 4267 versari‚num
1661 4203 1794 4260 videlieet
1802 4211 1926 4262 auctores

242 4267 579 4338 madvertatvelimquod
597 4213 806 4327 illehahetlib.
825 4287 855 4339 ιι,
872 4286 932 4342 cap.
952 4273 993 4339 16,
1017 4275 1064 4330 ubi
1105 4275 1199 4347 hymni
1225 4277 1260 4330 Te
1280 4276 1361 4330 Deum
1380 4273 1531 4342 laudemus,
1565 4272 1668 4332 luerint
1691 4277 1779 4330 sancti
1805 4275 1924 4346 episcopi
1997 4263 1998 4299 ι

240 4343 368 4398 ottonem
392 4341 503 4396 tertium
524 4343 673 4410 angustum
697 4343 746 4405 ait,
766 4343 906 4400 acernilio
920 4345 1061 4415 corporali,
1103 4347 1264 4404 umbrosius
1278 4353 1305 4402 et
1322 4347 1499 4417 Augustinus.
1524 4347 1574 4414 Qui
1597 4347 1669 4402 bane
1688 4353 1803 4404 tuentur
1817 4355 1925 4405 senten·
1996 4361 1997 4408 ι

240 4417 343 4472 mortue
365 4411 483 4492 mipene,
506 4425 541 4466 ee
565 4411 683 4482 quesibi
705 4411 788 4484 filium
805 4413 947 4471 smerdem
960 4418 1063 4474 mirante
1105 4420 1191 4486 tiam,
1216 4418 1374 4474 testimonio
1403 4417 1573 4488 potissimum
1601 4424 1716 4474 utuntur
1742 4422 1834 4475 sancti
1863 4419 1925 4475 batii
1995 4449 1996 4521 y

240 4489 375 4552 peramat,
400 4483 522 4549 alsenam,
548 4483 658 4552 nuptias
680 4484 790 4566 tandem
813 4500 976 4556 procurasse
1001 4455 1827 4560 cumDarchiepiscopillediolaneosis,quisubiustiniano
1842 4491 1925 4560 impe·

240 4555 294 4610 dlia
322 4554 497 4624 imperatoris
519 4554 825 4623 constantinopolitani.
850 4560 948 4614 llarrat
969 4560 1062 4617 Gode·
1104 4569 1195 4618 ratore
1209 4562 1314 4628 tloruit,
1334 4563 1448 4632 ejusque
1463 4563 1503 4617 rei
1518 4561 1598 4618 iidem
1618 4559 1694 4616 lacit.
1716 4563 1849 4618 Sanctum
1864 4575 1924 4618 rero
1994 4561 1995 4633 l

238 4624 327 4683 fridus
340 4624 520 4682 viterbiensis
533 4624 567 4680 ab
581 4626 690 4681 ottonis
704 4626 739 4680 lll
754 4629 871 4699 coniuge
886 4630 967 4686 llaria
981 4631 1061 4688 solli·
1103 4635 1208 4690 betium
1233 4632 1375 4704 cujusdam
1399 4633 1523 4689 chronici
1548 4638 1688 4690 avtctorem
1713 4631 1800 4690 luisse
1820 4635 1926 4692 indum

238 4697 351 4754 citatum
366 4697 400 4752 ad
416 4705 511 4767 turpes
524 4695 665 4765 amplexus
679 4697 806 4754 comitem
825 4701 969 4770 quemdam
985 4704 1062 4760 hluti·
1102 4707 1272 4762 Gualvanens
1295 4703 1423 4770 Flamma,
1448 4705 1556 4770 corius,
1581 4703 1712 4772 hleiatus,
1737 4704 1845 4776 aliique
1868 4719 1924 4762 cun

239 4769 421 4838 nensem‚qui
434 4783 449 4824 a
464 4773 540 4824 tarrto
556 4765 677 4825 facinore
692 4768 855 4836 abhorrens,
867 4787 899 4828 ae
914 4780 1061 4844 propterea
1102 4784 1208 4834 veteres
1224 4784 1279 4832 tum
1296 4781 1421 4832 recentes
1438 4789 1528 4832 rerum
1548 4775 1792 4833 Mediolanensium
1814 4779 1927 4848 scripto

239 4841 274 4896 ab
289 4841 372 4910 impia
387 4841 482 4911 regina
492 4840 680 4896 accusatusde
694 4840 720 4896 vi
732 4841 818 4908 illata,
831 4844 920 4913 capite
931 4845 1061 4904 maritatus
1102 4862 1156 4915 res,
1172 4849 1227 4904 imo
1242 4862 1276 4904 ex
1290 4847 1387 4904 eodem
1406 4847 1539 4904 chronico
1554 4848 1573 4903 ii
1597 4858 1627 4904 se
1642 4847 1727 4904 multa
1740 4849 1925 4920 desumpsisse

239 4918 291 4968 est.
307 4915 374 4968 Cum
389 4925 454 4968 vero
469 4911 578 4968 comitis
592 4912 692 4967 mortni
709 4913 893 4970 innocentiam
914 4917 974 4986 eius
992 4933 1061 4975 uxor
1101 4925 1245 4976 testantur.
1275 4921 1364 4990 tuqus
1393 4920 1531 4990 precipue
1559 4919 1733 4977 documentis
1759 4922 1923 4978 senentiam

239 4983 311 5053 apud
335 4986 463 5040 Ottonem
483 4981 589 5060 judicio
608 4983 680 5054 ignis
694 4981 766 5042 lacto
780 4987 967 5054 sustinuisset,
983 4992 1059 5061 regi·
1100 5005 1175 5048 suam
1191 4991 1226 5047 de
1239 4991 1399 5048 auctoribus
1421 4989 1524 5047 laudati
1547 4991 1640 5062 hymni
1663 4991 1795 5049 tuebatur
1816 4993 1883 5050 olim
1897 4993 1924 5048 Ρ.

239 5067 300 5110 nam
316 5057 458 5126 conjugem
474 5057 537 5110 dtto
558 5055 668 5124 publico
691 5056 827 5127 supplicio
847 5059 969 5115 sustulit.
993 5063 1059 5119 Rem
1101 5062 1292 5119 Eustachiusa
1312 5063 1340 5119 S.
1357 5061 1473 5129 Ubaldo,
1489 5063 1686 5132 bisqeisitione
1701 5063 1729 5118 in
1745 5063 1836 5122 hocce
1851 5077 1924 5134 erqo

239 5132 341 5182 tanum
361 5141 376 5182 a
399 5126 474 5182 nullo
499 5139 592 5183 coaevo
616 5128 751 5196 scriptore
775 5135 910 5186 narratam
934 5139 998 5188 sunt
1012 5135 1060 5204 qui
1101 5139 1221 5190 mentum
1237 5134 1320 5190 edita.
1332 5135 1426 5205 Neque
1442 5148 1525 5204 porro
1537 5134 1740 5205 iuvataliorum
1750 5134 1825 5192 inire
1836 5147 1924 5193 nome

239 5195 299 5254 lalsi
315 5206 439 5269 arguant,
459 5203 541 5267 atque
557 5198 630 5255 inter
643 5199 712 5255 alios
726 5199 832 5256 clariss.
849 5203 947 5273 l’agius
961 5203 988 5258 in
1004 5205 1060 5261 Cri·
1100 5206 1225 5276 rnrn,qui
1236 5206 1271 5262 de
1282 5206 1360 5262 batio
1370 5207 1485 5276 ejusque
1495 5206 1633 5263 Chronico
1644 5207 1814 5264 mentionem
1825 5205 1921 5264 iecere.

239 5268 287 5324 tic.
300 5271 398 5326 baron.
411 5269 446 5326 ad
461 5282 561 5325 annum
576 5269 639 5334 998,
655 5284 683 5326 n,
708 5269 749 5336 17,
764 5271 792 5326 in
811 5272 881 5328 hanc
895 5276 1059 5332 sententiam
1100 5277 1152 5333 Sed
1172 5291 1227 5334 non
1247 5277 1457 5346 praetereundus
1479 5278 1514 5335 el.
1533 5277 1576 5334 vir
1596 5279 1717 5334 loannes
1736 5279 1919 5342 llabillonios,
1987 5337 1988 5340 ,

239 5340 392 5408 descendit,
425 5341 583 5398 scribens:
617 5343 676 5400 Otto
707 5344 753 5397 lll
783 5359 922 5415 eumaem
948 5361 1059 5403 oaorem
1100 5349 1146 5420 qni
1170 5362 1231 5405 cum
1256 5348 1308 5404 sibi
1331 5349 1497 5407 innotuisset
1521 5350 1637 5420 reperiri
1657 5351 1685 5405 in
1709 5351 1920 5421 metropolitana
1987 5341 1988 5409 l

238 5410 324 5495 derit.
347 5415 382 5470 tt
407 5412 584 5483 landulphus
610 5420 714 5481 noster,
739 5414 774 5470 ab
801 5417 910 5472 ottonis
932 5418 967 5473 lll
986 5424 1058 5474 tem·
1099 5419 1267 5476 bibliotheca
1290 5421 1373 5492 hujus
1396 5421 1521 5479 chronici
1540 5435 1590 5478 ms.
1609 5420 1766 5492 exemplar,
1792 5437 1827 5480 ea
1846 5421 1920 5478 dere

235 5483 353 5684 guribus
371 5496 427 5542 non
455 5483 570 5542 multtum
594 5492 725 5553 remotus,
750 5488 872 5560 Augusto
900 5488 966 5546 huic
987 5504 1058 5547 eon·
1097 5491 1277 5564 interrogavit
1291 5506 1340 5564 per
1352 5492 1459 5550 litteras
1470 5495 1619 5550 britonium
1632 5493 1745 5551 llarlam
1758 5493 1917 5558 Pttsterlau.
1985 5535 1986 5538 =

250 5567 330 5685 egfert
343 5569 407 5616 vore
429 5555 513 5616 luism
525 5561 652 5618 tsshtm.
662 5557 771 5629 ,Qutom
786 5558 838 5620 hac
860 5560 890 5621 in
914 5575 945 5622 re
968 5561 1058 5623 eidem
1098 5565 1178 5638 cujus
1200 5563 1282 5624 otiam
1305 5565 1528 5638 responsasdtta
1541 5566 1576 5626 ab
1590 5566 1651 5642 ipso
1665 5563 1828 5626 linbillonio
1846 5563 1921 5625 hott
1984 5541 1986 5636 l

275 5641 305 5688 es
318 5626 506 5702 adiungaturt
530 5629 621 5700 certe,
645 5629 689 5686 ιιι
712 5630 823 5703 auditis,
846 5645 902 5693 non
925 5633 1057 5696 continuo
1098 5635 1264 5697 totnateet.
1284 5641 1339 5696 vet.
1355 5638 1459 5708 tomi,
1476 5636 1547 5711 pb.
1982 5653 1985 5743 y
