4034 6152
143 343 210 398 1017
722 346 808 402 vlit.
827 374 863 386 -
880 345 1062 402 ossbltvnv.
1083 345 1235 402 rivAEl'lAE.
1464 391 1471 400 .
1696 337 1702 344 ’
1753 344 1821 403 1018

140 467 372 536 celebrabuntur;
397 468 435 525 ita
453 474 543 526 autem
563 473 594 526 ut
616 470 724 541 priores
746 475 852 542 septem
871 469 1116 530 missaeAlaudato
1139 468 1321 528 Rubeaevallis
1334 469 1538 542 llartyrologio,
1551 470 1599 528 ubi
1613 472 1699 529 sancii
1713 471 1823 531 ceraldl

141 564 169 615 et
189 557 289 628 vigilia
304 556 465 613 solemniter
479 558 594 628 pulsatis
609 559 695 632 signis
714 559 842 616 omnibus
857 559 962 631 persol·
1003 556 1170 615 contessoris
1192 559 1323 614 memoria
1345 559 1472 628 hebetur,
1487 559 1594 616 ceraldi
1618 562 1706 617 nostri
1728 561 1824 617 laudes

139 652 255 712 vantur;
272 645 445 702 sacerdotum
460 661 526 704 vero
540 649 728 719 unusquisqne
744 661 794 718 pru
809 661 842 705 eo
856 653 961 718 septem
1003 661 1036 703 er
1051 647 1136 702 veteri
1161 653 1252 717 poeta,
1278 653 1306 702 et
1329 661 1362 702 er
1386 647 1509 703 Lisiardo
1539 649 1725 719 prosequitur.
1755 649 1823 704 Fer·

141 735 222 791 missa
237 734 392 805 perorabit;
409 734 456 804 εει
471 735 601 792 sacerdos
615 749 670 792 non
685 741 737 804 est,
749 737 802 793 tria
816 735 961 806 psalteria;
1003 735 1092 790 rarius
1115 749 1179 792 vero
1203 736 1231 791 ιε
1256 735 1381 807 catalogo
1404 736 1526 807 generali
1549 743 1707 794 sanctorum
1729 737 1824 794 eadem

140 824 187 894 εει
211 822 246 879 ad
265 822 430 894 psalterium
454 823 575 880 nondum
601 825 735 896 pervenit,
756 824 892 896 usquead
908 825 960 881 tri·
1003 821 1048 878 die
1071 823 1215 880 ceraldum
1240 831 1375 893 nostrum,
1400 839 1461 881 cum
1487 824 1604 881 ceraldo
1632 825 1824 892 Auriliacensi,

139 915 215 983 ginta
230 911 290 968 dies
303 916 409 983 septem
425 912 545 983 psalmos
559 913 683 984 quotidie
698 914 833 982 cantabit;
854 915 902 985 εει
916 928 963 970 au·
1003 916 1085 981 atque
1110 911 1193 968 alium
1217 912 1339 982 ejusdcm
1363 913 1482 970 nominis
1506 913 1633 970 abbatem
1652 914 1828 970 Lemovicen·

139 1008 193 1060 tem
214 1001 312 1068 nescit,
327 1001 431 1071 septies
445 1001 570 1071 quotidie
593 1003 734 1069 humere,
760 1003 806 1074 εει
826 1017 891 1060 vero
910 1016 962 1060 nec
1003 1014 1059 1056 sem
1085 1000 1196 1069 laudat;
1225 1005 1253 1058 at
1276 1001 1423 1058 Bucolinns
1451 1003 1516 1059 lieet
1538 1009 1661 1060 nostrum
1680 1003 1825 1060 deroldum

138 1091 276 1156 Miserere,
300 1089 404 1159 septies
431 1088 556 1158 quotidie
581 1091 661 1146 Peter
678 1095 776 1158 noster,
794 1109 808 1142 s
833 1096 886 1148 eie.
912 1093 964 1146 lle-
1001 1091 1056 1159 jam
1072 1089 1117 1145 die
1132 1089 1261 1160 5Aprilis
1276 1091 1476 1163 consignasset,
1488 1095 1548 1162 ejus
1563 1097 1653 1148 tamen
1666 1091 1824 1149 memoriam

138 1185 287 1236 censentur
301 1183 397 1248 postea
411 1178 560 1235 societates
578 1178 741 1236 Silvensium
766 1180 962 1238 monachorum
1003 1178 1102 1234 iterum
1122 1179 1223 1248 repetit
1241 1176 1272 1232 13
1291 1179 1428 1236 Octobris.
1448 1181 1502 1236 Sed
1517 1181 1576 1238 haec
1596 1181 1725 1252 persequi
1740 1180 1828 1238 insius

139 1281 201 1324 cum
216 1267 278 1322 aliis
301 1266 481 1322 eeclesiarum
505 1281 553 1323 εεε
569 1268 798 1324 monasteriorum
824 1268 964 1326 conventi·
1004 1267 1072 1323 nihil
1093 1269 1180 1338 juvat.
1205 1267 1356 1324 Fatendum
1380 1273 1532 1325 esttamen
1556 1271 1724 1340 praecipuam
1751 1269 1825 1326 beati

140 1358 203 1424 bus,
218 1371 287 1427 quus
309 1355 398 1412 fusius
417 1357 462 1412 hic
482 1357 610 1427 persequi
626 1371 682 1413 non
698 1365 784 1414 vacat.
802 1359 866 1414 Eam
881 1373 961 1428 quam
1003 1355 1111 1412 ceraldi
1135 1354 1306 1412 festivitatem
1328 1357 1480 1430 antiquitus
1498 1358 1662 1414 celebratam
1682 1357 1766 1416 fuisse
1781 1357 1826 1415 die

138 1447 198 1517 ipse
225 1446 358 1502 ceraldus
387 1461 447 1502 cum
475 1445 570 1503 Οειοεε
603 1447 701 1503 abbate
733 1449 822 1504 sancti
848 1448 963 1504 loannis
1003 1442 1034 1497 21
1052 1444 1136 1510 1111111,
1157 1444 1278 1514 quodea
1299 1445 1343 1502 dic
1368 1460 1475 1502 sacrum
1501 1448 1561 1516 ejus
1589 1460 1724 1517 corpuse
1753 1453 1827 1504 terra

139 1534 347 1606 Ang’eriacensis
371 1534 398 1590 ιε
419 1534 541 1603 capitulo
566 1535 772 1604 Silvae-biajoris
786 1537 857 1603 iniit,
879 1535 963 1592 refert
1004 1530 1121 1588 levatum
1141 1531 1233 1590 luerit.
1256 1534 1295 1590 ld.
1312 1541 1421 1590 constat
1444 1549 1478 1590 ex
1496 1533 1597 1592 litteris
1612 1536 1720 1593 Ottunis
1743 1536 1828 1606 Aqui·

139 1622 344 1695 Papebrochios
367 1625 395 1678 in
420 1623 659 1680 observationibus
683 1625 792 1694 praeviis
817 1626 851 1681 ad
876 1626 962 1695 ipsam
1004 1622 1087 1678 tanim
1111 1621 1200 1689 ducis,
1230 1635 1298 1692 quas
1321 1621 1392 1677 inira
1416 1622 1615 1681 exhibebimus.
1640 1623 1745 1694 Duplex
1768 1626 1828 1693 ejus

139 1713 212 1770 beati
234 1712 343 1770 ceraldi
363 1711 450 1768 Vitam
475 1725 550 1768 num.
570 1711 612 1780 18,
637 1727 718 1784 quam
743 1714 781 1769 ibi
806 1715 905 1785 cuique
924 1715 964 1770 vi·
1004 1707 1103 1765 testum
1118 1715 1315 1766 commemorat
1333 1709 1454 1766 Silvense
1474 1711 1667 1770 lialendarium
1689 1732 1695 1768 :
1720 1711 1828 1768 seilicet

139 1801 205 1857 dere
225 1801 299 1866 lieet,
315 1799 388 1856 sicut
402 1805 429 1856 et
444 1801 555 1857 nomina
575 1801 767 1872 plerarumque
783 1788 1064 1868 ecelesiarumBejus
1087 1797 1190 1864 obitus,
1216 1798 1347 1856 ulmodo
1371 1799 1541 1866 dicebamus,
1561 1799 1606 1856 die
1628 1799 1646 1854 5
1669 1799 1781 1869 Aprilis,
1800 1805 1829 1855 ει

140 1903 202 1961 quae
217 1903 279 1945 eum
302 1887 481 1959 Silva-llalori
504 1903 616 1960 precum
635 1890 795 1946 societatem
813 1891 962 1948 habebant.
1004 1885 1199 1953 Revelationis,
1217 1885 1261 1942 dle
1276 1885 1308 1940 21
1324 1887 1408 1942 lunii·

140 1978 170 2032 ln
196 1977 242 2034 his
265 1984 356 2033 tamen
380 1977 486 2047 aliquot
512 1977 611 2035 menda
638 1979 843 2036 amanuensium
868 1993 963 2036 errore
1037 1973 1085 2030 21.
1102 1976 1188 2031 Porro
1203 1974 1272 2031 adeo
1287 1973 1406 2030 celebris
1419 1973 1509 2033 iuerat
1523 1974 1596 2033 beati
1610 1975 1730 2044 Geraldi,
1747 1976 1828 2033 etiam

141 2067 330 2137 irrepseruot;
355 2065 396 2122 sie
414 2067 442 2122 S.
463 2066 617 2122 llauritil...
638 2067 795 2134 Usercensi,
810 2069 963 2126 cenetensi
1005 2062 1095 2119 adhuc
1118 2063 1243 2128 vitelliis.
1275 2064 1417 2132 8111011118,
1442 2071 1472 2121 ut
1500 2066 1592 2122 Sillim
1620 2071 1684 2136 post
1711 2061 1827 2123 mortem

140 2154 271 2226 scriptum
296 2159 348 2222 est,
373 2167 423 2224 pro
447 2155 474 2210 S.
496 2153 708 2227 biaurini,'quae
732 2155 841 2212 abbatia
871 2158 962 2212 estin
1005 2163 1086 2206 nemo
1110 2151 1275 2207 dubitaverit
1294 2166 1356 2207 eum
1380 2157 1505 2209 sanetum
1529 2153 1679 2224 appellare,
1704 2169 1736 2211 au
1761 2152 1829 2210 reli·

141 2243 253 2300 dioecesi
272 2243 440 2315 sginnenst;
475 2244 631 2311 Usercensi,
651 2243 680 2299 id
704 2251 746 2300 est
773 2261 786 2294 ε
807 2242 927 2301 Uacrche
949 2261 962 2294 o
1005 2237 1085 2309 quias
1102 2239 1163 2307 ejus
1179 2253 1211 2294 ac
1232 2238 1366 2295 tumulum
1386 2241 1521 2307 venerari,
1537 2241 1618 2297 etiam
1639 2242 1829 2312 priusquama

140 2331 213 2402 apud
233 2333 402 2398 Lemovices,
418 2336 446 2386 et
460 2332 621 2399 cenerensi,
635 2332 717 2403 vulgo
737 2350 751 2384 o
763 2332 791 2387 s.
807 2333 844 2388 Pe
858 2332 893 2388 de
908 2334 963 2390 ce·
1005 2339 1111 2383 summo
1140 2327 1271 2398 pontidee
1299 2327 1373 2383 inter
1399 2333 1510 2384 sanctos
1537 2330 1696 2386 authentice
1724 2330 1829 2386 relatus

114 2449 117 2452 ·
143 2433 253 2476 neren»
270 2420 297 2474 ln
313 2418 427 2474 dioecesi
441 2419 594 2474 Tarbelosi.
1005 2413 1112 2472 inisset.
1138 2415 1167 2472 ld
1183 2429 1238 2473 non
1253 2415 1342 2472 solum
1362 2431 1395 2473 ex
1414 2423 1532 2488 utroque
1553 2419 1614 2488 ejus
1628 2419 1695 2476 llitae
1714 2425 1828 2475 auctore

176 2507 222 2562 20.
242 2506 350 2564 ceraldi
369 2507 474 2563 obitum
500 2507 534 2563 ad
557 2520 657 2563 annum
685 2506 752 2562 1095
771 2507 893 2564 revocari
913 2507 965 2564 de·
1006 2510 1124 2572 constat,
1140 2505 1188 2561 sed
1204 2505 1286 2562 ctiam
1310 2519 1345 2561 ex
1367 2505 1492 2563 Baldrico
1517 2512 1583 2564 tunc
1602 2507 1701 2564 abbate
1725 2509 1829 2578 Burgu-

141 2595 219 2662 bere,
249 2608 341 2662 nemo,
370 2601 401 2651 ut
428 2594 540 2666 quidem
568 2595 686 2662 videtur,
716 2594 832 2650 indciari
862 2601 963 2666 potest.
1005 2591 1097 2660 liensi,
1121 2601 1217 2664 postea
1236 2594 1446 2665 archiepiscopo
1470 2595 1596 2652 bolensis
1618 2594 1760 2663 ecclesie,
1780 2595 1829 2667 εει

142 2685 172 2740 ld
192 2683 295 2754 quippe
318 2683 430 2740 disertis
448 2684 539 2740 verbis
562 2684 665 2740 habent
682 2683 811 2742 secunde
832 2684 899 2740 llitce
914 2697 964 2740 au·
1006 2687 1120 2750 accepto
1136 2682 1209 2738 beati
1223 2683 1341 2750 abbatis,
1361 2683 1408 2754 qui
1423 2685 1483 2753 ejus
1503 2685 1608 2742 osricus
1622 2684 1720 2752 iuerat,
1732 2685 1830 2741 mortis

143 2779 214 2840 otor,
230 2773 309 2844 llugo
333 2769 545 2829 Flaviniaeensis
564 2774 649 2830 abbas
667 2773 695 2830 in
714 2773 852 2830 Chronico
866 2773 965 2829 virdu—
1007 2771 1113 2836 nuntio,
1130 2772 1233 2837 statim,
1253 2784 1304 2841 pro
1323 2771 1433 2828 illorum
1453 2777 1606 2842 tempomm
1626 2787 1714 2841 more,
1734 2787 1830 2830 versus

143 2862 222 2918 nensi
240 2860 362 2932 scriptor
387 2862 561 2932 synchronus
580 2863 810 2928 accuratissimus,
826 2869 854 2918 et
868 2868 965 2920 auctor
1006 2859 1172 2928 conseripsit
1194 2859 1222 2915 in
1246 2859 1335 2917 varias
1363 2860 1500 2916 ccclesias
1532 2861 1770 2930 transmittendos,
1799 2863 1828 2918 in
1937 2853 1947 2866 '

142 2949 271 3007 chronici
303 2949 490 3006 llalleacensis
509 2965 558 3008 seu
572 2951 660 3008 sancti
679 2951 819 3008 llaxentii.
839 2952 900 3006 Non
916 2951 965 3006 mi·
1006 2949 1107 3020 qulbus
1126 2947 1271 3005 ceraldum
1297 2949 1528 3006 «sanctissimum
1545 2968 1559 3002 ε
1584 2949 1715 3020 appellat,
1736 2950 1829 3022 aitque

143 3051 195 3094 nus
218 3041 311 3094 certus
332 3038 442 3096 videtur
465 3053 526 3096 csso
550 3039 610 3096 dies
633 3041 693 3109 ejus
721 3040 828 3106 mortis,
849 3052 910 3096 cunt
935 3039 964 3095 in
1007 3051 1067 3094 eum
1088 3036 1274 3107 precibusne
1294 3037 1341 3092 alii
1362 3036 1568 3104 defunctione
1592 3037 1737 3111 ludigere;
1762 3040 1829 3111 quin

144 3131 258 3196 utraque
287 3127 346 3182 Vita
379 3126 446 3196 ipsis
478 3128 564 3184 Nonis
590 3128 692 3198 Aprilis
719 3128 761 3183 vir
792 3132 904 3184 sanctus
929 3111 1035 3185 adcot
1059 3126 1194 3193 eumdem,
1220 3132 1250 3183 ut
1275 3127 1328 3183 sibi
1356 3127 1472 3199 aliisque
1499 3127 1655 3184 viventibus
1683 3127 1829 3186 subvenire

143 3228 259 3284 superos
278 3215 400 3272 evolasse
416 3214 540 3284 dicatur;
566 3229 617 3273 nec
632 3216 760 3272 dissentit
782 3217 861 3287 llugo
878 3215 963 3272 Flavi·
1007 3229 1062 3273 non
1077 3214 1253 3286 dedignetur,
1270 3221 1375 3272 exorat.
1386 3217 1498 3288 Aliquot
1513 3230 1548 3273 ex
1560 3217 1621 3272 istis
1636 3217 1761 3273 versibus
1775 3217 1829 3274 huc

144 3303 291 3370 niacensis,
307 3304 354 3374 εει
377 3303 460 3360 habet
483 3318 555 3361 anno
574 3303 651 3372 1095,
667 3303 734 3360 leria
754 3310 861 3376 quarta,
878 3303 922 3360 die
937 3319 964 3360 ιι
1006 3304 1130 3376 prolerre
1142 3305 1245 3360 nemini
1260 3303 1319 3362 lore
1332 3304 1468 3376 ingratum
1483 3319 1636 3362 censemus.
1651 3306 1772 3362 ceteros
1781 3305 1829 3376 εει

143 3393 235 3446 Nonas
257 3391 368 3462 Aprilis,
394 3406 409 3448 a
433 3393 523 3449 noctis
548 3393 647 3450 medio·
668 3407 755 3464 usque
779 3393 813 3450 ad
837 3407 964 3450 auroram
1006 3393 1097 3464 legere
1112 3393 1195 3459 volet,
1211 3393 1302 3459 adeat,
1322 3392 1345 3448 sl
1364 3392 1442 3460 libet,
1463 3393 1611 3449 chesnium
1625 3397 1700 3448 tomo
1715 3393 1748 3448 lv
1768 3393 1830 3448 llis·

143 3479 237 3536 stellas
255 3493 270 3536 e
289 3479 360 3536 coelo
379 3479 479 3537 cadere
503 3482 575 3538 visas
597 3481 700 3549 luisse;
727 3489 784 3537 tum
803 3481 963 3552 subiungit:
1006 3481 1085 3536 toriae
1101 3481 1239 3535 Francicae
1254 3479 1431 3550 scriptorum.

145 3570 279 3626 «Eadem
304 3578 385 3627 nocte
416 3571 542 3628 ciraldus
572 3571 658 3627 abbas
685 3572 888 3642 Silvae-llajoris
916 3571 966 3627 ml·
1042 3571 1107 3624 cunr
1124 3581 1174 3638 pro
1189 3565 1449 3625 deiunctissolcant
1463 3581 1543 3625 orare
1558 3568 1664 3638 ildeles,

142 3659 230 3731 gravit
243 3659 278 3715 ad
299 3659 453 3717 bominum.
470 3679 483 3712 o
509 3659 538 3716 ld
555 3665 645 3716 tamen
660 3660 705 3715 die
725 3659 853 3730 sequenti
877 3661 966 3717 conti·
1078 3659 1186 3727 Proque
1200 3657 1253 3713 sibi
1265 3656 1357 3714 charis
1372 3664 1536 3729 perpetuent
1550 3657 1702 3729 lacrymas3

143 3748 215 3818 gisse
238 3748 335 3804 scribit
358 3751 455 3804 auctor
478 3748 602 3806 chronici
627 3749 823 3816 llalleacensis,
839 3749 887 3819 qui
905 3763 965 3805 san·
1042 3747 1094 3802 Pro
1110 3747 1189 3802 Patre
1203 3745 1320 3801 ceraldo
1335 3745 1403 3801 nihil
1419 3753 1460 3802 est
1476 3746 1618 3817 utriusque
1633 3760 1757 3816 necesse,

144 3835 182 3891 eti
199 3835 307 3892 ceraldi
326 3843 441 3892 mortem
466 3841 494 3892 et
516 3836 656 3892 stellarum
672 3849 688 3892 e
711 3835 782 3893 coelo
797 3850 890 3893 casum
905 3851 964 3894 vnr.
1077 3834 1127 3901 Qui
1141 3833 1204 3889 coeli
1217 3833 1284 3890 civis
1299 3833 1389 3892 incola
1403 3835 1470 3890 vixit
1484 3834 1570 3890 humi.

142 3924 207 3980 ldus
231 3925 333 3996 Aprilis
354 3925 508 3998 consignat.
532 3929 566 3982 At
587 3925 612 3982 ei
637 3939 692 3981 oon
717 3925 805 3982 solum
830 3926 963 3997 hugonis,
1042 3922 1331 3992 Silvae-llajorislaeet
1345 3922 1390 3979 hic
1404 3923 1594 3979 sanctissimus
1608 3923 1704 3992 abbas,

143 4013 203 4070 sed·
221 4019 248 4070 et
280 4015 423 4086 utriusque
458 4014 525 4071 Vita
558 4015 646 4070 sancti
678 4015 787 4071 ceraldi
820 4015 966 4088 scriptoris
1077 4010 1212 4066 Abbatum
1228 4011 1369 4081 splendor,
1386 4018 1413 4068 et
1428 4011 1583 4068 monachile
1596 4010 1691 4069 decus.

144 4099 315 4173 preferenda
337 4108 379 4160 est
401 4103 561 4159 auctoritas.
587 4103 620 4158 Ει
643 4102 753 4173 quidem
774 4102 825 4159 hac
846 4103 905 4172 ipsa
920 4102 965 4158 die
1042 4098 1138 4166 callia,
1155 4099 1297 4170 congaude
1311 4099 1439 4168 ceraldo,
1455 4115 1536 4171 quem
1555 4101 1686 4172 genuisti,

91 4215 96 4226 ·
143 4197 310 4248 memoratur
325 4192 353 4248 in
367 4197 475 4248 vetusto
499 4192 664 4262 Necrologio
689 4192 849 4249 monasterii
872 4191 965 4249 Stncti
1077 4191 1115 4244 Ac
1130 4188 1239 4246 cineres
1253 4196 1363 4246 sarrctos
1377 4188 1423 4246 hic
1437 4203 1568 4246 venerare
1583 4204 1660 4246 suos.

144 4281 217 4336 Petri
240 4281 426 4338 carnotensis.
451 4281 482 4336 ln
506 4281 672 4352 Necrologio
697 4280 870 4352 corbeiensl,
890 4281 965 4352 quod
1042 4280 1094 4334 Ora
1109 4290 1160 4347 pro
1175 4277 1266 4344 nobis,
1282 4275 1407 4344 ceralde,
1425 4265 1505 4333 Pater
1519 4276 1690 4334 reverende:

144 4381 200 4425 non
225 4369 311 4426 multo
330 4377 392 4440 post
407 4368 496 4440 ipsius
508 4369 617 4426 ceraldi
635 4370 740 4426 obitum
756 4377 896 4426 exaratum
911 4375 964 4438 est,
1078 4366 1137 4421 Non
1153 4378 1224 4435 opus
1237 4374 1279 4421 est
1295 4377 1345 4435 pro
1360 4369 1387 4419 te
1402 4377 1454 4420 nos
1467 4363 1542 4418 aliud
1560 4370 1665 4433 petere.

144 4457 360 4530 hasqleguntur:
374 4459 483 4514 «Nonis
496 4457 598 4528 Aprilis
612 4457 681 4514 obiit
692 4457 824 4514 ceraldus
833 4429 999 4528 StephaniD
1042 4451 1087 4507 22.
1109 4452 1279 4509 Procedente
1308 4457 1432 4521 tempore
1460 4463 1522 4506 cunt
1542 4450 1672 4508 miracula
1698 4450 1732 4508 ad
1755 4451 1831 4508 beail

144 4547 345 4617 stinellajoris
364 4547 449 4603 abbas
468 4553 495 4602 et
519 4547 670 4602 monachus
693 4552 795 4603 nostrae
817 4559 967 4618 congrega·
1006 4541 1115 4598 ceraldi
1130 4541 1263 4597 tumulum
1278 4540 1438 4612 frequenter
1451 4539 1558 4607 tierent,
1574 4539 1662 4596 visum
1677 4545 1719 4597 εει
1736 4553 1829 4611 operes

145 4637 270 4692 tionis.»
291 4635 452 4693 Eademdie
475 4634 610 4692 festivitas
629 4636 689 4704 ejus
704 4635 731 4689 in
746 4642 854 4691 vetusto
874 4636 967 4692 Silvae-
1007 4629 1124 4700 pretium
1153 4644 1260 4687 sacrum
1289 4633 1349 4700 ejus
1372 4643 1485 4700 corpus,
1508 4641 1542 4686 ne
1568 4629 1627 4699 qui,
1657 4635 1687 4684 ut
1715 4628 1831 4686 innuere

145 4723 645 4795 hajorlsllalendariopraescribitur.
662 4723 966 4781 llincmeritoceraldi
1007 4717 1116 4774 videtur
1143 4719 1273 4776 secundae
1302 4721 1369 4776 vite
1402 4725 1508 4786 auctor.
1538 4717 1628 4786 ipsum
1660 4715 1829 4786 sumentur,

146 4827 246 4870 nomen
269 4814 346 4885 llugo
362 4813 507 4870 hisnardus
521 4812 549 4868 in
572 4811 767 4884 liartyrologio
786 4811 966 4868 benedictino
1008 4806 1062 4863 alie
1077 4805 1236 4874 transferre,
1258 4827 1272 4860 a
1288 4807 1336 4864 ubi
1350 4805 1485 4863 secretius
1500 4811 1528 4862 ct
1543 4805 1628 4861 tutius
1643 4805 1830 4862 haberetur.»

146 4901 191 4958 die
205 4900 223 4955 5
236 4903 338 4972 Aprilis
356 4901 536 4974 consignavit,
553 4903 600 4958 ubi
618 4901 638 4954 ἐ
656 4914 760 4973 magna
785 4901 925 4971 patientia
939 4907 967 4956 et
1008 4895 1038 4951 ld
1068 4902 1192 4966 tempore
1224 4897 1297 4953 Petri
1324 4895 1434 4966 septimi
1459 4895 1576 4962 abbatis,
1603 4895 1650 4965 qui
1673 4895 1738 4952 olim
1758 4894 1831 4950 beati

147 4987 309 5047 humilitatis
324 4991 389 5047 viro
405 4990 574 5062 appellatum
591 4990 639 5062 εει
653 5003 718 5047 vero
734 4991 794 5060 ειεε
808 4989 966 5046 memoriam
1008 4985 1059 5040 viri
1083 4984 1236 5055 discipulus
1260 4992 1288 5042 ει
1310 4983 1469 5054 capellanus
1492 4981 1597 5052 luerat,
1626 4981 1727 5040 iactum
1745 4981 1831 5040 luisse

147 5081 181 5138 ad
204 5081 274 5138 allos
297 5079 357 5136 dies
381 5087 555 5148 revocarunt,
580 5079 653 5136 hunc
668 5079 778 5136 beatum
798 5079 885 5134 virum
905 5093 967 5134 eum
1010 5080 1103 5130 narrat
1135 5079 1251 5144 uterque
1274 5075 1343 5130 Vite
1371 5079 1478 5140 auctor,
1508 5072 1666 5130 convocatis
1694 5072 1728 5128 ed
1760 5071 1832 5128 hanc

147 5169 209 5226 aliis
222 5170 326 5226 sanetis
339 5170 550 5240 cognominibus
565 5168 722 5226 contudisse
737 5167 874 5224 videntur.
890 5166 967 5236 Quod
1009 5161 1210 5218 solemnitatem
1247 5161 1396 5232 episcopis,
1431 5161 1577 5217 abbatibus
1609 5167 1637 5217 et
1668 5159 1731 5216 aliis
1765 5159 1833 5217 viris

149 5259 320 5330 potissimum
343 5259 492 5328 contigisse
516 5270 570 5313 non
590 5257 747 5313 dubitamus
770 5256 817 5313 die
838 5255 870 5309 13
888 5258 969 5312 Octo
1010 5251 1160 5308 nobilibus.
1183 5253 1242 5308 Non
1267 5258 1357 5306 umen
1381 5249 1409 5306 in
1432 5256 1590 5306 sanctorum
1614 5262 1757 5306 numerum
1776 5262 1832 5318 pu·

149 5348 217 5414 bris,
233 5347 307 5419 quod
327 5346 378 5403 hae
402 5347 461 5417 ipsa
479 5345 523 5401 die
544 5345 630 5400 sancti
650 5344 758 5402 ceraldi
774 5343 970 5401 Auriliaeensis
1010 5338 1084 5395 blico
1108 5339 1221 5396 decreto
1245 5339 1348 5395 relatus
1370 5344 1413 5396 est
1434 5337 1566 5396 ceraldus
1593 5343 1657 5394 ante
1680 5337 1775 5396 saculi
1792 5353 1833 5396 sn

149 5435 222 5507 apud
236 5438 383 5503 Arvernos,
398 5433 568 5506 proindeque
583 5433 611 5488 in
625 5433 782 5504 Aquitania,
797 5433 906 5490 comitis
925 5445 970 5489 ce·
1011 5427 1102 5484 doen.
1135 5428 1210 5484 'lune
1243 5428 1346 5498 quippe
1374 5427 1430 5484 duo
1463 5425 1590 5483 monachi
1623 5425 1834 5497 stiva-haione

150 5525 290 5582 leberriml
305 5525 333 5580 in
348 5525 462 5582 vetustis
479 5523 661 5580 llonumentis
679 5523 810 5580 memoria
825 5521 881 5579 ilat.
900 5519 970 5578 ilinc
1011 5516 1124 5572 Romam
1147 5515 1290 5582 adeuntes,
1315 5515 1450 5586 pontiflci,
1475 5515 1522 5586 qui
1541 5518 1607 5572 tune
1626 5513 1779 5571 celestinus
1796 5515 1832 5571 lll

151 5612 274 5672 llolanus
292 5612 344 5670 hac
358 5609 416 5683 lpse
430 5612 475 5669 die
489 5611 519 5668 tn
537 5617 694 5668 sanctorum
714 5609 798 5681 belgii
817 5609 968 5676 Naulibus,
1011 5608 1081 5670 crat,
1101 5602 1207 5660 litteras
1225 5601 1395 5669 obtulerunt,
1410 5603 1445 5660 ab
1463 5602 1674 5674 archiepiscopo
1696 5601 1831 5673 Burdiga·
