4024 6174
212 243 266 300 503
740 249 908 304 BRUNONIS
926 247 1060 304 ctuxlcl
1078 247 1376 304 decussuxobn'srs
1850 242 1914 298 564

211 374 261 442 Qui
290 380 381 431 autem
404 376 508 433 residui
527 383 608 443 suut,
641 375 675 431 de
699 374 753 430 vita
777 373 890 430 cottidie
910 372 1213 441 sollieitl,Asariorum
1234 371 1315 443 culpa
1339 373 1367 428 in
1391 371 1916 443 nobiscuditur,du1unostraenegli-

210 463 273 520 vitae
289 465 413 521 subsidia
428 479 498 536 peue
514 465 604 521 omnia
627 464 787 519 amiserunt.
807 463 859 518 Sed
879 477 941 519 cum
961 463 1036 518 nulla
1076 463 1177 536 geutiae
1193 463 1363 531 attribuitur,
1379 461 1453 534 quod
1469 462 1587 519 idoneos
1601 467 1629 518 ct
1647 461 1807 532 trequentes
1825 461 1913 532 lega-

211 567 262 610 nos
277 555 469 624 persecutione
486 561 578 624 posset
597 567 740 624 superare,
761 560 906 624 superatus
921 559 962 610 est
977 553 1034 621 illc,
1077 559 1120 608 tos
1136 553 1188 608 huc
1205 566 1260 609 uou
1276 552 1418 608 mittimus.
1436 553 1507 608 Luce
1522 551 1595 608 enim
1610 551 1712 608 elarius
1727 557 1810 621 patet,
1826 549 1911 621 quod

211 649 241 699 ut
266 642 331 701 lieet
354 644 451 700 nolens
475 659 550 700 suam
565 643 642 700 vobis
658 644 832 713 praesentiam
852 643 994 700 exhiberet
1009 649 1036 698 et
1076 641 1117 698 illl
1132 641 1185 698 hoe
1200 641 1258 698 lieri
1281 641 1439 711 prohibent,
1457 642 1514 712 qui,
1535 654 1570 696 ue
1594 640 1785 711 prohiberent,
1798 641 1913 711 jureju-

213 734 239 790 ei
265 748 347 804 quem
375 734 549 790 inhonoravit
572 747 633 788 cum
660 745 710 788 suo
736 732 873 788 dedecore
902 733 1035 789 honorem
1077 731 1163 788 raudo
1174 731 1252 787 vobis
1266 731 1298 762 ⁵⁰³
1314 732 1509 802 promiserunt.
1521 732 1553 786 Et
1568 743 1641 787 nunc
1651 730 1686 787 de
1701 730 1817 786 violenta
1827 729 1911 784 sacri

213 822 396 893 impenderet.
417 825 469 879 Pro
493 836 548 892 quo
573 822 667 878 labore
690 822 764 878 hunc
783 822 901 878 leucium
926 823 1035 892 recepi·
1076 821 1185 877 itineris
1199 820 1398 877 interclusione
1413 827 1440 877 et
1463 820 1497 876 de
1518 819 1662 877 manifesto
1682 819 1791 876 illorum
1809 821 1914 890 perju-

216 927 284 980 mus
306 913 379 982 quod
395 912 451 980 ille,
471 913 519 983 qui
538 927 599 968 eum
620 912 745 984 periculo
763 915 913 969 animarum
929 922 1037 969 nostra·
1077 910 1119 966 rio
1135 908 1241 976 siletur,
1255 916 1282 965 et
1297 910 1378 965 nobis
1392 910 1553 980 imputatur,
1564 908 1639 979 quod
1654 909 1829 964 nuntiosnou
1840 908 1913 962 tuit-

215 1016 274 1058 tutn
289 1002 403 1074 vestigia
418 1002 517 1072 pedum
536 1009 688 1058 vestrorum
703 1003 734 1033 ³⁰⁰
748 1003 864 1059 adorare
879 1001 1037 1074 compulsus
1077 1000 1169 1054 timus.
1194 999 1310 1065 Scimus,
1336 997 1476 1054 carissime
1500 996 1622 1064 domiue,
1642 1001 1670 1053 et
1693 1010 1726 1051 ex
1745 995 1914 1052 considera-

214 1099 266 1158 est,
282 1092 385 1160 absque
410 1098 504 1148 nostro
528 1093 645 1149 consilio
669 1099 696 1149 et
715 1093 774 1149 siue
794 1094 966 1150 correctione
985 1094 1038 1150 ab-
1078 1089 1153 1145 tionc
1182 1088 1293 1158 pietatis
1318 1093 1416 1144 restrae
1445 1100 1605 1156 speramus,
1637 1086 1700 1156 quia
1729 1085 1787 1141 haec
1809 1085 1912 1141 omnia

214 1178 331 1247 solutus,
366 1180 400 1235 ad
435 1182 590 1237 nocendum
620 1182 700 1238 uobis
729 1182 885 1239 libertatem
919 1184 1034 1253 recepit.
1078 1179 1150 1235 bona
1164 1179 1317 1234 intentione
1333 1185 1361 1233 ct
1374 1175 1465 1247 aliqua
1479 1175 1574 1232 subtili
1589 1175 1787 1232 deliberatione
1800 1175 1909 1246 agitis;

213 1271 335 1340 Cumque
361 1269 408 1324 illa
438 1271 619 1326 anathematis
649 1271 786 1328 absolutio
815 1287 865 1342 per
893 1271 1036 1342 epistolam
1078 1268 1126 1324 sed
1142 1282 1193 1324 nos
1207 1268 1333 1324 homines
1348 1267 1468 1336 imperiti
1484 1265 1619 1322 occultam
1634 1265 1708 1321 illam
1720 1263 1912 1334 dispensatio-

213 1364 329 1414 vestram
350 1358 432 1414 uobis
451 1359 647 1426 innotesceret,
664 1360 698 1416 de
718 1362 854 1417 sententia
879 1362 956 1432 regui
975 1376 1037 1431 quae
1079 1372 1140 1414 nem
1155 1365 1299 1427 penetrare
1315 1369 1369 1412 nou
1389 1355 1567 1423 subicientes,
1583 1354 1657 1425 quod
1677 1353 1817 1410 manifeste
1831 1353 1911 1410 vidi-

214 1446 242 1501 lu
263 1459 324 1502 eum
344 1447 480 1518 processit
495 1448 580 1503 nichil
604 1455 737 1505 mutatum
756 1463 817 1505 esse
841 1449 1035 1520 intelleximus,
1078 1462 1138 1504 mus
1152 1452 1180 1502 et
1199 1445 1361 1513 audivimus,
1383 1447 1417 1501 de
1440 1445 1488 1500 illa
1504 1445 1647 1514 utriusque
1663 1445 1748 1514 partis
1766 1441 1911 1499 couforta-

215 1535 264 1591 sed
289 1549 324 1590 nc
347 1549 420 1590 nunc
443 1536 553 1606 quidem
573 1537 596 1591 si
619 1539 719 1592 ructari
734 1539 831 1607 possit,
848 1538 1035 1610 intelligimus.
1079 1537 1154 1593 tione
1174 1542 1201 1592 et
1223 1549 1314 1590 rerum
1340 1541 1474 1590 certarum
1489 1534 1522 1565 ⁸⁰⁰
1541 1535 1646 1590 incerta
1664 1531 1795 1588 dilatione
1809 1538 1907 1588 ortum

217 1623 359 1681 ‚lbsolutio
379 1625 452 1680 enirn
474 1625 520 1680 illa
537 1628 754 1696 juramentorum
787 1627 906 1698 qualiter
937 1629 1038 1684 cassari
1079 1639 1138 1682 esse
1158 1633 1186 1682 et
1200 1625 1313 1682 cottidie
1333 1624 1410 1690 oriri,
1425 1624 1503 1680 vobis
1518 1624 1696 1695 exponimus:
1713 1623 1774 1679 haec
1784 1621 1907 1689 suutffl,

219 1712 316 1783 possit,
342 1712 419 1769 uullo
442 1714 524 1771 inodo
550 1716 692 1785 percipere
714 1717 844 1774 valemus.
868 1718 931 1773 Sine
949 1699 1152 1774 sacra-Bbella
1174 1715 1305 1771 intestina
1327 1720 1355 1770 et
1378 1712 1439 1784 plus
1462 1727 1543 1783 quam
1567 1712 1667 1780 civilia,
1692 1710 1837 1768 homicidia
1860 1711 1910 1766 in·

220 1810 374 1859 mentorum
398 1809 487 1858 autem
511 1805 701 1862 observatione
726 1807 808 1877 regiae
826 1806 967 1878 dignitatis
981 1806 1041 1863 oili·
1080 1804 1270 1873 numerabilia,
1295 1805 1471 1870 vastationes,
1499 1803 1637 1869 incendia,
1660 1802 1720 1858 sine
1748 1799 1908 1856 differentia

220 1893 292 1948 eiuut
312 1905 484 1963 nequaquam
502 1893 687 1951 administrari
703 1902 803 1965 potest.
824 1897 896 1968 Ergo
910 1910 971 1952 eum
984 1897 1038 1966 jam
1081 1895 1178 1951 domus
1203 1902 1231 1950 ει
1258 1893 1394 1960 ecclcsiae,
1414 1891 1609 1964 oppressiones
1629 1904 1779 1962 pauperum
1794 1889 1909 1945 iucom-

216 1981 286 2037 ultra
301 1982 365 2037 anni
385 1981 530 2037 terminum
545 1982 605 2038 sine
620 1991 728 2040 rectore
747 1999 879 2052 essemus,
895 1985 924 2040 in
948 1985 1037 2041 locum
1080 1984 1225 2055 parabiles,
1242 1998 1333 2040 rerum
1353 1982 1600 2040 ecclesiasticarum
1619 1981 1789 2051 direptiones
1806 1979 1909 2050 quales

216 2071 250 2126 dc
275 2085 331 2141 quo
350 2071 545 2140 prevaricatus
571 2078 613 2128 est
638 2071 695 2138 ille,
721 2072 792 2130 alius
814 2075 969 2146 principum
990 2086 1039 2129 uo·
1079 2087 1226 2144 numquam
1251 2073 1403 2129 audivimus
1430 2079 1478 2128 aut
1504 2071 1641 2138 vidimus,
1669 2070 1760 2142 legum
1791 2083 1909 2141 quoque

213 2167 333 2217 strorum
349 2159 485 2216 electione
500 2161 665 2232 subrogatus
680 2169 731 2217 est.
756 2164 878 2234 Cumque
900 2163 934 2220 dc
949 2163 1037 2220 electo
1079 2163 1232 2219 divinarum
1255 2169 1283 2218 et
1306 2161 1470 2218 secularium
1490 2159 1615 2218 delectus
1638 2160 1697 2216 sine
1720 2173 1769 2230 spe
1793 2173 1911 2228 repara-

212 2249 293 2305 uobis
307 2263 381 2320 rege,
399 2255 426 2304 et
447 2262 502 2305 non
522 2249 556 2306 de
580 2251 702 2322 regibus,
722 2266 787 2322 spes
802 2266 899 2324 magna
913 2252 946 2308 ad
967 2251 1039 2308 relo·
1080 2253 1180 2318 tionis;
1212 2257 1350 2322 postremo
1380 2251 1407 2306 iu
1436 2249 1614 2307 dimicatione
1647 2248 1763 2305 duorum
1792 2261 1906 2319 regum,

210 2336 359 2394 cillandum
374 2339 518 2409 imperium
534 2347 734 2408 succresceret,
755 2356 820 2398 eece
841 2356 874 2397 ex
896 2343 1037 2412 insperato
1079 2355 1195 2414 quorum
1220 2349 1337 2410 uterque
1361 2340 1395 2396 ad
1419 2340 1562 2396 obtentum
1591 2337 1668 2410 regni
1692 2351 1769 2407 spem
1788 2351 1804 2392 a
1824 2337 1908 2393 robis

210 2428 424 2484 litteraevestrae
439 2428 627 2496 advenientes
643 2430 714 2486 duos
729 2431 757 2486 in
778 2445 833 2487 uuo
858 2445 943 2502 reguo
959 2446 1037 2502 reges
1078 2431 1186 2501 accepit
1208 2430 1251 2497 ³⁰⁸,
1284 2435 1359 2486 tanta
1388 2429 1544 2500 profligatio
1572 2426 1715 2498 regalium,
1738 2433 1767 2483 ut
1787 2425 1907 2497 posthac

210 2518 400 2587 pronuntiant,
417 2517 525 2574 duobus
539 2518 703 2590 legationem
723 2520 877 2577 decernunt
895 2521 937 2575 ⁶⁰¹.
952 2523 1036 2589 Quam
1079 2535 1158 2591 reges
1176 2525 1332 2576 nostrarum
1353 2521 1471 2590 partium
1490 2517 1594 2588 rapinis
1618 2517 1711 2588 potius
1730 2530 1812 2587 quarn
1827 2531 1908 2587 rega-

212 2605 281 2677 regil
297 2606 416 2662 nominis
430 2606 614 2677 pluralitatem
631 2615 658 2664 et
673 2608 876 2680 quodammodo
895 2611 973 2682 regni
992 2611 1036 2667 di·
1079 2609 1151 2665 libus
1165 2609 1339 2666 sustentandi
1349 2609 1415 2666 siut.
1432 2611 1497 2665 licor
1509 2607 1685 2664 incommoda
1700 2613 1747 2663 aut
1760 2605 1836 2662 nulla
1847 2607 1908 2676 jam

212 2696 347 2752 visionem
361 2695 393 2727 ³⁰¹
419 2695 518 2753 divisio
534 2712 645 2770 quoquc
660 2698 754 2769 populi
770 2705 797 2756 et
811 2701 902 2756 studia
918 2702 1037 2771 partium
1078 2705 1171 2755 essent
1188 2707 1236 2754 aut
1256 2698 1362 2754 minora
1385 2697 1482 2764 inulto,
1511 2698 1535 2753 si
1564 2697 1592 2752 iu
1620 2697 1733 2767 incepto
1752 2696 1852 2752 itinere
1866 2695 1904 2727 ’ω

211 2784 360 2842 subsecuta
374 2792 458 2852 suut;
475 2787 577 2858 quippe
593 2801 654 2844 cum
670 2789 697 2845 in
709 2787 836 2860 epistolis
850 2790 949 2846 vestris
963 2790 1037 2846 illius
1078 2803 1167 2859 neque
1186 2787 1220 2844 ad
1241 2788 1364 2844 dextram
1381 2801 1431 2844 nec
1449 2787 1483 2844 ad
1504 2786 1641 2843 sinistrant
1661 2784 1798 2842 sententia
1812 2791 1906 2840 vostra

212 2874 431 2944 praevaricatoris
451 2889 595 2945 personam
613 2891 722 2948 semper
737 2879 863 2949 praeponi
878 2884 1035 2946 cernerent,
1078 2878 1243 2934 divertisset.
1267 2877 1388 2932 Arduum
1412 2877 1465 2933 iter
1491 2882 1604 2947 propter
1622 2875 1709 2931 zelum
1733 2873 1832 2930 domus
1850 2874 1908 2929 llo-

211 2969 238 3018 et
257 2963 291 3018 ab
318 2976 351 3018 eo
374 2964 447 3018 sicut
465 2977 481 3018 a
507 2970 619 3033 potente
641 2965 722 3036 exigi,
749 2973 884 3037 quatenus
907 2966 1036 3024 ducatum
1078 2966 1145 3024 mini
1160 2981 1305 3039 aggressus
1318 2966 1350 2998 ³¹⁰
1374 2967 1451 3032 estis,
1468 2966 1495 3021 iu
1516 2979 1571 3036 quo
1586 2964 1715 3037 progredi
1734 2963 1905 3020 laboriosum

211 3051 290 3107 vobis
313 3051 341 3106 iu
362 3051 413 3106 has
437 3059 528 3121 partes
551 3053 585 3107 ad
609 3052 808 3111 discutiendam
833 3070 941 3113 causam
965 3019 1130 3129 prae-Gest,
1156 3056 1264 3127 regredi
1284 3062 1373 3112 autem
1398 3056 1583 3111 inhonestum.
1601 3054 1703 3120 Nolite,
1729 3051 1906 3109 sanctissime

212 3140 300 3196 beret.
326 3140 411 3210 cujus
429 3140 610 3197 discussionis
633 3142 723 3212 qualis
745 3144 844 3201 modus
857 3145 903 3213 sit,
919 3154 950 3203 ut
963 3148 1037 3204 salva
1079 3148 1168 3212 Pater,
1194 3146 1280 3203 nolite
1308 3147 1336 3202 in
1356 3147 1399 3202 via
1424 3146 1561 3212 delicere,
1586 3152 1614 3200 ct
1638 3157 1671 3200 ue
1691 3143 1808 3200 ulterius
1825 3143 1906 3199 dilie-

211 3229 300 3301 gratia
314 3235 405 3286 vestra
427 3229 559 3298 dicamus,
576 3231 700 3288 mirabile
716 3235 800 3292 estin
816 3235 904 3291 oculis
924 3239 1036 3305 nostris,
1079 3235 1165 3292 reudo
1190 3242 1218 3292 et
1241 3237 1379 3307 utrimque
1398 3235 1520 3292 cavendo
1543 3241 1619 3291 tanta
1643 3234 1713 3291 mala
1732 3247 1858 3291 crescere
1875 3241 1904 3290 et

212 3318 320 3376 scilicet
339 3324 369 3375 ut
391 3319 416 3375 is
439 3320 487 3390 qui
508 3321 563 3390 jam
584 3320 703 3377 sinodali
724 3322 829 3392 judicio
849 3324 923 3381 nulla
937 3327 1037 3383 condi·
1079 3325 1255 3396 multiplicari
1271 3326 1377 3382 sinatis.
1394 3327 1421 3382 Si
1439 3341 1519 3397 grave
1535 3325 1613 3382 vobis
1625 3331 1667 3381 est
1682 3338 1733 3395 pro
1747 3323 1804 3380 illis
1819 3325 1905 3380 verba

213 3409 289 3466 tione
312 3407 476 3478 interposita
500 3408 644 3479 depositus
667 3416 718 3478 est,
745 3411 800 3468 alio
815 3413 847 3444 ⁵⁰³
872 3413 898 3470 iu
923 3415 1037 3472 eandem
1078 3414 1168 3471 lacere
1199 3415 1246 3487 qui
1278 3429 1327 3486 pro
1351 3415 1430 3471 vobis
1458 3415 1540 3471 vitam
1569 3413 1597 3470 lu
1625 3427 1724 3486 magno
1743 3411 1905 3470 discrimine

213 3497 374 3569 dignitatem
397 3497 548 3568 apostolica
571 3500 735 3556 auctoritate
754 3501 871 3571 tirnaio,
887 3518 960 3562 nune
979 3511 1039 3562 tau·
1079 3511 1240 3576 posuerunt,
1261 3504 1386 3562 ecelesiae
1409 3511 1500 3561 tamen
1523 3504 1622 3562 vestris
1650 3503 1821 3574 temporibus
1849 3503 1905 3560 mi·

213 3586 276 3644 deut
290 3587 325 3643 ad
340 3587 474 3644 rationein
489 3595 618 3659 ponatur,
634 3597 662 3646 et
680 3591 754 3662 quod
770 3591 876 3649 linitum
891 3600 933 3650 est
946 3595 1038 3651 denuo
1079 3593 1234 3650 serabillter
1253 3592 1401 3650 destructae
1421 3601 1449 3650 ει
1463 3593 1586 3650 inaudita
1601 3592 1782 3664 oppressione
1798 3593 1826 3648 iu
1841 3606 1905 3647 ser-

212 3675 371 3746 iucipiatur,
397 3683 424 3733 et
447 3677 482 3733 de
497 3691 527 3732 re
541 3677 717 3735 indubitabili
732 3679 764 3712 ⁵⁰⁸
786 3683 903 3753 quaestio
926 3698 1037 3741 morea·
1078 3684 1191 3740 vitutem
1206 3683 1325 3740 redactae
1340 3683 1504 3740 succurrite.
1529 3684 1612 3754 Cujus
1626 3683 1729 3753 apertis
1742 3681 1902 3737 destructo·

214 3767 340 3822 tur.lloc
360 3779 470 3835 quoque
490 3765 675 3824 infirmitatem
699 3778 821 3828 nostram
834 3774 1036 3852 moreequod,
1078 3772 1156 3829 ribus
1178 3773 1201 3828 si
1226 3779 1320 3842 aperta
1344 3771 1434 3844 lrontp
1457 3773 1485 3828 iu
1505 3772 1601 3830 laciem
1628 3773 1759 3830 resistere
1788 3779 1904 3842 propter

214 3853 286 3908 sicut
309 3852 391 3909 nobis
414 3853 596 3923 persuadetur
611 3861 642 3911 ut
660 3857 688 3912 iu
708 3859 818 3929 incepto
843 3861 957 3918 tirmiter
971 3877 1037 3934 per·
1078 3863 1209 3918 instantia
1234 3862 1355 3932 pericula
1379 3869 1488 3920 cautum
1513 3875 1569 3919 uon
1592 3862 1711 3928 videtur,
1728 3862 1780 3919 hoc
1804 3861 1903 3918 saltem

214 3940 355 4007 duremus,
376 3939 416 3997 sic
431 3941 512 3997 etiam
527 3943 674 4002 contrariae
699 3949 769 4017 parti
788 3950 879 4006 verbis
902 3958 930 4007 et
955 3952 1038 4008 rebus
1079 3961 1183 4021 cavete,
1200 3968 1234 4010 ne
1256 3954 1308 4010 hoc
1328 3953 1403 4026 quod
1420 3955 1476 4025 jam
1496 3953 1611 4023 lecistis,
1632 3954 1740 4010 irritum
1756 3951 1817 4009 beri
1836 3966 1902 4023 per-

214 4042 279 4099 spcs
306 4029 440 4087 innuitur.
469 4031 535 4087 Nam
564 4031 713 4092 lamlliares
744 4039 870 4107 praedicti
904 4041 1036 4110 licini-ici,
1079 4041 1203 4099 mittatis.
1231 4045 1297 4098 Nam
1322 4043 1344 4098 si
1369 4043 1422 4100 hoc
1446 4044 1520 4114 quod
1536 4043 1564 4100 in
1579 4043 1678 4101 sinodo
1693 4044 1817 4099 Romana
1832 4041 1903 4098 diib-

214 4119 262 4188 qui
277 4117 312 4174 ab
326 4118 400 4174 omui
415 4133 500 4192 reguo
515 4120 627 4178 inlamia
641 4130 780 4195 nomutur,
794 4127 896 4199 quique
910 4129 952 4186 illi
966 4132 1039 4188 sicut
1079 4132 1166 4188 nitutn
1186 4139 1215 4192 et
1240 4139 1303 4203 post
1320 4147 1336 4188 a
1358 4131 1388 4165 ⁶¹¹
1415 4133 1505 4205 legato
1525 4133 1599 4190 sedis
1617 4133 1779 4204 apostolieae
1797 4132 1903 4189 coullr·

215 4207 274 4278 regi
295 4206 441 4264 serviendo
464 4209 637 4268 sinodalibus
659 4217 807 4286 praeceptis
834 4218 975 4276 manifeste
996 4221 1039 4276 in·
1079 4226 1181 4276 matum
1199 4226 1260 4288 est,
1285 4220 1396 4278 silentio
1420 4221 1529 4294 contegi
1552 4228 1580 4277 et
1599 4235 1650 4292 pro
1673 4221 1778 4278 nichilo
1806 4220 1903 4277 baberi

216 4296 379 4354 obedientes
393 4305 457 4355 sunt
473 4306 501 4356 ct
519 4315 573 4356 una
592 4317 654 4359 cum
672 4319 723 4362 suo
747 4307 837 4376 eapite
857 4323 906 4378 per
920 4309 1037 4381 legatum
1081 4315 1200 4380 oportet,
1217 4309 1283 4379 quid
1299 4310 1413 4382 posthac
1428 4311 1517 4368 nohis
1529 4310 1697 4368 credendum
1708 4309 1750 4367 vel
1772 4323 1823 4380 pro
1843 4315 1902 4366 rato

215 4386 395 4456 apostolicum
406 4388 440 4443 ab
455 4388 572 4446 ecclesia
587 4399 681 4448 sancta
695 4397 814 4464 separati
830 4405 903 4464 sunt,
920 4399 954 4454 ad
968 4399 1039 4455 hanc
1080 4399 1237 4455 habendum
1264 4400 1318 4467 sit,
1353 4400 1466 4457 omnino
1493 4401 1659 4471 ignoramus.
1685 4401 1744 4456 iioc
1763 4399 1903 4456 sanctitati

215 4475 310 4532 sedem
324 4477 477 4544 venientes,
493 4478 611 4550 benigne
630 4481 828 4554 suscipiuntur,
840 4492 868 4542 et
882 4499 937 4543 uon
950 4487 1039 4544 solum
1081 4495 1178 4544 vestrae
1198 4502 1371 4560 nequaquam
1395 4495 1567 4561 arroganter,
1594 4489 1643 4545 sed
1667 4489 1695 4544 in
1719 4487 1903 4544 amaritudine

214 4563 343 4634 impuniti
359 4563 487 4632 redeunt,
511 4567 560 4622 sed
579 4567 693 4639 iusuper
710 4571 799 4641 gloria
818 4574 970 4632 ethonore
993 4591 1040 4634 co·
1080 4577 1178 4634 auimae
1197 4586 1298 4634 nostrae
1318 4577 1404 4634 locuti
1424 4593 1528 4648 sumus,
1544 4578 1609 4649 quia
1628 4593 1683 4636 uon
1703 4583 1745 4635 est
1763 4575 1847 4634 dolor
1867 4577 1904 4632 si-

215 4659 359 4720 rouantur,
376 4661 404 4709 ει
422 4653 456 4709 ad
480 4655 601 4725 priorem
624 4657 839 4718 inobedientiam
854 4665 1039 4734 superbiendo
1080 4665 1153 4723 milis
1166 4668 1238 4724 sieut
1257 4666 1338 4723 dolor
1352 4673 1456 4724 noster.
1472 4669 1539 4724 Cum
1559 4668 1632 4724 enirn
1652 4683 1702 4739 per
1715 4667 1903 4724 obedientiam

214 4748 394 4812 revertentes,
414 4749 516 4801 nostrae
536 4747 653 4802 miseriae
673 4749 814 4806 insultant.
839 4753 925 4810 Nobis
947 4762 1037 4812 auteur
1079 4757 1197 4827 pastoris
1220 4755 1347 4828 luporum
1370 4755 1496 4814 lancibus
1519 4757 1637 4828 expositi
1655 4759 1751 4824 simus,
1772 4755 1797 4812 si
1820 4754 1902 4811 etiam

214 4831 293 4902 quasi
316 4829 441 4888 ridiculis
463 4833 498 4889 ad
522 4834 707 4906 insipientiam
732 4847 888 4910 reputatur,
909 4843 984 4914 quod
1003 4844 1037 4900 ab
1078 4847 1189 4917 abipso
1213 4853 1322 4917 pastore
1346 4847 1426 4903 uobis
1450 4847 1600 4906 cavendum
1620 4854 1672 4916 est,
1687 4843 1903 4904 miserabiliores

213 4919 324 4978 illorum
347 4923 488 4979 consortio
511 4925 699 4996 abstinemus,
729 4929 776 4999 qui
804 4932 838 4987 ab
862 4930 923 5002 ipso
947 4935 1037 5005 capite
1079 4949 1173 4992 sumus
1191 4937 1318 4993 omuibus
1332 4935 1500 4994 homiuibus.
1526 4939 1598 4994 bens
1620 4943 1711 4994 autem
1726 4934 1902 5007 omnipotens

215 5018 311 5068 nostro
332 5015 386 5066 mm
410 5012 551 5070 caritative
571 5015 599 5070 in
618 5017 838 5075 communionem
854 5021 1034 5092 recipiuntur.
1077 5025 1106 5080 in
1130 5023 1211 5079 talem
1235 5022 1322 5080 zelum
1345 5037 1394 5082 vos
1417 5031 1513 5082 contra
1535 5025 1664 5084 inimicos
1682 5025 1784 5084 Christi
1804 5025 1900 5093 erigat,

215 5098 328 5156 Accedit
343 5106 371 5156 et
391 5099 445 5157 hoc
463 5100 498 5156 ad
522 5099 660 5160 cumulum
683 5107 770 5162 nostri
794 5107 947 5178 infortunii,
962 5113 1036 5183 quod
1078 5121 1214 5183 quatenus
1232 5111 1375 5183 illaquam
1391 5113 1419 5170 iu
1434 5114 1513 5172 vobis
1532 5116 1675 5186 posuimus
1693 5128 1758 5186 spes
1776 5129 1829 5174 uos
1847 5129 1899 5172 uon

216 5195 318 5260 praeter
331 5188 378 5246 illa
401 5205 463 5262 qus
484 5205 535 5249 nos
555 5193 607 5264 ipsi
630 5193 825 5268 delinquimus,
842 5199 922 5256 ctiam
937 5201 1037 5258 adver·
1078 5199 1269 5259 conlaudat.»

885 5345 997 5402 VARIAE
1029 5347 1223 5404 Lectiones.

252 5456 454 5518 ⁵⁸⁰uostrorunt
471 5459 496 5518 l.
553 5461 582 5493 ⁵⁰¹
607 5462 719 5521 decerat
743 5465 766 5521 l.
823 5465 855 5498 ⁸⁰¹
875 5467 974 5527 divisio
992 5469 1016 5525 l.
1072 5469 1104 5502 ⁸⁰⁸
1122 5470 1176 5528 alia
1195 5469 1218 5525 l.
1265 5470 1297 5504 ³⁰⁸
1319 5471 1465 5530 indubitali
1483 5471 1506 5529 l.
1551 5472 1584 5506 ⁸⁰⁸
1607 5473 1678 5531 cecat
1696 5473 1720 5530 l.
1766 5473 1801 5507 ι’·
1819 5471 1894 5534 ilat.

213 5535 368 5590 ceterarum
386 5531 421 5588 lt
474 5532 506 5566 ⁸⁰⁷
518 5531 573 5592 hoc
588 5540 630 5592 est
643 5535 671 5593 2.
728 5535 761 5570 ⁵⁰⁸
774 5537 876 5609 accipit
888 5539 916 5597 2.
973 5541 1163 5601 'diutiuerel
1221 5542 1253 5576 ⁸¹⁰
1267 5544 1388 5616 aggressi
1402 5544 1429 5602 2.
1487 5544 1517 5578 ⁸¹¹
1533 5549 1630 5618 postea
1652 5547 1675 5602 l.
