4106 6178
238 278 305 334 1187
837 281 1001 342 FOLGlell
1019 279 1193 342 OPUSGULb
1211 281 1320 340 bunia.
1389 231 1393 238 Ι
1855 286 1921 346 ll&

234 403 278 459 sul
304 401 425 461 adfuisse
454 406 639 477 cognovisset,
659 404 756 463 eodem
780 406 826 463 dis
854 406 889 463 de
905 406 1007 464 lectulo
1027 407 1177 476 iniquas,
1194 403 1301 463 tanente
1316 405 1444 474 moino,
1457 407 1644 480 subsequente
1667 408 1843 468 narrabimus
1860 427 1920 470 eer-

234 506 289 564 qno
305 493 416 563 jacebat
443 493 574 562 surrexit,
595 499 677 565 atque
696 494 724 550 in
745 493 889 552 ecclesiam
904 495 1055 566 ingressus,
1099 507 1192 552 mone.

234 594 339 652 pronus
355 595 447 638 coram
465 580 562 649 altare,
592 596 653 638 cum
679 582 807 654 lacrymis
835 584 979 641 bominum
1004 596 1055 654 pro
1135 582 1179 639 14.
1198 585 1285 640 Parvo
1299 583 1385 656 igitur
1399 591 1463 656 post
1487 587 1517 642 Β.
1537 585 1685 644 bodomari
1704 588 1812 646 obitum
1831 591 1917 661 spatio

233 686 264 729 se
278 678 307 728 et
326 686 376 744 pro
405 673 599 730 circumstante
628 688 690 730 eum
710 674 798 731 oravit
817 675 931 745 populo.
948 677 1056 745 corpus
1098 677 1246 740 transacto,
1280 673 1393 744 quidam
1420 674 1462 732 vir
1485 675 1606 734 avaritia
1635 677 1748 736 estibus
1774 691 1916 744 accensus,

233 775 299 818 xero
314 762 416 818 Christi
430 767 459 818 et
476 763 636 834 sanguinem
658 764 887 822 communicando
910 765 1054 835 turbisque
1096 762 1241 833 pravisque
1271 762 1310 834 (ut
1328 761 1424 830 lentur)
1444 764 1568 822 moribus
1586 765 1685 836 plenus
1712 767 1745 824 ad
1770 782 1852 824 suum
1875 782 1917 825 ac-

233 866 265 908 se
292 851 527 908 circumdantibus
554 852 756 923 predicando,
781 854 869 910 oculis
893 855 921 910 in
954 854 1054 911 coelum
1097 851 1181 907 cessit
1204 854 1383 922 compatrem,
1400 853 1545 923 postulans
1572 855 1606 912 ab
1635 869 1669 914 eo
1697 861 1728 913 ut
1755 870 1842 914 unum
1864 857 1915 914 sibi

234 939 356 1008 elevatis,
377 941 556 1014 tremulisque
576 943 702 1000 manibus
716 943 857 1015 quatiente
876 942 953 1000 iebre
972 949 1054 1013 atquc
1097 945 1256 1011 argenteum
1276 942 1413 1013 usquead
1435 948 1567 1002 statutum
1591 949 1699 1017 tempus
1722 946 1917 1004 accommoda·

232 1035 375 1088 senectute
408 1031 539 1100 extensis,
573 1045 639 1090 suos
671 1032 884 1090 devotamento
913 1033 1055 1089 benedixit
1096 1032 1139 1085 ret
1161 1029 1291 1098 solidum,
1317 1045 1368 1102 per
1399 1045 1475 1087 snam
1504 1033 1586 1089 etiam
1614 1034 1758 1092 subdolam
1788 1035 1914 1093 testando

233 1119 395 1192 discipulos,
411 1122 507 1178 dicens
518 1143 524 1178 :
537 1138 552 1173 n
563 1124 723 1179 immensam
734 1122 932 1193 omnipotentis
947 1123 1054 1179 bomini
1095 1117 1176 1176 fldem
1191 1120 1265 1190 quod
1280 1126 1383 1178 statuto
1412 1121 1446 1178 ad
1471 1135 1533 1180 cum
1554 1130 1678 1194 tempore
1696 1125 1798 1182 iterum
1822 1126 1917 1183 reddi-

233 1224 332 1282 precor
346 1209 518 1267 clementiam
543 1217 573 1266 nt
596 1225 654 1279 vos,
670 1211 748 1268 tilioli
772 1211 838 1277 mei,
857 1211 884 1267 in
901 1223 986 1283 regno
1005 1211 1054 1268 bei
1095 1211 1174 1264 turus
1197 1213 1280 1265 esset.
1310 1208 1386 1266 blter
1400 1222 1466 1268 vero
1494 1211 1613 1284 simplici
1638 1214 1728 1271 animo
1751 1228 1833 1271 suum
1860 1229 1918 1272 cre

233 1312 340 1358 merear
357 1301 451 1356 vidore
465 1299 570 1358 felices.
593 1320 606 1352 o
628 1301 676 1357 llis
689 1314 755 1358 vero
770 1301 898 1357 omnibus
912 1301 940 1357 in
955 1301 1053 1358 codem
1094 1295 1187 1353 dendo
1213 1303 1394 1369 compatrem,
1411 1307 1555 1372 argentum
1584 1301 1684 1360 callido
1704 1305 1830 1374 precanti
1852 1319 1918 1375 prm

233 1389 278 1445 die
293 1389 345 1445 rite
370 1389 499 1460 peractis,
519 1389 553 1445 ad
582 1403 661 1446 snum
686 1390 785 1446 iterum
809 1403 935 1446 reversus
954 1396 995 1446 est
1014 1389 1054 1446 lc·
1094 1385 1166 1442 stitit
1180 1386 1279 1443 amico.
1296 1387 1394 1445 Paucis
1407 1402 1473 1446 vero
1497 1391 1645 1448 transactis
1664 1397 1768 1448 statuto
1792 1391 1827 1448 ad
1857 1408 1917 1450 enm

233 1477 346 1542 ctutum.
367 1482 449 1548 atque
464 1478 492 1533 in
512 1477 609 1534 eodem
630 1479 726 1547 jacens
750 1484 809 1535 toto
829 1491 946 1549 corpore
970 1477 1052 1535 solito
1093 1474 1169 1530 venit
1197 1480 1322 1546 tempore
1344 1476 1440 1533 dicens
1457 1497 1463 1534 :
1481 1495 1496 1531 s
1515 1478 1611 1537 Redde
1638 1479 1706 1536 mibi
1726 1494 1817 1536 mcum
1843 1482 1916 1552 qnod

232 1580 309 1622 moro
328 1551 456 1634 'extenso
476 1566 607 1637 vultuque
637 1580 746 1635 sereno,
767 1567 856 1624 anima
888 1568 932 1624 sni
964 1567 1051 1624 sancti
1094 1563 1143 1618 tibi
1161 1564 1365 1622 accommodavi
1384 1569 1544 1638 argentum3
1565 1573 1696 1625 statutum
1713 1569 1785 1626 enim
1810 1575 1919 1641 tempus

232 1654 399 1712 contessoris
435 1655 594 1728 angelorum
626 1656 780 1728 agminibus
811 1656 980 1714 circumdata
1016 1657 1050 1713 ad
1093 1657 1148 1708 tuo
1163 1653 1355 1724 promissionis
1369 1655 1490 1712 advenit.
1512 1674 1526 1708 o
1546 1658 1622 1714 lunc
1640 1656 1721 1714 iallax
1735 1659 1842 1715 amicus
1859 1665 1916 1716 tor-

232 1745 449 1814 omntpotentem
476 1760 586 1816 egresso
610 1752 651 1802 est
666 1747 808 1803 nominum
826 1745 905 1818 (108),
926 1748 960 1803 ffi
986 1762 1050 1805 voto
1061 1751 1084 1810 Β
1095 1742 1136 1796 vis
1155 1756 1216 1798 cnm
1231 1742 1341 1800 intuens
1355 1742 1454 1811 oculis,
1470 1745 1631 1818 asperisque
1644 1761 1706 1804 cnm
1725 1761 1760 1804 eo
1776 1747 1918 1818 loquendo

232 1834 278 1902 qut
294 1833 323 1888 in
338 1833 434 1890 eodem
450 1834 517 1890 nox-a
546 1835 574 1891 to
597 1849 629 1892 ea
653 1835 740 1900 <tornox
760 1844 912 1906 praesentos
929 1834 1051 1906 suerunt,
1093 1833 1196 1899 verbis,
1215 1833 1312 1889 audaci
1327 1833 1419 1890 animo
1430 1834 1533 1905 juravit
1548 1837 1673 1907 negando
1689 1838 1764 1909 quod
1779 1851 1919 1909 nunqnam

231 1924 324 1980 testati
343 1929 408 1979 sunt
426 1924 501 1994 quod
525 1924 588 1980 talis
611 1939 707 1982 eorum
726 1940 807 1983 nares
826 1931 854 1983 et
872 1940 921 1984 ora
939 1927 1052 1985 intrarit
1092 1921 1278 1978 ³b⁸0¹1¹ll¹¹¹¹
1304 1922 1458 1992 issctlisstl
1480 1923 1654 1994 serilltssltffl·
1687 1927 1764 1982 Tunc
1791 1926 1840 1984 1¹¹0
1869 1929 1914 1998 tibi

231 2011 311 2080 odor,
330 2013 408 2084 quasi
423 2013 469 2069 illa
499 2011 597 2071 domus
616 2015 744 2072 omnibns
762 2017 931 2072 aromatibus
955 2015 1052 2074 inisset
1093 2011 1257 2081 praedictum
1285 2012 1503 2069 accommodavit
1517 2013 1648 2083 solidum,
1664 2022 1738 2072 recta
1773 2019 1916 2086 respondit

230 2101 320 2172 plena,
342 2102 414 2158 sicut
432 2116 506 2173 saepe
526 2104 554 2159 in
574 2103 689 2160 aliorum
704 2109 862 2161 sanctorum
890 2105 966 2162 exitu
986 2119 1052 2163 con·
1092 2099 1199 2158 ratione
1215 2100 1311 2159 dicens
1326 2121 1333 2158 :
1351 2121 1365 2152 c
1384 2103 1534 2172 Pergamus
1547 2102 1628 2160 simul
1643 2117 1730 2175 usque
1744 2105 1780 2160 ad
1794 2106 1826 2161 Β
1847 2119 1916 2162 con-

229 2190 313 2262 tigit:
330 2191 451 2247 Pretiosa
479 2193 611 2249 ostentm
640 2195 668 2248 to
695 2200 835 2266 compecto
859 2197 966 2253 Domino·
981 2211 1055 2253 moro·
1092 2187 1206 2246 sessoris
1220 2189 1322 2248 Christi
1345 2189 1492 2247 audomari
1516 2192 1673 2249 venerabile
1696 2193 1866 2263 sepulcrum,
1886 2201 1915 2251 ut

227 2285 378 2336 coactorum
391 2281 447 2350 cius
461 2279 542 2351 (Psoi.
559 2296 621 2350 cxv,
644 2281 697 2349 15).
1092 2281 1123 2334 tu
1138 2277 1205 2336 mibi
1218 2279 1320 2336 ibidem
1345 2293 1395 2350 per
1416 2279 1538 2350 gloriosa
1556 2281 1681 2352 ejusdem
1705 2282 1846 2352 pontilicis
1859 2297 1914 2340 me·

266 2367 307 2424 13.
338 2369 491 2427 Praedictns
518 2384 583 2428 vero
611 2371 776 2430 venerabilis
799 2373 884 2430 abbas
911 2373 1048 2442 Bertinus,
1091 2368 1144 2425 rita
1160 2369 1280 2440 jurando
1303 2369 1448 2426 conbrmes
1467 2369 1541 2440 quod
1560 2370 1606 2428 bic
1625 2385 1727 2446 negare
1757 2373 1878 2430 conaris
1899 2393 1912 2424 o

226 2457 322 2516 diuina
348 2458 401 2516 sibi
431 2460 519 2532 gratia
548 2460 697 2529 revelante,
717 2462 809 2519 statim
833 2463 866 2518 ad
892 2463 982 2520 locum
1002 2465 1049 2522 ubi
1090 2457 1166 2513 Tunc
1191 2457 1238 2513 ille
1262 2458 1346 2514 misti
1369 2457 1503 2526 imitans,
1529 2457 1599 2515 lutri
1624 2473 1717 2517 ambit
1741 2467 1861 2518 wallis
1887 2467 1914 2518 tt

187 2611 194 2626 ⁶
227 2547 394 2605 veneratus
416 2563 501 2607 sonex
518 2550 589 2607 omn
617 2565 679 2607 oum
702 2552 760 2608 sos
786 2552 926 2623 pergendo
950 2567 1047 2610 oona·
1090 2547 1247 2618 antiociae
1273 2546 1410 2603 mennam
1433 2546 1545 2604 uranon
1560 2547 1643 2605 otram
1658 2547 1842 2618 contorotos,
1866 2552 1912 2622 qur

227 2636 297 2705 this,
317 2651 426 2694 sacrum
451 2627 481 2694 Β.
500 2638 650 2696 audomari
675 2654 777 2712 corpus
799 2655 861 2698 cum
887 2641 998 2713 psalmis
1021 2648 1049 2700 et
1090 2636 1207 2695 mendax
1231 2635 1282 2694 iuit
1296 2637 1330 2694 ab
1346 2637 1427 2692 initio
1452 2641 1480 2694 et
1502 2636 1660 2694 inveritate
1679 2652 1734 2695 noo
1754 2641 1843 2707 stetit,
1864 2654 1914 2696 re-

226 2725 334 2798 bymnis
361 2732 390 2784 et
416 2728 532 2785 canticis
559 2728 592 2786 ad
622 2729 712 2787 locum
739 2731 890 2804 sepultura
914 2732 1047 2801 deduxit,
1089 2740 1157 2783 suno
1186 2725 1277 2808 animo
1299 2725 1334 2782 td
1362 2724 1669 2784 B·A1¹d⁰mttillltrtts
1693 2726 1838 2785 basilicam
1861 2730 1913 2785 lter

225 2828 343 2888 eumque
366 2816 394 2873 in
419 2817 552 2889 praedicta
572 2818 689 2876 ecclesia
708 2835 788 2892 quam
803 2820 850 2877 ille
869 2823 899 2878 Β.
925 2820 1048 2893 pontifex
1090 2815 1218 2886 arripuit,
1235 2819 1347 2886 paratus
1361 2814 1444 2871 etiam
1458 2815 1487 2871 io
1510 2829 1560 2872 sua
1587 2816 1789 2886 perseverando
1810 2819 1912 2890 nequi·

225 2904 253 2960 in
284 2905 374 2962 Sitbiu
408 2906 553 2964 editicavit
584 2922 646 2965 cum
679 2909 812 2967 immenso
844 2910 1048 2968 circumstantis
1088 2906 1127 2962 tia
1143 2907 1296 2976 perjurium
1311 2905 1455 2977 perlicere.
1471 2905 1546 2961 Tunc
1569 2905 1650 2963 ambo
1670 2906 1776 2978 asperis
1794 2908 1912 2965 intense

225 2995 321 3065 populi
335 2993 506 3066 sepelierunt
520 2996 596 3054 luctu
622 2997 713 3070 (109).
734 3001 850 3056 sanetus
865 3000 937 3057 enim
951 3002 1046 3058 pudo-
1089 2993 1235 3064 loquentes
1250 2994 1353 3062 verbis,
1370 3007 1419 3064 per
1432 3007 1513 3050 unam
1526 2993 1705 3051 commeando
1726 2995 1796 3052 viam
1822 2997 1857 3053 ad
1872 3012 1913 3055 re

225 3097 317 3140 maros
336 3085 418 3141 beato
446 3085 576 3155 praedixit
590 3087 701 3144 bertino
726 3089 888 3160 cunctisque
916 3081 1240 3148 iratribuancrabilcm
1264 3085 1296 3141 Β.
1324 3083 1471 3140 audomari
1505 3083 1656 3153 basilicam,
1682 3098 1742 3142 0³1ss
1769 3087 1911 3144 cernendo

226 3177 350 3244 tempore
380 3173 428 3230 illo
454 3175 570 3232 Domino
602 3177 631 3232 in
663 3177 752 3234 sitbiu
780 3179 988 3248 servientibus,
1017 3185 1048 3237 ut
1088 3173 1326 3244 approximabant.
1347 3175 1424 3230 Tunc
1451 3171 1499 3229 1¹¹0
1522 3171 1570 3244 qui
1594 3173 1713 3231 Militum
1738 3176 1910 3247 Wlffl'fflbtl,

226 3262 336 3333 qnando
352 3263 377 3319 ci
393 3276 468 3321 mors
482 3264 588 3321 incerta
611 3269 740 3322 extremae
773 3267 936 3340 contigisset
957 3268 1045 3338 bora,
1087 3262 1121 3320 ad
1136 3278 1216 3320 suurn
1235 3264 1274 3320 ait
1294 3270 1517 3334 compatrem«
1537 3263 1607 3332 Quid
1627 3264 1708 3321 nobis
1731 3272 1774 3322 est
1793 3280 1910 3325 necesse

222 3349 251 3407 in
277 3351 412 3423 predicto
453 3353 516 3410 loco
548 3367 628 3411 suum
656 3355 806 3426 sepelirent
839 3358 1044 3431 corpusculum.
1086 3352 1121 3408 ad
1138 3355 1168 3410 B.
1188 3352 1336 3411 audomari
1356 3353 1470 3424 propius
1489 3353 1622 3410 accedere
1651 3355 1816 3413 basilicam!
1835 3358 1909 3415 bens

225 3441 311 3498 Parvo
330 3442 415 3515 igitur
442 3443 576 3515 temporis
598 3443 753 3514 intervallo,
780 3451 924 3518 postquam
944 3461 1058 3528 corpus·
1086 3442 1158 3499 enim
1179 3443 1281 3514 ubique
1300 3456 1423 3514 praesens
1442 3446 1493 3511 est,
1512 3443 1575 3513 jnra
1593 3444 1661 3500 mibi
1679 3444 1708 3501 in
1726 3445 1780 3504 isto
1800 3445 1865 3504 loco
1880 3448 1909 3503 in

223 3531 389 3588 venerabilis
415 3531 467 3590 viri
490 3533 518 3590 in
547 3533 681 3604 predicto
706 3535 769 3592 loco
797 3535 849 3592 tuit
885 3537 1043 3608 sepultum,
1085 3545 1141 3602 qno
1160 3538 1273 3601 stamus,
1295 3547 1345 3603 ner
1359 3535 1388 3588 Β.
1408 3532 1556 3589 dodonaei
1575 3534 1682 3603 nemu,
1703 3535 1778 3607 quod
1798 3549 1909 3594 accom-

219 3621 298 3691 jnxta
316 3620 473 3692 sepulcrum
493 3624 553 3693 elus
572 3625 745 3694 expendente
769 3624 889 3696 desuper
907 3625 1043 3698 lampade,
1084 3620 1224 3679 modatnm
1244 3636 1259 3678 a
1278 3635 1321 3678 me
1349 3635 1405 3678 non
1424 3621 1556 3692 accepisti
1574 3621 1705 3680 solidum.
1726 3644 1739 3673 o
1760 3625 1839 3682 Tunc
1861 3625 1908 3682 ille

222 3708 316 3768 divino
340 3710 444 3768 lumine
463 3712 577 3784 repieta,
595 3728 645 3785 per
673 3714 778 3786 prolixa
806 3729 939 3772 annorum
955 3717 1044 3787 spatia
1084 3711 1196 3783 iniquus
1215 3710 1367 3768 extendens
1386 3724 1491 3778 minus.
1512 3710 1688 3784 linguamque
1705 3712 1740 3770 td
1760 3713 1909 3785 meeffltt·

131 3799 136 3806 ’
221 3799 361 3860 tuctnunrn
387 3802 674 3862 stillabatoteun.1n
698 3805 968 3864 bocrerodivmam
988 3807 1045 3864 cte·
1084 3800 1149 3856 unm
1170 3801 1321 3872 perjurium
1341 3814 1464 3869 movens.
1489 3801 1641 3873 oculosque
1659 3803 1694 3859 ad
1713 3802 1858 3862 basilicam
1877 3805 1907 3862 Β

177 3951 182 3956 ,
222 3891 352 3951 mantiam
372 3892 521 3963 diligenter
544 3893 717 3952 intuentibus
731 3901 845 3967 apparet
862 3900 991 3967 quantam
1015 3897 1043 3952 in
1082 3889 1231 3947 indomiti
1250 3888 1370 3958 elevans,
1390 3889 1483 3947 subito
1512 3889 1617 3948 uitione
1646 3906 1795 3963 Percussus
1814 3894 1909 3952 divina

221 3987 373 4051 conspectu
392 3981 489 4039 aeterni
504 3984 578 4054 regis
596 3984 694 4042 beatus
707 3999 774 4042 suus
797 3985 940 4044 consessor
952 3985 1044 4043 dudo
1083 3992 1188 4049 Pl⁰¹ttts
1205 3979 1241 4036 td
1266 3985 1368 4037 littam
1387 3979 1499 4047 cecidit,
1514 3977 1643 4051 00ult'dbt
1670 3981 1699 4036 in
1722 3982 1828 4040 codem
1847 3999 1909 4042 cre·

222 4082 314 4126 mams
340 4070 456 4141 gloriam
483 4072 577 4142 babet,
597 4088 659 4130 cum
684 4076 762 4145 Juxta
787 4089 864 4133 sunna
885 4075 1041 4133 venerabile
1083 4074 1202 4139 Puttttsst
1215 4074 1355 4126 momento
1376 4088 1383 4126 ἕ
1404 4075 1432 4126 θῑ
1446 4068 1571 4140 1³⁰⁸thss
1584 4068 1907 4132 duobustamendiebus

221 4158 378 4229 sepulcrum
410 4158 531 4229 gloriosa
560 4174 634 4232 saepe
658 4161 801 4233 bucusque
816 4163 939 4220 ostendit
951 4163 1040 4235 signa.
1082 4158 1137 4215 vita
1156 4158 1208 4215 sibi
1229 4172 1371 4227 concessa,
1386 4157 1420 4214 ad
1447 4157 1592 4216 terrendos
1610 4159 1740 4217 videlicet
1759 4161 1831 4219 alios
1856 4163 1906 4234 qui

219 4247 296 4304 liniti
311 4247 384 4305 enim
403 4248 487 4306 variis
518 4248 697 4322 languoribus
725 4249 840 4324 fatigati,
867 4267 929 4310 cum
953 4251 987 4309 ad
1009 4255 1040 4310 Β.
1082 4261 1143 4305 eum
1163 4249 1191 4305 in
1216 4248 1264 4305 tali
1282 4249 1409 4319 angustia
1427 4246 1565 4318 viderunt,
1585 4247 1631 4306 dic
1650 4250 1731 4308 tertia
1750 4251 1907 4310 miserrima

218 4337 367 4395 audomari
397 4337 531 4396 tumulum
564 4339 753 4410 perveniunt,
786 4341 878 4398 diuina
906 4341 1040 4414 largiente
1082 4336 1228 4395 defunctus
1242 4343 1284 4395 est
1302 4341 1401 4396 morte.

138 4429 141 4435 '
217 4426 329 4498 gratia,
355 4427 474 4485 subitam
502 4429 640 4500 recipiunt
675 4430 832 4488 sanitatem.
859 4417 1073 4502 OmnipotensD
1119 4426 1160 4484 lb.
1181 4429 1229 4484 Est
1247 4426 1400 4500 ergoaliud
1419 4426 1582 4485 miraculum
1597 4428 1672 4500 quod
1691 4443 1742 4500 per
1760 4431 1792 4487 Β.
1806 4432 1907 4490 bodo

219 4515 291 4572 enim
306 4518 438 4575 Dominus
452 4531 508 4576 non
523 4518 612 4577 solum
636 4519 772 4591 gloriosas
795 4534 845 4591 per
863 4535 929 4578 suns
954 4520 1039 4578 iamir·
1079 4516 1147 4572 mari
1167 4519 1263 4574 merita
1290 4515 1392 4574 iactum
1411 4513 1495 4574 tuisse
1514 4529 1570 4574 non
1597 4516 1752 4588 dubitatur,
1770 4519 1906 4593 quodque

217 4602 261 4661 los
276 4605 385 4676 perbcit
398 4608 515 4666 virtutes
530 4608 594 4665 dum
609 4608 661 4666 bac
676 4614 791 4666 utuntur
808 4609 873 4678 vita,
901 4611 950 4668 sed
976 4617 1039 4683 post
1079 4620 1166 4678 usque
1180 4607 1215 4664 ad
1229 4610 1394 4679 presentem
1409 4605 1492 4675 diem,
1508 4606 1601 4664 divina
1615 4613 1750 4679 operante
1764 4613 1905 4680 potentia,

216 4691 324 4752 laticem
345 4711 441 4755 eorum
472 4698 587 4763 obitum,
603 4698 690 4770 signis
716 4712 749 4756 ac
767 4699 914 4757 virtutibus
939 4701 968 4758 in
996 4701 1039 4758 di·
1079 4695 1164 4752 certis
1178 4695 1334 4753 declaratur
1352 4695 1474 4752 indiciis.
1495 4695 1616 4764 Quadam
1635 4695 1708 4754 torta
1726 4696 1773 4754 die
1787 4697 1855 4755 dum
1871 4700 1906 4756 dr

216 4783 304 4840 versis
318 4784 413 4843 mundi
441 4786 568 4857 partibus
594 4799 643 4844 eos
670 4786 825 4860 glorlticare
854 4801 909 4846 non
936 4794 1035 4858 cessat,
1080 4785 1254 4842 terwanensi
1273 4786 1342 4842 urbe
1363 4784 1398 4841 ad
1417 4785 1507 4841 ticina
1533 4791 1664 4857 pergeret
1682 4785 1754 4854 loca,
1782 4801 1906 4860 cumque

215 4871 289 4931 sicut
303 4888 354 4945 per
382 4875 544 4946 pradictum
564 4877 654 4948 agium
673 4891 751 4934 suum
777 4875 962 4936 comessorem
983 4882 1038 4936 bu·
1080 4875 1240 4932 meridianis
1258 4874 1313 4932 diei
1333 4874 1410 4931 boris
1429 4887 1541 4946 parvum
1564 4873 1699 4946 pausandi
1717 4876 1838 4946 spatium
1852 4892 1905 4936 sno

216 4961 359 5021 domorum
386 4963 486 5021 multas
514 4969 578 5036 post
591 4965 697 5022 obitum
720 4979 799 5023 suum
821 4964 888 5023 iecit
909 4967 1035 5038 virtutes,
1077 4965 1210 5022 voluisset
1242 4963 1386 5036 indulgere
1410 4963 1587 5034 corpusculo,
1608 4964 1660 5022 sub
1679 4964 1798 5036 quadam
1815 4967 1906 5039 jacuit

252 5051 324 5126 (tuat
356 5053 490 5112 Nimirum
516 5053 545 5109 io
572 5052 636 5112 cido
673 5055 827 5112 Wourontis
858 5057 1034 5131 (Woooroot)
1079 5053 1232 5112 tumulando
1251 5053 1434 5110 monoclerum
1462 5066 1575 5136 corporo
1602 5057 1798 5110 mnatruacrct.
1830 5055 1904 5127 Lege

215 5139 278 5196 quae
297 5124 507 5183 asitttouttos
520 5125 799 5196 fmedmtotmitliboo,
816 5127 905 5199 inquit
919 5129 1035 5198 iperius,
1078 5127 1165 5183 Vitam
1184 5128 1212 5182 S.
1242 5125 1355 5181 bertini.
1384 5123 1492 5195 iperius
1509 5137 1536 5180 m
1560 5122 1675 5192 ebron..
1695 5137 1757 5195 cap.
1787 5123 1868 5197 il‚§
1890 5126 1901 5179 t

215 5210 271 5268 quo
290 5196 318 5253 in
334 5196 397 5254 loco
412 5197 440 5253 S.
455 5197 634 5254 bustrcberta
652 5197 742 5254 velum
756 5199 865 5270 abipso
880 5199 1036 5260 audomaro
1077 5199 1176 5254 scribit
1200 5196 1372 5268 Pridogisum
1399 5195 1525 5252 abbatem
1552 5197 1713 5253 secularem
1736 5194 1905 5254 Sitbircnsis

215 5282 281 5326 acce
300 5269 356 5326 isse
371 5268 483 5326 dicitur.
1078 5269 1241 5326 monasterii
1257 5268 1284 5324 io
1297 5265 1402 5340 capello
1423 5271 1523 5323 concite
1540 5267 1588 5323 Dei
1608 5266 1757 5334 Geadra'm'r,
1773 5282 1854 5338 mort
1868 5271 1903 5326 li.

252 5284 332 5412 (189)
364 5340 549 5412 interpolator
575 5339 614 5396 ita
638 5339 737 5398 scribit
765 5361 772 5398 :
803 5339 970 5399 namucum
997 5350 1035 5403 eat
1078 5342 1246 5398 Audomcros
1278 5340 1314 5396 od
1349 5337 1512 5412 sepeliendos
1544 5338 1684 5394 monocbos
1720 5337 1904 5408 dmicooout,

215 5415 302 5467 otton
328 5425 422 5485 corpus
444 5411 501 5483 eiua
526 5411 775 5469 ormercndiaot'rno
805 5411 900 5471 abbate
928 5416 1035 5500 bertino
1078 5411 1196 5485 moabia
1233 5410 1410 5496 quadruplata
1441 5407 1589 5477 morolio,
1620 5409 1729 5494 triptota
1759 5411 1906 5494 coaoaicoa

214 5495 248 5539 oc
270 5481 356 5566 cboro·
380 5482 574 5568 monachorum,
608 5482 789 5568 ettscpultum
816 5498 873 5542 cum
900 5483 985 5556 olom
1008 5503 1036 5544 ao
1077 5483 1222 5540 saeculares
1248 5487 1400 5539 restitutore.
1426 5483 1503 5537 Nunc
1527 5486 1570 5538 est
1591 5479 1709 5538 ecclesia
1732 5479 1905 5540 cathedralis

213 5552 866 5698 muttltlltctlttltmtttu
911 5555 1035 5687 atim
1074 5553 1364 5626 mmmm·
