4034 6152
235 214 289 270 983
844 207 1011 262 aaruhutx
1029 207 1073 261 ab
1092 205 1305 280 mantilium.
1870 207 1925 260 984

233 338 343 406 abipso
366 334 485 392 factam!
508 332 609 402 Quidni
630 345 695 388 vero
720 331 871 400 caeteroqui
894 329 1090 390 Ambrosiush
1130 329 1245 386 lllllllll.
1260 329 1294 383 Et
1307 341 1420 382 rursus:
1434 328 1576 394 «Quartus
1589 327 1692 398 gradus
1703 335 1745 384 est
1761 328 1926 398 (concludit

233 409 360 464 similiter
380 407 416 462 oh
438 405 561 462 eamdem
584 404 717 459 rationem
741 403 902 473 virginibus,
923 416 986 471 quae
1005 415 1053 456 sa·
1095 399 1154 471 ille)
1172 400 1288 470 diligere
1303 401 1398 464 Deum,
1415 412 1470 453 non
1488 405 1620 468 quantum
1634 405 1676 455 est
1690 399 1850 471 diligibilis,
1867 415 1924 458 non

232 495 308 536 crum
323 477 358 534 ad
377 477 500 533 velamen
522 476 629 531 admitti
644 482 788 544 cuperent,
804 473 942 529 concessit
957 478 987 528 ut
1001 485 1054 528 una
1095 479 1226 598 amantum
1247 477 1339 540 potest
1358 476 1484 551 creatura
1498 469 1540 525 vel
1555 469 1680 526 ahsolnte
1696 471 1738 527 vel
1755 473 1783 526 in
1800 473 1854 527 hac
1870 475 1927 528 sita

232 552 293 608 vioe
308 549 511 604 matrimonium
530 546 747 601 contraherem?
771 545 887 611 Etenim,
903 543 1055 600 secundum
1116 543 1220 612 iligere,
1232 540 1281 596 sed
1296 548 1387 596 tamen
1402 549 1439 595 ita
1450 544 1480 595 ut
1495 539 1563 595 nihil
1577 555 1657 610 aeque
1670 550 1718 598 aut
1733 543 1823 612 magis
1838 558 1925 613 quam

142 629 147 639 '
233 621 302 678 illud
317 618 451 689 Apostoli,
469 617 698 687 quemadmodum
715 615 778 671 vitae
799 613 931 685 perfectio
951 628 1006 670 non
1025 615 1054 668 in
1095 615 1180 670 Deum
1195 613 1300 683 diligat,
1317 610 1345 666 id
1361 618 1412 672 est,
1433 610 1501 666 nihil
1517 611 1643 668 admittat
1661 615 1833 668 contrarium
1851 614 1927 669 dile-

234 693 370 756 castitate‚
391 692 428 745 ita
447 703 537 758 neque
559 689 588 742 in
613 687 769 757 virginitate
793 686 929 750 consistit,
954 683 1002 740 sod
1027 685 1055 739 in
1097 684 1193 740 ctioni.
1219 685 1251 738 lit
1275 683 1319 738 hic
1342 683 1443 752 gradus
1472 689 1627 752 praeceptus
1656 693 1698 739 est
1726 685 1873 750 omnibus,
1899 695 1926 740 et

234 765 378 821 charitate.
399 759 499 827 Quidni
513 771 578 814 vero
595 768 728 827 praeterea
748 756 794 811 ille
809 756 896 812 sacris
910 757 991 811 etiam
1007 755 1057 809 mi·
1098 754 1233 825 quandam
1258 753 1341 808 hahet
1366 751 1572 822 perfectionem,
1594 752 1661 808 licet
1684 763 1816 825 respectu
1837 771 1929 824 supe-

235 835 331 890 nistris
345 832 482 887 concessit
497 836 526 885 nt
541 843 596 885 non
610 829 699 886 solnm
712 827 796 883 semel
811 827 915 883 nuhero
931 834 1054 896 possent,
1098 827 1201 881 riorum
1215 824 1251 880 sit
1266 822 1450 894 imperfectus.
1466 824 1542 880 Unde
1558 825 1654 894 prime
1667 826 1782 883 loannis
1797 828 1927 882 εεεεεειε

236 905 285 968 εω
300 905 381 959 etiam
397 904 494 957 iterum
510 914 542 954 ac
556 900 649 966 tertio,
666 899 816 968 quinetiam
841 899 925 954 toties
948 898 1058 966 quoties
1099 897 1221 952 dicitnr:
1238 896 1288 962 Qui
1309 901 1398 950 seruet
1413 894 1517 950 uadum
1538 895 1603 964 ejus,
1619 910 1679 950 uere
1694 897 1723 951 ira
1741 897 1792 952 hoe
1806 898 1929 953 charites

236 975 315 1032 laicis
332 974 437 1029 licitum
458 976 552 1027 esset?
576 971 635 1026 Non
655 970 728 1025 enim
746 968 805 1025 solo
826 969 907 1038 primi
929 969 988 1038 eius
1002 982 1058 1022 ma·
1098 968 1146 1024 Dei
1156 967 1271 1038 paerfecto
1279 971 1327 1020 εει.
1338 967 1372 1020 Et
1386 973 1477 1022 tamen
1486 967 1606 1022 llatthaei
1618 965 1661 1034 la,
1671 968 1807 1024 Dominus
1822 969 1863 1036 ci,
1880 971 1927 1038 qui

237 1045 360 1102 trimonii
383 1051 517 1112 tempore,
543 1040 592 1096 sed
617 1041 691 1097 omni
711 1053 826 1110 prorsus
849 1046 973 1108 tempore
996 1053 1055 1108 per·
1100 1038 1210 1094 dicebat
1223 1051 1253 1093 se
1263 1037 1354 1092 omnia
1365 1043 1503 1106 praecepta
1512 1051 1647 1105 servasse,
1657 1038 1716 1094 ait:
1733 1039 1819 1094 Sibis
1825 1043 1928 1110 persec-

237 1116 321 1172 fectio
345 1116 418 1180 avita,
445 1112 597 1169 secundum
621 1110 689 1166 illud
717 1110 851 1180 Apostoli,
879 1109 1006 1166 consistit
1029 1110 1058 1164 in
1100 1115 1141 1164 tea
1154 1123 1220 1174 esse,
1236 1107 1312 1173 εεειε,
1329 1107 1409 1162 vende
1422 1109 1519 1174 onemo,
1537 1115 1591 1164 eto.
1607 1109 1742 1179 Loquitur
1755 1111 1835 1165 enim
1847 1112 1929 1166 toan

239 1187 383 1253 charitate,
399 1197 455 1240 non
469 1190 559 1239 autem
574 1183 602 1237 in
621 1183 756 1237 castitate.
1100 1194 1150 1236 nes
1162 1178 1196 1234 ειε
1208 1179 1262 1234 isto
1276 1184 1374 1248 quarto
1383 1179 1484 1247 gradu3
1498 1181 1630 1234 Dominus
1644 1187 1734 1236 autern
1749 1181 1786 1236 de
1802 1181 1902 1236 tertio.
1913 1201 1927 1230 ι

275 1257 354 1312 xiix.
375 1256 534 1324 Priusquam
562 1258 651 1308 tanmn
680 1252 770 1307 acrius
798 1252 904 1307 Datinm
933 1249 1060 1306 absurdis
1136 1249 1388 1319 xxx1v.ilisergo
1403 1263 1453 1318 per
1467 1263 1518 1305 nos
1532 1251 1598 1305 item
1613 1252 1799 1321 praemonitis,
1812 1253 1839 1306 si
1855 1265 1929 1306 nunc

240 1326 376 1398 ejusmodi
390 1324 570 1382 consectariis
589 1337 745 1394 urgeamus,
761 1321 982 1392 percommodum
999 1334 1060 1390 pro
1101 1335 1257 1391 quaeramus
1270 1333 1325 1389 quo
1340 1333 1422 1375 sensu
1437 1321 1596 1376 Ambrosius
1611 1322 1840 1390 opinione-Dani
1855 1337 1928 1377 asse

240 1397 313 1454 fecto
333 1412 364 1452 ac
378 1395 496 1466 perutile
511 1397 564 1450 erit
584 1393 739 1450 luculenter
753 1393 914 1463 explicasse,
931 1390 1060 1462 quemad·
1101 1392 1197 1455 ruerit,
1215 1389 1411 1459 perlectionem
1426 1392 1499 1458 vitae,
1519 1405 1574 1446 non
1594 1391 1623 1446 iu
1641 1393 1782 1459 castitate,
1797 1393 1851 1448 sed
1867 1394 1931 1448 cba-

240 1468 351 1525 modum
367 1466 499 1537 perfectio
522 1466 585 1520 vitae
608 1465 769 1534 spiritualis,
785 1464 935 1519 secundum
955 1463 995 1518 rei
1010 1477 1058 1518 ve·
1101 1464 1182 1518 ritate
1197 1461 1360 1526 consistere,
1375 1460 1525 1516 secundum
1538 1461 1606 1517 illud
1621 1463 1741 1533 apostoli
1755 1463 1836 1518 Pauli
1854 1465 1932 1518 testi-

241 1541 360 1603 ritatem,
376 1545 459 1607 atque
478 1537 630 1592 sectandum
649 1535 767 1604 apostoli
791 1534 866 1590 Pauli
885 1534 1058 1594 sententiam.
1102 1532 1234 1598 monium,
1255 1544 1304 1601 pro
1319 1532 1462 1587 charitatis
1480 1534 1590 1600 virtute,
1611 1534 1678 1602 quin
1693 1535 1777 1590 ctiam
1792 1536 1929 1589 uirtutum

241 1610 375 1665 consistat
396 1609 424 1662 in
448 1607 591 1662 charitate.
615 1605 749 1661 auectam
773 1613 863 1661 antem
881 1604 1061 1660 Deilarmimrs
1102 1603 1207 1673 regina,
1232 1610 1284 1656 tam
1308 1601 1477 1658 luculentum
1496 1611 1524 1658 et
1538 1605 1668 1673 palmare,
1685 1618 1741 1662 non
1760 1605 1842 1659 aliud
1863 1618 1932 1674 pro·

241 1683 279 1735 De
290 1679 419 1734 membris
432 1678 561 1733 Ecclesiae
577 1677 719 1732 militantis
734 1675 804 1732 libro
815 1675 949 1740 secundo,
961 1675 1008 1744 qul
1019 1652 1092 1730 estB
1103 1673 1176 1729 fecto
1201 1673 1369 1742 respondere
1393 1679 1487 1743 posset
1509 1675 1604 1730 Datius
1618 1689 1698 1744 quam
1718 1675 1846 1731 locutum
1870 1689 1931 1730 esse

241 1752 280 1805 De
295 1748 446 1815 rnorrachis,
460 1749 549 1816 capite
564 1747 697 1812 secundo,
709 1747 749 1802 sic
759 1745 877 1802 docebat
888 1768 896 1814 ;
909 1765 923 1798 ε
935 1748 1004 1801 Sunt
1017 1760 1062 1800 au·
1103 1744 1276 1801 Arnhrosium
1291 1745 1325 1799 de
1343 1744 1404 1800 vitae
1420 1743 1589 1813 perfectione
1605 1745 1754 1815 unicuique
1769 1746 1883 1802 bomini
1899 1747 1931 1800 ad

243 1827 298 1876 tem
314 1821 366 1875 hoo
381 1818 444 1874 loco
459 1818 616 1873 adnotanda
639 1815 775 1888 quadam.
800 1817 919 1872 Primum
938 1815 1006 1872 illud
1021 1821 1063 1871 est
1105 1823 1234 1871 aeternam
1258 1815 1373 1870 salutem
1397 1816 1561 1882 necessaria,
1584 1821 1612 1871 et
1630 1823 1779 1886 propterea
1805 1817 1930 1872 locutum

242 1905 333 1946 voram
350 1888 546 1960 perlectionem
562 1891 590 1943 in
605 1889 738 1944 charitate
753 1888 915 1942 consistere.
928 1885 1063 1942 Perfectio
1105 1887 1187 1942 etiam
1202 1899 1261 1941 esse
1276 1886 1310 1940 de
1326 1886 1459 1941 charitate
1482 1886 1633 1942 secundum
1652 1901 1711 1942 eam
1735 1887 1931 1942 tantummodo

244 1962 317 2017 enim
341 1961 557 2028 uniuscujusque
580 1960 620 2014 rei
641 1961 668 2013 in
689 1972 722 2013 eo
747 1957 835 2027 posita
850 1965 892 2013 est
907 1964 937 2012 ut
952 1957 998 2012 hni
1013 1971 1063 2013 suo
1106 1955 1303 2027 perlectionem
1315 1970 1397 2026 quam
1409 1956 1589 2013 bellarminus
1602 1957 1726 2026 proxime
1736 1959 1765 2012 in
1781 1972 1817 2014 eo
1829 1965 1931 2027 quarto

244 2031 341 2086 ultimo
355 2044 435 2100 qoam
450 2030 602 2085 arctissime
618 2031 809 2098 conjungator.
821 2028 896 2082 Finis
910 2035 1000 2083 autem
1014 2027 1064 2082 ho·
1105 2026 1191 2098 gradu
1210 2026 1374 2082 collocabat.
1397 2028 1476 2083 certe
1489 2033 1581 2083 autem
1604 2028 1642 2082 ita
1666 2042 1782 2097 prorsus
1802 2028 1931 2083 eumdem

244 2103 327 2157 minis
341 2103 412 2156 Deus
427 2108 486 2156 est:
507 2101 627 2154 charitas
642 2113 705 2154 vero
722 2099 836 2154 maxime
852 2098 911 2153 unit
926 2099 1065 2153 hominem
1106 2097 1181 2152 illurn
1200 2096 1324 2166 Apostoli
1340 2096 1430 2153 locum
1450 2099 1558 2167 probati
1574 2099 1655 2154 etiam
1670 2099 1842 2168 interpretes
1856 2112 1933 2154 oom-

245 2186 307 2228 cnm
321 2173 387 2237 Deo,
401 2173 478 2240 juxta
492 2169 560 2225 illud
576 2171 671 2238 prins
685 2169 798 2225 loannis
812 2174 929 2238 quarto:
947 2169 997 2236 Qui
1011 2183 1065 2222 mc·
1106 2169 1180 2223 muni
1208 2180 1345 2223 consensu
1369 2174 1520 2238 exponunt,
1545 2181 1596 2224 neo
1618 2170 1700 2224 aliter
1723 2183 1787 2225 eum
1813 2171 1932 2239 ipsemet

244 2248 288 2298 oet
311 2243 338 2296 ιε
360 2242 499 2307 ειιεειιειε,
513 2241 541 2295 ιε
555 2243 609 2295 Deo
628 2247 724 2305 monet,
745 2244 769 2295 et
783 2241 853 2294 Deus
871 2239 898 2293 ιε
912 2253 962 2299 co,-
988 2245 1016 2294 et
1030 2238 1064 2293 εει
1107 2240 1188 2294 ειιεει
1203 2238 1330 2308 exposuit
1352 2238 1522 2306 Ambrosius,
1538 2247 1592 2295 tam
1612 2240 1641 2295 in
1664 2241 1875 2296 Commentario
1896 2240 1931 2310 (si

245 2312 423 2369 colossenses
438 2313 539 2367 tertio:
555 2311 677 2367 Charitas
691 2315 729 2365 est
742 2311 872 2364 vincutum
888 2310 1064 2380 perfectionis,
1107 2316 1197 2365 tamen
1212 2309 1299 2377 ipsius
1314 2322 1407 2364 revera
1421 2316 1473 2374 est,
1493 2316 1523 2365 ut
1542 2311 1684 2380 superiore
1699 2325 1817 2367 numero
1831 2311 1866 2363 21
1884 2325 1931 2365 ex·

245 2384 273 2438 id
289 2392 331 2438 est
344 2382 483 2438 vinculum
498 2381 583 2450 quod,
602 2381 689 2452 ligans
703 2381 841 2436 hominem
861 2394 922 2435 cum
937 2383 1003 2446 Doo,
1019 2379 1066 2436 ho·
1106 2379 1252 2449 cipiebam)
1263 2393 1343 2449 qnam
1354 2380 1425 2437 libro
1435 2387 1544 2450 quarto,
1555 2382 1672 2450 epistola
1681 2379 1728 2444 33,
1737 2395 1826 2452 prope
1837 2381 1930 2446 finem,

246 2454 346 2509 minem
357 2452 448 2507 reddit
459 2451 609 2521 perlectum
619 2452 661 2506 vel
672 2451 711 2521 (et
720 2451 933 2522 Chrysostomns
943 2451 1065 2519 exponit)
1107 2451 1140 2506 ad
1164 2449 1297 2519 virginem
1316 2464 1420 2505 sacram
1439 2451 1564 2507 scribens
1582 2452 1795 2508 Demetriadem.
1815 2453 1845 2508 Si
1866 2467 1931 2522 ergo

246 2523 384 2579 vinculum
400 2523 485 2592 qnod,
499 2523 587 2592 ligans
601 2529 629 2577 et
643 2522 789 2577 continens
804 2523 830 2576 in
846 2521 956 2576 homine
971 2534 1066 2576 omnes
1106 2520 1266 2577 Ambrosius
1281 2535 1315 2575 ex
1329 2533 1363 2575 eo
1376 2521 1501 2589 Apostoli
1517 2521 1589 2588 loco,
1605 2524 1634 2578 in
1649 2537 1722 2589 eum,
1738 2537 1822 2592 quem
1837 2524 1934 2578 Darius

245 2595 370 2658 virtutes,
383 2593 521 2648 hominem
536 2592 627 2648 reddit
642 2591 803 2662 perfectum.
818 2593 852 2648 Ut
866 2593 938 2647 enim
953 2592 1067 2661 spiritus
1107 2591 1228 2657 dicebat,
1243 2591 1353 2646 modum
1367 2599 1572 2662 argumentatus
1586 2591 1691 2658 fuisset,
1703 2607 1759 2648 non
1775 2593 1855 2648 aliud
1871 2607 1934 2662 pro-

246 2665 382 2720 humanus
396 2665 463 2734 ligat
477 2669 505 2718 et
518 2665 642 2719 continet
663 2677 759 2718 omnes
773 2663 902 2718 humores
917 2669 944 2718 et
964 2669 1065 2732 partes,
1108 2661 1180 2717 fecto
1200 2659 1379 2730 perfectionis
1402 2676 1488 2732 genus
1512 2665 1540 2718 in
1561 2665 1647 2719 sacris
1670 2665 1841 2719 Testamenti
1865 2665 1934 2718 Nori

246 2734 351 2804 alioqui
376 2735 540 2803 dilapsuras,
562 2735 601 2790 ita
624 2735 742 2804 Spiritus
764 2741 885 2799 sanctus,
911 2732 1067 2788 inhabitans
1108 2733 1243 2788 ministris
1265 2733 1449 2788 necessarium
1473 2747 1534 2789 esse
1552 2736 1743 2804 supposuisset
1757 2749 1842 2803 εεεεε
1858 2734 1934 2802 quod
2006 2741 2007 2764 ι

247 2807 332 2861 corda
348 2813 441 2861 nostra
454 2820 503 2874 per
513 2805 685 2870 charitatem,
697 2804 821 2860 continet
836 2805 1065 2869 omnesrirtutes,
1108 2805 1136 2858 in
1147 2816 1315 2872 unoquoque
1326 2803 1395 2859 laico
1407 2804 1591 2860 necessarium
1602 2811 1675 2860 esset
1685 2811 1847 2871 constat,nt
1857 2813 1936 2860 aeter—
2006 2815 2007 2828 ¹

247 2877 350 2946 alioqui
367 2874 446 2931 facile
462 2876 627 2944 dilapsuras.
643 2876 721 2942 Quod
736 2876 817 2930 etiam
832 2875 905 2930 idern
919 2873 1068 2944 hpostolus
1109 2888 1171 2929 nam
1194 2873 1309 2928 salutem
1333 2881 1505 2943 assequatur.
1529 2876 1586 2930 Nisi
1602 2877 1675 2931 enim
1693 2875 1747 2932 hoc
1766 2876 1816 2932 ille
1830 2890 1937 2946 suppo-
2006 2885 2007 2896 ¹

247 2947 379 3012 ostendit,
396 2960 458 3000 cum
473 2947 511 3000 ait
525 2947 620 3014 prima
635 2946 669 3000 ad
685 2945 843 3001 Corinthios
856 2959 905 2999 xm
924 2944 1067 3000 :Charitas
1078 2961 1100 3019 fl
1110 2945 1203 3010 nebat,
1219 2944 1276 2999 risu
1296 2942 1419 3014 profecto
1435 2952 1462 3000 et
1477 2945 1619 3002 cachinnis
1630 2946 1823 3016 dignissimum
1839 2945 1938 3002 fuisset
2006 2967 2007 2970 ¹

266 3016 350 3072 atiena
373 3021 421 3079 est,
445 3015 556 3082 benique
579 3020 628 3081 est,
653 3023 681 3071 ει
704 3029 765 3084 quae
784 3019 947 3084 sequnntur.
973 3017 1066 3084 ltaque
1111 3016 1164 3071 tale
1190 3015 1277 3083 ipsius
1301 3022 1509 3084 argumentum3
1535 3018 1638 3086 quippe
1661 3018 1706 3072 cui
1726 3019 1937 3088 promptissime

246 3033 371 3142 frenans
394 3086 465 3140 libro
485 3085 592 3153 quinto,
609 3092 672 3140 ante
695 3084 824 3151 medinm,
841 3098 982 3153 exponens
1002 3084 1069 3140 illud
1111 3094 1193 3154 atque
1209 3085 1405 3141 invincibiliter
1418 3087 1581 3156 responderi
1594 3093 1712 3157 poterat,
1728 3087 1842 3144 altioris
1857 3089 1936 3144 ordi·

247 3155 373 3226 Apostoli
398 3155 494 3224 prima
507 3155 541 3210 εει
564 3155 823 3210 Thessalonicenses
842 3155 957 3211 ultimo:
976 3157 1010 3210 Ut
1030 3155 1071 3210 in·
1112 3157 1155 3211 nis
1169 3169 1250 3224 quarn
1276 3156 1406 3212 laicorum
1422 3171 1483 3213 esse
1506 3155 1704 3227 perfectionem
1724 3158 1821 3214 talium
1844 3160 1940 3215 minis-

249 3233 321 3296 tcpcr
343 3225 451 3296 spiritus
469 3231 553 3280 nester
572 3231 597 3280 et
621 3226 709 3280 oritano
728 3231 753 3281 ct
776 3239 871 3296 corpus
894 3231 1069 3292 conservetur,
1111 3233 1227 3292 trorum,
1244 3241 1368 3296 eamque,
1385 3241 1440 3283 non
1459 3228 1487 3282 in
1510 3229 1569 3284 sola
1594 3229 1704 3298 quidem
1730 3231 1876 3295 castitate,
1892 3229 1937 3286 sed

250 3298 328 3363 dicit,
344 3297 482 3352 hominem
506 3295 656 3366 perfectum
675 3297 764 3352 tribus
783 3303 920 3362 constare,
941 3310 1068 3366 corpore,
1110 3296 1140 3352 in
1159 3295 1292 3353 charitate
1314 3299 1394 3353 simul
1419 3304 1446 3354 et
1468 3300 1594 3354 castitate
1621 3301 1787 3367 consistere,
1812 3302 1891 3356 ειεει
1913 3303 1939 3355 ιε

250 3369 350 3433 anima,
367 3373 394 3422 et
413 3367 516 3436 Spiritu
535 3373 631 3422 sancto
648 3366 818 3421 inhabitante
835 3381 883 3436 per
897 3367 1069 3422 charitatem.
1112 3367 1245 3422 charitate
1259 3368 1339 3424 simul
1355 3375 1382 3423 et
1396 3369 1552 3439 virginitate
1566 3369 1636 3424 citra
1654 3369 1768 3426 dubium
1784 3371 1935 3436 consistit;

252 3441 285 3495 Ut
295 3439 379 3504 enim,
390 3439 414 3492 si
424 3437 497 3492 desit
509 3437 533 3492 ei
549 3451 650 3506 corpus
660 3436 702 3492 vel
716 3441 816 3503 anima,
827 3439 880 3493 erit
894 3435 1071 3507 imperfectus
1112 3444 1141 3494 et
1158 3439 1230 3493 sicut
1253 3439 1396 3508 ipsiusmet
1415 3441 1485 3495 Datli
1509 3439 1684 3496 confessione
1701 3445 1773 3509 (non
1794 3444 1873 3497 enim
1890 3443 1940 3497 hoc

250 3511 278 3566 in
301 3523 403 3580 genere
427 3515 543 3574 naturae,
559 3509 606 3572 ita,
623 3509 646 3564 si
665 3507 734 3563 desit
755 3508 884 3574 charitas,
900 3511 953 3564 erit
970 3509 1072 3577 imper·
1112 3509 1218 3578 negari,
1237 3508 1273 3563 ab
1292 3510 1340 3565 illo
1360 3515 1469 3580 potest;
1493 3511 1517 3566 si
1541 3511 1623 3566 modo
1642 3520 1772 3568 constare
1791 3513 1850 3568 sihi
1866 3513 1939 3574 velit,

249 3579 339 3636 fectus
353 3579 381 3634 in
396 3593 505 3650 genere·
516 3579 610 3634 moris.
626 3580 684 3644 Quo
701 3579 783 3634 modo
799 3578 889 3634 locum
904 3579 981 3634 illum
996 3577 1072 3633 Pauli
1114 3585 1140 3636 et
1159 3579 1332 3635 Ambrosium
1355 3581 1466 3636 sibimet
1489 3581 1542 3650 ipsi
1566 3588 1738 3638 constantem
1760 3583 1939 3653 supponere)

249 3651 408 3720 intelligunt
432 3651 513 3705 etiam
536 3646 594 3704 fere
614 3663 709 3704 omnes
732 3649 829 3714 Graeci,
851 3649 1071 3720 chrysostomus,
1114 3657 1177 3720 post
1196 3651 1291 3718 primae
1314 3651 1424 3706 illorum
1449 3651 1636 3708 ministrorum
1656 3653 1751 3708 uxoris
1770 3654 1896 3719 obitum,
1915 3655 1940 3707 in

250 3721 450 3786 Theodoretus,
466 3720 660 3785 Odeumenius,
676 3719 906 3790 Theophylactns,
919 3727 946 3775 et
958 3733 1021 3774 cum
1033 3720 1074 3774 eis
1114 3721 1248 3776 charitate
1271 3721 1351 3776 simul
1375 3736 1436 3776 cum
1456 3720 1591 3788 castitate,
1607 3723 1664 3778 sive
1688 3737 1749 3778 curn
1770 3725 1941 3780 abstinentia

251 3793 435 3861 hieronymus
458 3791 486 3844 in
501 3789 617 3857 epistola
632 3791 665 3844 ad
689 3791 843 3856 iledihiam,
863 3792 1016 3859 quaestione
1033 3789 1075 3845 nl·
1114 3792 1142 3847 in
1164 3799 1305 3860 postorum
1320 3792 1354 3846 ab
1373 3791 1456 3847 oflicii
1471 3794 1624 3864 conjugalis
1646 3809 1707 3859 usu,
1725 3796 1871 3850 consistit
1893 3797 1941 3850 Pro

252 3864 328 3918 tima.
344 3862 478 3930 Denique,
490 3859 564 3928 quod
579 3860 699 3916 charitas
713 3861 750 3916 sit
765 3861 914 3916 christiana
929 3860 1072 3930 perfectio,
1115 3861 1204 3931 primo
1220 3861 1304 3931 igitur
1318 3861 1366 3917 illo
1381 3876 1521 3918 sacrorum
1535 3865 1603 3919 Noui
1617 3865 1787 3920 Testamenti
1803 3869 1943 3922 ministro

253 3945 334 3988 exeo
351 3937 426 3999 patet
440 3930 515 3999 qnod
534 3929 569 3985 ad
587 3945 645 3986 eam
661 3933 753 3986 omnia
767 3929 934 3998 referuntur,
953 3931 1073 3987 llatthaei
1115 3946 1186 3995 rum,
1198 3933 1371 3988 matrimonio
1387 3934 1457 3988 ratio
1470 3933 1527 4000 illa,
1539 3948 1573 3989 ex
1587 3947 1621 3990 eo
1637 3935 1762 4004 hpostoli
1780 3937 1943 3992 testimonio

252 4017 334 4059 xxn:
357 4003 388 4056 ln
406 4001 446 4056 bis
465 4000 564 4056 duobus
583 4002 714 4057 ειεεειειιε
732 4003 854 4057 εειεενεε
871 4005 938 4067 Lea,
959 4008 1026 4069 etc,
1047 4008 1076 4057 et
1116 4003 1270 4071 desumpta,
1291 4002 1359 4057 nihil
1379 4017 1493 4073 prorsus
1508 4005 1589 4070 valet,
1610 4006 1663 4061 nisi
1687 4020 1786 4061 eorum
1808 4007 1942 4077 perfectio

254 4073 350 4144 primae
366 4070 399 4126 ad
414 4071 585 4126 Timotheum
600 4087 627 4126 1:
643 4072 717 4127 Finis
729 4073 852 4144 precepti
867 4073 1020 4128 clacifica.»
1116 4073 1226 4128 interim
1241 4080 1414 4142 supponatur
1423 4074 1530 4128 ordinis
1543 4089 1604 4130 esse
1619 4089 1674 4132 non
1684 4077 1798 4132 altioris
1809 4093 1895 4148 quam
1909 4079 1941 4130 sit

291 4143 382 4198 xxxi.
402 4142 523 4198 Subinde
537 4155 602 4198 vero
617 4143 658 4197 sic
673 4144 755 4198 etiam
770 4145 965 4213 prosequitur:
978 4161 992 4194 ε
1005 4145 1075 4198 Νειε
1117 4142 1249 4213 perfectio
1273 4143 1351 4198 laicis
1373 4144 1455 4199 etiam
1469 4145 1597 4201 omnihus
1614 4145 1649 4201 ad
1668 4153 1803 4202 aeternam
1827 4149 1944 4204 salntem

255 4213 389 4279 secundo,
401 4228 436 4269 cx
449 4214 530 4269 beato
540 4214 642 4269 Thoma
656 4213 685 4269 in
699 4213 833 4283 opusculo
842 4215 881 4269 De
894 4211 1073 4282 perfectione,
1117 4213 1282 4270 necessaria.
1297 4215 1379 4284 Atqui
1394 4215 1463 4270 nihil
1483 4214 1546 4283 tale,
1560 4230 1595 4272 ne
1607 4217 1715 4272 interim
1732 4219 1865 4287 quidem,
1881 4235 1945 4288 snp-

258 4292 376 4355 quatnor
388 4299 448 4340 esse
461 4284 562 4355 gradus
573 4285 722 4348 charitatis,
737 4284 853 4353 proinde
863 4284 944 4339 etiam
957 4277 1109 4352 quatuorD
1119 4285 1231 4355 ponitur
1244 4284 1279 4339 ab
1297 4285 1452 4352 Ambrosio,
1468 4299 1484 4340 a
1503 4300 1558 4355 quo
1580 4293 1654 4342 certe
1673 4289 1848 4356 supponitur
1863 4305 1946 4360 eppo

258 4369 320 4412 esse
334 4354 436 4426 gradus
455 4353 642 4425 perfectionis.
662 4355 768 4411 Dicitur
782 4355 854 4409 enim
871 4354 1022 4424 perlectum
1037 4353 1076 4421 itl,
1118 4355 1211 4419 situm,
1223 4353 1304 4410 sicuti
1314 4357 1370 4423 jam
1384 4357 1502 4412 vidimus
1511 4371 1527 4411 e
1537 4371 1651 4414 numero
1664 4355 1697 4410 12
1710 4360 1744 4413 ad
1755 4361 1867 4418 multos
1880 4362 1947 4416 alios

260 4427 305 4482 cni
320 4425 388 4480 nihil
399 4425 478 4480 deest
492 4427 520 4480 in
531 4426 627 4481 ordine
638 4425 672 4481 ad
686 4425 805 4495 aliquem
817 4425 907 4480 finem.
920 4427 1007 4494 Quare
1022 4438 1078 4480 non
1118 4426 1328 4495 subsequentes.
1343 4427 1403 4483 Non
1419 4427 1503 4498 igitur
1517 4428 1593 4484 credi
1608 4441 1658 4497 par
1671 4435 1713 4484 est
1727 4443 1792 4485 eum
1809 4433 1852 4486 ita
1866 4432 1946 4487 fuisse

260 4503 404 4566 repugnat,
422 4495 527 4565 aliquid
542 4510 601 4552 esse
617 4495 777 4566 perfectum,
793 4502 822 4551 et
839 4495 1038 4566 imperfectum,
1055 4497 1078 4551 si
1119 4501 1348 4580 argumentatum,
1372 4498 1444 4553 sicut
1468 4499 1494 4555 ei
1517 4499 1611 4554 Datius
1634 4498 1813 4568 ascribebat;
1846 4509 1877 4558 et
1900 4503 1946 4557 hac

260 4573 436 4635 comparetur
449 4567 482 4622 ad
494 4566 617 4623 diversos
631 4565 742 4637 gratim,
760 4581 808 4622 seu
824 4568 905 4622 etiam
920 4567 997 4622 fines.
1010 4585 1024 4619 n
1119 4567 1230 4638 quadem
1244 4567 1273 4622 ln
1299 4572 1375 4636 parte
1397 4565 1499 4635 fatuus,
1522 4577 1551 4625 et
1572 4569 1693 4640 ineptus,
1708 4577 1738 4626 et
1755 4571 1880 4629 sibimet
1899 4573 1946 4642 ipsi

295 4639 398 4693 xvxii.
419 4639 475 4693 ilos
489 4637 573 4707 igitur
587 4638 669 4693 etiam
683 4637 785 4708 gradus
804 4652 852 4693 sen
867 4637 936 4694 flnes
951 4638 996 4692 ille
1014 4637 1079 4693 assi·
1119 4652 1213 4709 parum
1229 4645 1369 4693 constans.

260 4716 336 4780 qnat.
352 4708 544 4778 sedquoniam
556 4707 703 4777 primusad
715 4708 971 4774 ullamcreaturam,
984 4722 1080 4764 secun·
1155 4709 1255 4764 xxxv.
1277 4708 1377 4778 Ecquis
1391 4723 1456 4764 xero
1476 4723 1550 4766 sanae
1571 4710 1672 4766 mentis
1685 4717 1826 4779 praeterea
1842 4715 1945 4776 credat

261 4781 313 4836 ειεε
326 4788 416 4835 autem
431 4779 466 4834 εει
480 4787 644 4849 praesentem
657 4779 933 4835 hominisvitamnon
945 4779 1078 4848 pertinet;
1120 4779 1292 4834 Ambrosium
1308 4792 1341 4836 eo
1356 4778 1439 4836 luisse
1454 4781 1545 4836 animo
1560 4787 1590 4836 ut
1602 4781 1684 4836 talem
1699 4781 1775 4838 illam
1793 4798 1848 4853 pro
1860 4800 1947 4840 sacer·

261 4865 310 4908 eos
324 4864 376 4920 ego
391 4856 539 4919 propterea
557 4850 749 4919 praetermitto,
765 4863 863 4919 meque
878 4851 912 4905 ad
928 4851 1038 4905 tertium
1053 4857 1081 4905 ει
1121 4849 1233 4906 dotibus
1261 4851 1383 4904 uxoratis
1409 4850 1524 4907 auderet
1552 4851 1731 4921 pronuntiare
1758 4853 1868 4925 legem,
1890 4869 1944 4926 qua

261 4928 389 4994 quartum
413 4920 527 4989 recipio.
552 4921 689 4976 «Tertius
711 4919 812 4990 gradus
831 4925 874 4975 cst
894 4919 1001 4990 (subdit
1015 4934 1081 4992 ergo
1121 4926 1278 4976 sanctorum
1293 4919 1483 4989 apostolorum
1500 4923 1627 4991 sacrique
1641 4923 1754 4979 concilii
1775 4926 1865 4994 primi
1880 4939 1947 4982 mco·

260 4991 454 5062 Dellarminus)
472 4990 587 5061 diligere
606 4992 701 5057 Deum,
717 5003 774 5046 non
788 4997 919 5060 quantum
935 4996 977 5046 est
991 4991 1082 5062 diligi·
1122 4991 1221 5047 menici
1240 4989 1344 5046 Nicaeni
1365 4991 1485 5047 decretis
1508 4993 1721 5050 adversaretur?
1742 4997 1783 5050 ho
1806 5009 1946 5052 sacrorum

261 5063 336 5130 bilis,
354 5076 404 5118 nec
419 5069 549 5132 quantum
565 5068 656 5130 potest
670 5069 796 5117 creatura
810 5060 942 5130 quaelihet
956 5061 1081 5119 absolute
1122 5061 1234 5132 quidem
1253 5062 1441 5117 ministrorum
1454 5061 1608 5120 caelibatum
1628 5065 1662 5119 ab
1687 5065 1696 5120 i
1716 5064 1816 5120 sismet
1831 5075 1945 5138 aposto·

262 5133 389 5203 diligere,
409 5133 458 5189 sed
474 5139 604 5203 quantum
621 5139 712 5201 potest
730 5137 856 5188 creatura
872 5132 1004 5198 mortalis,
1020 5147 1082 5203 quae
1123 5133 1157 5189 lis
1172 5132 1363 5203 prescriptum
1378 5129 1473 5200 foisse,
1489 5134 1649 5190 testimonio
1660 5079 1742 5190 uossis
1752 5150 1816 5192 esse
1835 5144 1945 5207 possunt

262 5219 278 5259 a
296 5219 326 5259 se
346 5205 462 5261 removit
484 5204 575 5259 omnia
599 5204 684 5260 diuini
706 5204 807 5258 amoris
829 5203 1035 5272 impedimenta,
1056 5211 1083 5260 et
1124 5217 1245 5260 canones
1264 5202 1317 5272 ipsi
1336 5203 1536 5272 apostolorum,
1561 5218 1577 5261 a
1599 5205 1738 5262 Clemente
1761 5209 1859 5276 primo
1883 5221 1944 5278 papa

262 5282 348 5331 totam
362 5290 392 5331 se
408 5276 456 5330 Dei
474 5275 608 5344 obsequio
623 5275 803 5330 consecravit.
819 5275 869 5341 Qui
885 5275 914 5329 in
929 5274 982 5330 hoc
997 5274 1082 5345 gradu
1123 5274 1242 5331 recitati.
1257 5275 1358 5330 Eorum
1372 5275 1445 5330 enim
1464 5276 1490 5330 vi
1510 5276 1611 5331 esimus
1625 5278 1757 5346 septimus
1775 5279 1819 5333 sic
1847 5279 1943 5334 habet:

262 5353 417 5413 versantur,
442 5343 594 5416 imperfecti
618 5355 682 5402 sunt
704 5351 833 5415 respectu
856 5345 1009 5411 beatorum,
1034 5345 1083 5400 sed
1125 5365 1139 5398 ε
1155 5345 1281 5414 innuptis
1294 5350 1396 5412 autem,
1412 5345 1460 5415 qui
1475 5291 1509 5402 εξ
1524 5347 1627 5402 clerum
1642 5347 1765 5417 prouecti
1785 5357 1865 5417 sunt,
1881 5363 1945 5420 pr}

263 5415 378 5485 perfecti
402 5416 659 5488 respectuatiorum
683 5417 836 5481 hominum,
852 5417 933 5472 etiam
945 5417 1081 5485 justorum
1123 5416 1240 5486 cipimus
1273 5421 1313 5484 ut,
1342 5417 1366 5472 si
1393 5417 1541 5485 voluerint,
1571 5430 1671 5473 uxores
1702 5419 1868 5488 accipiant;
1899 5419 1944 5475 sed

263 5493 291 5542 et
306 5488 422 5556 piorum.
437 5507 451 5539 n
1124 5488 1244 5542 lectores
1275 5493 1458 5559 cantoresque
1491 5487 1726 5546 tantummodo.»
1750 5489 1827 5546 Βεεε
1857 5497 1945 5546 auten
