4034 6152
235 306 298 363 1091
808 302 972 358 ronchum
991 300 1141 358 monachi
1159 293 1340 356 slmvtllvsts
1855 295 1916 354 ittet

232 433 280 502 qui
293 431 327 486 ab
346 428 450 486 eisdem
470 443 485 484 a
509 441 589 484 mane
614 441 700 498 usque
720 428 754 482 ad
773 439 917 497 vesperum
947 425 1163 490 aternahdar.
1189 425 1233 481 lV.
1267 424 1357 491 Quare
1384 421 1512 494 aptiorem
1538 419 1623 478 meam
1655 425 1763 478 coactos
1795 421 1839 478 air
1873 425 1918 480 det

232 521 295 577 vita
311 518 419 590 pabulis
435 517 649 583 reficiebantur;
675 529 727 572 nec
746 515 836 571 minus
851 529 961 586 quoque
978 514 1057 584 pala·
1439 508 1582 581 querebat.

233 609 283 666 tini
299 621 430 678 proceres
455 606 609 662 intermissa
633 603 666 660 ad
691 609 799 674 tempus
822 605 907 676 regali
926 605 1057 660 servitute
1134 602 1160 658 6.
1179 601 1222 674 (4)
1243 604 1351 659 Interea
1366 599 1518 657 decedente
1532 599 1650 656 achario
1667 598 1709 671 (5)
1726 599 1863 671 episcopo
1877 617 1920 658 vr·

232 697 267 752 ad
283 710 331 753 eos
345 695 531 760 conluebant,
557 707 709 763 eorumque
733 694 884 750 modestam
909 707 1056 750 conversa·
1098 693 1152 750 bis.
1164 691 1304 748 Noviomae
1332 691 1367 746 ad
1386 690 1575 760 episcopatum
1596 689 1717 758 ciusdem
1737 690 1820 746 urbis
1838 705 1917 748 vene-

233 787 336 842 tionem
351 785 379 840 in
398 789 473 840 recte
490 781 605 839 vivendo
630 782 665 838 ad
689 782 844 854 exemplum
871 782 923 840 sibi
952 795 1057 852 propo-
1098 781 1193 838 rabilis
1211 782 1253 837 vir
1267 778 1459 836 blummolinus
1478 777 1649 848 provehitur,
1674 783 1703 834 et
1724 779 1918 836 6666666666

233 874 345 931 nebant.
1098 870 1226 927 coenobio
1246 872 1272 926 S.
1297 867 1421 935 Quintini
1435 881 1451 923 a
1466 867 1643 925 blummolino
1662 867 1835 937 praedcitnr:
1862 883 1918 924 san-

267 962 294 1017 4.
319 962 453 1029 Tempore
482 958 530 1016 illo
560 959 707 1016 Lotbarins
735 959 808 1015 lilius
835 958 966 1016 Ludovici
984 958 1057 1029 regis
1098 965 1159 1017 ctus
1186 972 1251 1017 vcro
1270 957 1397 1013 Bertinus
1421 957 1451 1012 in
1479 955 1541 1014 loco
1560 956 1614 1012 sibi
1641 971 1658 1012 a
1683 957 1800 1014 Domino
1822 959 1918 1015 collato

231 1049 309 1121 regni
340 1050 508 1104 Francorum
541 1047 726 1105 monarchiam
761 1049 948 1120 gubernabat:
978 1049 1057 1118 cujus
1097 1049 1177 1105 annis
1195 1047 1406 1119 quatuordecim
1429 1045 1534 1102 resedit
1561 1045 1604 1116 (6).
1628 1047 1662 1102 Et
1689 1048 1822 1117 qnoniam
1844 1048 1919 1104 locas

231 1152 312 1194 aures
328 1151 389 1194 cum
403 1139 458 1206 jam
474 1151 587 1193 suorum
611 1152 757 1207 procerum
781 1137 915 1193 relatione
934 1135 1056 1206 pulsaret
1097 1139 1143 1195 ille
1177 1137 1353 1208 permodicus
1380 1136 1525 1206 minusque
1558 1135 1697 1205 spatiosus
1715 1143 1785 1205 erat,
1807 1142 1839 1196 ut
1856 1151 1918 1195 con-

231 1233 390 1284 sanctorum
409 1227 514 1283 Bertini
532 1229 727 1297 sociorumque
742 1229 801 1297 ejus
816 1227 921 1283 eximia
936 1239 1056 1283 conver·
1097 1227 1276 1284 structionem
1295 1225 1412 1295 alicuius
1430 1225 1520 1295 magni
1543 1230 1657 1295 caperet
1675 1233 1836 1296 apparatus,
1856 1242 1918 1283 san-

231 1317 346 1374 sationis
360 1317 458 1374 crebra
478 1317 583 1388 opinio,
613 1330 677 1374 mox
696 1331 744 1374 cos
771 1317 830 1373 suis
857 1322 946 1373 astare
972 1316 1055 1385 iussit
1099 1321 1160 1372 ctos
1173 1316 1214 1370 vir
1228 1315 1276 1370 Dei
1291 1314 1417 1370 Bertinus
1431 1313 1516 1383 coepit
1530 1327 1591 1371 cum
1610 1315 1670 1369 suis
1686 1315 1741 1370 sibi
1759 1315 1920 1380 coadunatis

231 1407 439 1477 conspectibus.
459 1405 564 1474 Quibus
585 1405 669 1462 illatis
682 1420 699 1461 a
713 1419 788 1477 rege,
804 1405 846 1461 vir
864 1406 971 1461 bomini
985 1405 1053 1461 Ber·
1098 1404 1252 1462 edificandi
1282 1402 1401 1460 coenobii
1430 1403 1573 1473 aptiorem
1587 1418 1715 1474 quaerere
1739 1407 1845 1462 locum.
1869 1407 1918 1462 Sed

230 1497 305 1552 tinas
324 1502 352 1552 et
367 1496 427 1565 ejus
444 1495 514 1552 socii
533 1494 684 1552 honorifice
698 1501 763 1550 sunt
781 1496 913 1564 suscepti,
930 1499 958 1550 et
972 1493 1055 1563 longo
1096 1493 1199 1550 dictum
1228 1493 1398 1549 dominicum
1417 1493 1508 1549 animo
1537 1492 1699 1549 revolvens:
1731 1495 1799 1551 Sine
1818 1511 1861 1550 ree
1888 1495 1920 1549 eil

230 1592 354 1655 tempore
374 1586 447 1641 intra
459 1585 533 1656 regis
548 1585 677 1656 palatium
693 1598 797 1641 summa
821 1583 964 1655 diligentia
986 1584 1055 1640 sub·
1092 1581 1470 1656 potestistoeereltoea.1v,
1489 1579 1530 1652 5),
1550 1580 1675 1652 perlecto
1697 1583 1781 1654 huius
1804 1585 1920 1640 consilio

231 1673 330 1744 rogati.
361 1675 427 1730 Post
455 1673 567 1744 longum
597 1679 687 1731 66666
716 1674 849 1744 temporis
882 1672 1055 1730 intervalium
1096 1673 1146 1729 Ilei
1177 1670 1358 1743 providentia.
1374 1677 1474 1727 cuncta
1492 1671 1651 1742 disponenti
1683 1686 1744 1728 sese
1772 1687 1808 1728 ex
1832 1674 1920 1729 animo

230 1761 432 1832 prememorati
447 1762 497 1817 viri
513 1764 541 1818 s.
556 1763 740 1820 audomarum
756 1770 822 1819 tunc
836 1758 1086 1819 'tarvennensemB
1096 1763 1283 1829 committens,
1300 1761 1427 1833 protinus
1439 1761 1528 1817 navim
1554 1762 1716 1818 conscendit
1738 1763 1801 1818 sine
1824 1763 1922 1832 guber·

231 1852 393 1921 episcopum
415 1849 508 1921 (cnjus
522 1852 704 1922 compatriota
718 1857 747 1908 et
761 1853 982 1923 consanguineus
997 1856 1056 1907 erat
1096 1859 1193 1909 natare
1212 1858 1240 1908 et
1255 1851 1358 1923 remige
1373 1864 1424 1921 per
1447 1851 1597 1920 spatiosum
1624 1857 1748 1922 stagnum
1763 1853 1811 1908 cui
1831 1853 1921 1909 adbe-

231 1941 258 1995 S.
279 1938 419 2010 Bertinus)
442 1939 614 1995 adieruntnt
629 1941 654 1994 ei
669 1941 698 1995 in
712 1940 889 2010 praedicando
904 1945 1057 1997 essentco
1096 1947 1138 1998 ret
1171 1942 1333 2012 praedictum
1367 1940 1602 1997 monasteriolum.
1636 1943 1684 1997 bei
1712 1947 1821 1998 tantum
1854 1951 1920 1999 nutu

231 2028 323 2096 mites,
340 2035 476 2098 quatenus
495 2029 523 2084 in
547 2034 650 2085 aterna
671 2030 853 2086 retributione
877 2044 892 2085 a
915 2032 972 2086 Deo
995 2043 1055 2086 me·
1096 2030 1174 2086 navis
1189 2030 1330 2101 agebatur,
1350 2029 1441 2101 angeli
1469 2042 1579 2100 queque
1608 2029 1762 2086 ministerio
1792 2044 1921 2087 cerneres

231 2123 358 2173 recenter
389 2117 448 2173 deri
476 2117 590 2188 aqualis
622 2119 718 2189 gloria
747 2120 906 2190 participes.
940 2121 1056 2176 moetus
1097 2120 1216 2177 carinam
1245 2124 1342 2175 contra
1372 2119 1474 2174 duenta
1502 2117 1653 2189 praecipitis
1680 2118 1755 2175 duvii
1784 2120 1919 2192 impingi,
1955 2154 1962 2167 ·

230 2220 296 2262 vero
314 2206 486 2262 audomarus
514 2207 625 2262 eosdem
655 2208 703 2264 Dei
731 2206 848 2265 lamulos
871 2209 993 2280 gratidce
1013 2223 1056 2266 re·
1096 2220 1240 2278 quousque
1273 2213 1367 2278 aptum
1399 2207 1519 2264 tenendo
1548 2213 1657 2277 portum
1686 2207 1868 2276 consisteret,
1896 2217 1921 2266 et

230 2296 347 2366 cipiens,
363 2295 547 2365 omnipotenti
563 2297 620 2352 ileo
637 2297 740 2367 gratias
754 2298 821 2369 egit,
844 2299 892 2368 qui
917 2298 987 2354 tales
1001 2299 1055 2355 sibi
1095 2296 1260 2353 venerabilis
1274 2297 1316 2352 vir
1332 2297 1460 2354 bertinus
1478 2297 1552 2353 hunc
1571 2295 1736 2372 versiculum
1759 2311 1798 2353 ex
1825 2299 1921 2355 ordine

230 2385 263 2440 ad
281 2383 489 2454 predicandum
517 2385 693 2456 Evangelinm
712 2386 854 2456 adjutores
871 2387 956 2443 misit.
972 2389 1055 2443 Erant
1096 2384 1234 2441 decantati
1253 2385 1378 2455 psalterii
1403 2392 1560 2456 promeret:
1590 2387 1655 2442 lieo
1680 2387 1786 2458 requies
1810 2403 1871 2442 meo
1898 2389 1923 2442 ia

231 2473 347 2529 enimin
367 2473 421 2530 lide
447 2473 562 2543 perlecti
586 2475 731 2542 catholica,
759 2483 786 2532 et
807 2477 837 2532 in
861 2476 1056 2532 ecciesiasticis
1094 2473 1216 2530 seculum
1231 2473 1331 2542 coculi,
1347 2473 1389 2529 hic
1402 2473 1525 2530 habitabo
1540 2475 1661 2546 quoniam
1679 2473 1746 2544 alepi
1764 2490 1826 2530 eum
1841 2474 1922 2546 (Psoi.

231 2563 387 2633 disciplinis
406 2569 489 2633 atque
511 2563 540 2618 in
555 2563 647 2620 divina
675 2566 817 2635 Scriptura
845 2565 957 2622 eruditi.
987 2566 1057 2622 Sub·
1097 2577 1186 2631 cnm,
1209 2561 1261 2629 14).
1276 2565 1452 2634 cognoscens
1471 2563 1589 2634 igitura
1613 2564 1728 2619 Domino
1752 2563 1809 2620 sibi
1832 2564 1922 2621 locun

230 2651 309 2706 ibant
322 2651 408 2722 igitur
420 2650 541 2707 cilicium
560 2651 706 2723 legationis
725 2667 782 2709 sna
807 2653 901 2711 labore
924 2653 1058 2724 predica·
1095 2651 1172 2707 illum
1201 2650 1340 2719 electum,
1369 2651 1428 2708 sine
1458 2665 1533 2708 mora
1562 2651 1651 2707 navim
1676 2651 1852 2722 relinquens,
1868 2669 1923 2710 mo-

233 2739 319 2796 tionis
333 2738 483 2796 continuae.
1095 2741 1245 2798 nestorium
1278 2742 1389 2798 nomine
1417 2740 1506 2798 Sittio
1533 2742 1562 2797 in
1595 2739 1692 2798 eodem
1720 2741 1784 2799 luco
1817 2743 1847 2799 in
1876 2745 1923 2800 Dei
2005 2807 2006 2822 χ

439 2830 504 2885 Car.
520 2829 556 2884 lll
578 2829 696 2886 traditio
710 2828 850 2886 Adrootde'.
1095 2830 1207 2887 nomine
1222 2835 1251 2886 et
1264 2821 1293 2887 in
1307 2831 1414 2887 honore
1437 2829 1464 2886 S.
1490 2831 1565 2887 Petri
1579 2830 1716 2888 aedificare
1736 2833 1835 2902 coepit.
1851 2834 1922 2890 Con·
2005 2827 2006 2910 J

265 2915 292 2974 5.
311 2915 344 2987 (2)
365 2917 473 2972 Interea
491 2917 602 2989 quidam
621 2919 664 2974 vir
690 2919 793 2976 nobilis
812 2918 890 2975 valde
919 2918 1055 2989 predives
1094 2919 1244 2976 liuentibus
1272 2917 1395 2990 undique
1423 2919 1561 2991 religiosis
1591 2921 1657 2976 viris
1683 2921 1755 2976 intra
1780 2921 1921 2978 modicum
2005 2951 2006 2976 ι

229 3018 323 3074 6666,
356 3004 511 3062 hdroaldus
539 3007 660 3075 nomine,
691 3007 796 3064 nullum
824 3008 929 3063 babens
947 3007 1070 3078 tilium,=
1095 3012 1212 3079 tempus,
1241 3008 1446 3066 multitudinem
1472 3009 1679 3076 monachorum,
1708 3009 1843 3066 mochoes
1862 3025 1922 3066 cen
2005 3037 2006 3046 ι

229 3097 347 3148 tractare
362 3106 424 3148 cum
439 3095 469 3149 B.
485 3094 641 3151 audomaro
661 3101 689 3152 et
713 3096 854 3166 predictis
878 3097 926 3152 Dei
944 3081 1150 3154 lanulisCtnno
1188 3098 1386 3169 qninquaginta
1425 3098 1468 3171 (7)
1507 3099 1680 3165 coadunavit,
1719 3113 1782 3156 eum
1821 3101 1922 3170 quibos
2005 3115 2006 3136 ι

230 3180 325 3250 coepit,
342 3180 462 3251 qualiter
481 3183 686 3251 posscssionum
705 3198 816 3239 suarum
835 3184 979 3240 ecclesiam
998 3185 1054 3242 hae·
1093 3185 1186 3241 multis
1212 3187 1240 3241 in
1274 3187 1322 3242 bei
1354 3187 1466 3243 servitio
1499 3187 1604 3243 vixerat
1635 3187 1724 3254 annis,
1756 3189 1922 3260 turbamque

228 3269 322 3326 redem
351 3268 465 3326 laceret.
492 3273 577 3338 Quem
603 3274 634 3327 B.
667 3270 863 3341 audomarus,
899 3274 1052 3344 inspirante
1093 3275 1145 3330 sibi
1161 3289 1177 3331 a
1191 3275 1306 3332 Domino
1326 3276 1459 3334 creditam
1483 3276 1533 3332 sub
1553 3276 1680 3333 districto
1706 3290 1795 3333 sacrae
1819 3281 1923 3350 regula

227 3359 314 3430 gratia
337 3358 456 3429 Spiritus
481 3360 580 3428 66666,
607 3360 734 3417 hortatus
757 3367 800 3416 est
825 3368 855 3418 ut
883 3364 910 3419 S.
941 3365 1051 3421 bertino
1089 3363 1156 3434 iugo
1168 3369 1259 3420 mente
1274 3363 1393 3420 sollicita
1403 3363 1518 3436 pervigil
1529 3361 1703 3422 custodiebat
1713 3371 1822 3435 pastor,
1832 3369 1926 3424 sciens

227 3449 367 3517 sociisque
383 3449 443 3518 ejus
462 3449 670 3518 prenominatis
685 3465 802 3521 quaeque
821 3451 924 3509 babere
944 3461 1052 3524 ptomrat
1092 3451 1167 3522 quod
1182 3453 1316 3522 scriptum
1332 3459 1374 3510 cst
1394 3451 1433 3526 (S.
1455 3454 1556 3510 Benen.
1581 3469 1638 3524 rep.
1663 3469 1689 3510 c.
1714 3453 1760 3525 2l:
1787 3457 1839 3512 Cui
1865 3459 1925 3528 plus

227 3536 385 3605 conterret,
415 3543 551 3608 quatenus
578 3539 682 3596 ibidem
711 3540 868 3596 coenobium
887 3542 915 3597 in
946 3543 1052 3600 bonore
1093 3541 1285 3611 committitur,
1319 3541 1382 3612 plus
1410 3543 1444 3597 ab
1472 3555 1506 3599 eo
1534 3544 1653 3614 exigitur
1680 3542 1753 3615 (Luc.
1783 3560 1835 3610 xn,
1866 3547 1923 3616 46).

226 3627 256 3682 Β.
273 3627 348 3683 Petri
364 3627 498 3698 principis
516 3629 705 3699 apostolorum
729 3631 927 3700 construendo,
944 3632 1050 3688 turbam
1096 3630 1187 3686 Beatis
1201 3629 1274 3686 enim
1289 3631 1338 3688 bei
1357 3629 1465 3686 tumulis
1479 3632 1530 3688 sub
1549 3646 1599 3687 sua
1617 3645 1683 3688 cura
1702 3632 1925 3692 consistentibus

226 3717 423 3774 monachornm
462 3731 518 3773 non
555 3719 691 3776 modicam
729 3719 927 3776 coadunarent.
974 3723 1052 3789 Quod
1092 3719 1234 3776 bominioa
1253 3723 1335 3789 atque
1355 3719 1507 3790 apostolica
1521 3719 1700 3790 praedicando
1716 3721 1862 3792 mandata,
1877 3739 1923 3780 sna

224 3805 381 3863 adroaldus
400 3813 538 3878 prasente
557 3809 587 3864 B.
616 3808 772 3866 dodonaeo
802 3810 964 3880 cunctisque
984 3825 1051 3881 pro·
1092 3807 1217 3877 quotidie
1246 3808 1371 3864 districta
1400 3808 1608 3866 conversatione
1637 3822 1669 3864 ac
1688 3809 1833 3880 religiosis
1856 3813 1923 3869 acti-

226 3895 337 3951 ceribns
368 3895 446 3952 urbis
479 3897 627 3953 Tarvenna
659 3911 757 3969 magna
785 3899 879 3955 cordis
909 3899 1051 3957 alacritate
1091 3897 1144 3953 bos
1172 3911 1300 3970 magnum
1332 3896 1403 3953 bene
1430 3897 1539 3954 vivendi
1568 3898 1710 3968 prebebat
1739 3902 1919 3972 exemplum,

226 3981 384 4053 complevit,
402 3982 514 4038 tradens
541 3985 632 4040 villam
660 4001 717 4043 sure
743 3988 922 4057 proprietatis
946 4002 1052 4046 nuncu·
1093 3986 1211 4056 implens
1231 3986 1306 4057 quod
1326 3987 1459 4057 scriptum
1487 3993 1548 4042 cst:
1577 3988 1625 4044 Sic
1643 3987 1729 4044 luceat
1755 3987 1806 4044 lue
1833 3995 1920 4046 aestro

227 4077 317 4141 petam
333 4070 431 4139 Sittio,
447 4085 520 4128 anno
544 4074 578 4128 ab
593 4075 784 4136 lncarnatioue
801 4076 908 4132 bonoim
937 4091 1052 4135 seneen·
1092 4091 1182 4132 coram
1210 4075 1365 4145 bominibus,
1398 4080 1427 4132 et
1455 4075 1559 4132 videant
1578 4076 1647 4133 tomo
1674 4092 1756 4148 opero
1781 4085 1871 4136 resae
1898 4087 1921 4135 et

227 4160 326 4218 tesimo
341 4160 472 4230 vigesimo
497 4167 575 4218 sexto
597 4161 654 4233 (3),
683 4177 756 4220 anno
785 4171 875 4221 autem
904 4165 1050 4226 undecimo
1095 4163 1239 4236 glorificem
1252 4167 1358 4221 Patrem
1371 4170 1482 4221 cestreton
1498 4163 1608 4236 (halet.
1634 4180 1663 4235 v,
1691 4166 1744 4238 16),
1764 4181 1803 4224 66
1825 4183 1922 4225 secun

226 4250 303 4322 regni
318 4249 479 4320 chlodovei,
495 4249 544 4306 dlii
563 4251 720 4322 dagoberti,
735 4260 832 4310 octavo
846 4255 911 4311 idus
929 4257 1052 4326 Septem·
1094 4255 1159 4311 dum
1192 4253 1338 4324 apostolici
1371 4259 1540 4324 praeceptum
1567 4253 1630 4310 aliis
1658 4255 1827 4326 predicans,
1863 4259 1920 4328 ipse

224 4340 293 4396 bris.
314 4341 344 4396 ln
360 4339 502 4396 territorio
521 4340 606 4412 igitur
630 4343 750 4412 quodam
779 4343 867 4416 ipsius
894 4345 966 4402 villa
993 4361 1051 4404 mo-
1093 4343 1230 4414 reprobas
1257 4343 1437 4401 inveniretur.
1457 4345 1514 4400 Nee
1533 4343 1658 4413 deerant,
1688 4345 1858 4414 providente
1874 4350 1921 4404 lto

224 4429 373 4486 nestorium
412 4429 548 4485 aedificare
585 4437 739 4502 coeperunt,
778 4434 825 4504 qui
853 4433 931 4492 locus
963 4404 1176 4507 usqucDmino,
1191 4432 1254 4488 vite
1269 4445 1364 4488 eorum
1384 4431 1551 4488 necessaria.
1566 4431 1669 4489 aiones
1684 4435 1762 4490 enim
1773 4443 1804 4492 et
1817 4437 1919 4508 quique

225 4517 310 4575 bodie
325 4519 409 4573 vetus
423 4523 537 4574 vocatur
551 4522 758 4579 monasterium.
1090 4521 1198 4578 nobiles
1212 4520 1321 4578 Christo
1340 4521 1433 4578 devoti
1447 4522 1508 4591 ejus
1522 4520 1709 4578 admonitione
1730 4529 1757 4580 et
1776 4523 1919 4592 doctrina,

275 4641 291 4694 2
321 4643 359 4698 be
377 4641 463 4698 v‘erbo
483 4657 517 4698 ex
532 4642 682 4712 antiquiori
697 4647 851 4716 anonymo.
1089 4642 1114 4700 lo
1133 4658 1226 4699 aomar
1256 4643 1449 4712 aactmtibue,
1482 4643 1542 4700 laec
1573 4644 1641 4700 6666
1673 4644 1746 4701 loeus
1768 4649 1800 4702 ie
1826 4647 1918 4703 milo

276 4713 293 4766 3
323 4712 475 4783 Folquinus
493 4715 523 4770 in
545 4715 660 4782 Ghron„
686 4714 735 4772 lib.
760 4733 779 4786 1,
813 4732 875 4788 cap.
898 4718 926 4786 2,
951 4717 1048 4776 scribit
1089 4731 1119 4772 co
1172 4715 1238 4770 edm
1260 4716 1364 4786 ponium
1387 4715 1535 4784 Apameam
1556 4731 1614 4772 cum
1632 4717 1707 4789 equis
1729 4717 1916 4788 potamon,

225 4798 298 4841 anno
316 4784 344 4837 ll
366 4785 509 4851 Ludovici,
534 4786 636 4842 Christi
665 4787 727 4853 645,
754 4790 857 4845 rectius
885 4789 1046 4859 6666648,
1088 4785 1162 4842 illico
1184 4785 1277 4842 oileum
1304 4786 1388 4855 hapa
1414 4787 1644 4858 supereminentem
1671 4787 1748 4844 babet
1778 4791 1916 4847 tractibus.

225 4863 271 4912 aut
289 4856 457 4926 insequenti,
477 4857 521 4911 eui
541 4857 796 4914 Chlodoveiaanus
817 4860 977 4917 undecimus
996 4862 1047 4917 illi·
1089 4859 1116 4913 S.
1151 4858 1268 4913 Thomas
1297 4859 1502 4914 Cantuariensis
1534 4858 1761 4930 archiepiscopus
1818 4865 1916 4917 atrium

224 4928 450 4998 galurllujusee
470 4928 510 4982 rei
534 4927 655 4998 diploma
680 4931 714 4985 ab
733 4931 872 4987 adroaldo
891 4931 1048 4988 conlectam
1089 4927 1176 4985 solum
1207 4935 1314 4985 vertere
1346 4935 1468 4996 coactus,
1498 4929 1601 4985 diditur
1632 4931 1740 4986 venisse
1843 4937 1917 4988 l'etm

224 5004 313 5054 enstm
337 4999 410 5068 apud
424 4999 557 5065 mireum,
575 5015 635 5070 cap.
656 5000 691 5068 3;
720 5004 817 5058 bonet.
839 5003 1049 5072 6666661666-
1088 5001 1282 5068 monesterium,
1310 5001 1484 5056 erembertum
1511 5002 1641 5070 quondam
1672 5001 1784 5072 ebriosi
1812 5010 1917 5074 coepes-

224 5084 285 5126 nem
300 5069 419 5140 opertum
438 5070 686 5134 aecumaecui
710 5072 739 5130 ιιι
765 5075 824 5130 vua
851 5075 879 5130 s.
897 5075 1046 5133 audomare
1087 5072 1339 5138 camaeleonti
1355 5079 1474 5142 potas
1489 5071 1549 5128 oves
1563 5073 1693 5140 introeam
1710 5080 1738 5128 et
1753 5073 1802 5131 ore
1816 5085 1916 5146 quaro

223 5139 258 5197 ad
277 5155 341 5196 ann.
358 5141 410 5196 657
426 5141 638 5199 observavimus.
1088 5144 1117 5198 in
1136 5143 1316 5199 sithivensem
1335 5143 1471 5200 abbatiam
1490 5157 1519 5198 se
1535 5145 1682 5216 recepisse,
1704 5145 1778 5214 apud
1796 5149 1915 5218 iperium

275 5212 304 5283 4)
322 5215 360 5268 Eu
378 5213 528 5283 antiquiori
541 5217 694 5286 anonymo.
1088 5228 1149 5284 cap.
1165 5214 1210 5280 44,
1227 5223 1304 5285 parte
1320 5230 1350 5271 n.
1371 5215 1448 5272 Nunc
1471 5215 1548 5270 vicus
1566 5215 1594 5271 S.
1619 5216 1808 5285 llommoleni,
1835 5221 1916 5288 vulgo

275 5285 305 5354 6)
319 5286 377 5340 Non
392 5285 520 5350 boherio,
538 5286 586 5341 sed
603 5287 631 5341 B.
648 5286 737 5358 Eligio
752 5287 780 5342 in
794 5287 888 5343 sedem
902 5289 1047 5345 Novioma·
1087 5285 1331 5342 Sciret-Mommolr'e
1357 5286 1531 5357 appellatur,
1556 5300 1611 5343 uno
1637 5287 1737 5343 miliari
1763 5289 1801 5344 ab
1824 5289 1915 5346 6666

222 5369 307 5424 gense
325 5356 460 5413 successit
480 5357 681 5426 blummolinus,
706 5363 737 5414 ut
760 5359 789 5414 in
813 5360 873 5415 Vita
897 5361 925 5416 S.
949 5360 1045 5418 hudo·
1088 5357 1234 5426 maropoli.

223 5427 476 5484 mariadnotatum.
1124 5428 1158 5496 (7)
1181 5427 1326 5499 Exemplar
1354 5428 1548 5486 cistertiadum
1577 5428 1660 5486 babet
1692 5427 1820 5488 6666666
1852 5432 1912 5502 sre-

258 5495 305 5578 (6)
338 5500 479 5555 hunorum
511 5513 655 5558 numerum
687 5499 761 5557 baud
790 5500 918 5570 exprimit
950 5507 1047 5560 auctor
1087 5503 1151 5556 trec.

223 5580 346 5639 pnmus;
370 5569 431 5626 bac
453 5584 518 5626 vero
536 5569 629 5628 addit:
662 5573 696 5629 et
720 5573 788 5630 emim
815 5573 893 5632 atum
918 5572 977 5642 ejus
997 5573 1047 5632 loci
