4024 6174
90 286 137 343 sca
738 281 780 340 on
799 281 905 342 netto
925 281 1097 340 saxonico.
1704 298 1756 358 554

90 421 125 469 rat
138 408 360 482 promissionibus
379 407 536 478 singillatim
553 409 711 478 praemissis,
732 409 890 480 eligeretur,
904 409 1116 490 t.ctt‚‚curiates
1136 411 1255 466 inermes
1281 413 1424 470 incurrunt
1438 418 1545 484 armati.
1558 429 1586 477 et
1604 427 1706 484 multos
1724 445 1757 488 ex

89 507 137 574 ipsa
147 501 241 558 electio
252 497 494 564 uonSincera,sed
504 498 892 557 haresissimoniacaeveneno
936 500 977 555 eis
990 499 1091 555 acriter
1106 499 1325 570 vulneraverunt,
1352 503 1460 574 aliquos
1475 508 1556 565 etiam
1581 515 1754 575 occiderunt.

90 591 181 662 polluta
195 589 342 644 uideretur.
353 587 453 642 Tamen
467 586 591 656 quaedam
606 593 670 644 sunt
681 587 718 643 ibi
733 602 823 646 causae
834 603 894 658 spe
936 589 1001 644 Nam
1017 603 1091 644 arma
1110 590 1254 646 curialium
1268 592 1297 647 in
1316 593 1444 663 hospitiis
1458 597 1601 669 derelicta,
1622 602 1686 660 dum
1703 607 1756 676 ipsi

87 679 183 734 cialiter
200 683 332 747 exceptae,
349 689 426 746 quas,
447 676 510 746 quia
530 676 631 745 iniuste
645 677 796 747 riguerant,
812 676 897 732 debe·
936 677 1010 733 circa
1024 691 1115 748 regem
1137 677 1296 748 trequentes
1315 692 1416 751 essent,
1437 685 1535 742 urbani
1555 693 1756 764 praeripuerant

89 775 123 824 ret
136 765 297 831 errrendare;
313 765 421 821 scilicet
436 771 465 820 ut
478 765 654 835 episcopatus
669 779 724 821 raon
740 779 789 835 pro
805 765 895 836 pretio
937 772 964 821 et
983 780 1018 821 ne
1032 767 1083 835 illi,
1099 782 1215 836 quorum
1231 774 1319 836 erant,
1336 786 1368 827 ea
1382 776 1504 832 invenire
1519 790 1631 848 possent
1654 785 1756 842 elleee.

88 873 131 914 nec
149 871 196 926 pro
215 855 335 912 amicitia
359 855 447 918 daret,
467 854 515 910 sed
536 855 685 926 unicuique
710 855 836 912 ecclesiae
860 856 895 912 do
938 863 1007 910 rant.
1025 856 1083 910 liert
1102 857 1165 912 talia
1181 857 1286 924 uidens,
1307 860 1415 917 nolebat
1432 879 1462 920 se
1486 871 1609 935 periculo
1632 874 1709 942 dare,
1729 883 1757 931 et

86 949 136 1003 suis
159 946 333 1011 electionem,
353 945 426 1000 sicut
445 944 544 1014 jubent
562 957 692 1010 canones,
714 945 894 1014 permitteret.
939 945 979 1000 vel
994 958 1060 1000 snos
1074 945 1181 1015 eripere
1197 948 1237 1003 vel
1250 963 1311 1003 cum
1331 952 1372 1005 eis
1394 954 1474 1010 simui
1499 962 1682 1028 occumbere;
1707 965 1755 1020 sed

86 1039 136 1093 lloe
167 1035 247 1091 etiam
275 1035 314 1090 ibi
343 1047 479 1089 consensu
514 1033 651 1088 communi
677 1035 895 1104 comprobatum,
939 1033 1072 1104 quicirca
1088 1048 1148 1089 eurn
1163 1040 1252 1102 eraut,
1274 1045 1359 1094 totum
1384 1041 1457 1099 hunc
1476 1047 1620 1106 tumultum
1644 1061 1759 1123 propter

52 1143 55 1150 ’
85 1126 190 1182 hortari
211 1123 350 1194 pontilicis
377 1123 541 1178 auctoritaie
561 1131 602 1178 est
626 1124 846 1191 corroboratum,
868 1132 898 1181 nt
939 1137 1000 1178 eum
1020 1121 1102 1178 luisse
1122 1121 1261 1194 inceptum
1280 1141 1478 1199 cognoverunt,
1499 1144 1527 1191 et
1549 1139 1613 1195 ideo
1638 1156 1699 1198 enm
1724 1145 1758 1201 de

85 1216 151 1285 regia
170 1220 293 1284 potestas
308 1211 376 1268 nrtlli
396 1225 445 1282 per
458 1211 658 1280 haereditatem,
678 1213 750 1268 sicut
765 1219 828 1270 ante
848 1214 899 1271 luit
940 1212 1041 1282 palatio
1069 1211 1101 1244 ”⁸
1124 1212 1293 1270 descendere
1312 1229 1366 1272 uon
1390 1224 1583 1288 permiserunt.
1608 1231 1762 1289 contraxe-

85 1303 259 1367 consuetudo,
280 1301 402 1368 cederet,
418 1301 466 1356 sed
487 1301 559 1356 lilius
573 1301 655 1372 regis,
677 1302 758 1357 etiarn
778 1305 800 1358 si
821 1304 898 1360 valde
941 1311 1003 1357 runt
1019 1315 1085 1372 ergo
1108 1317 1138 1356 se
1161 1303 1280 1358 curiales
1299 1310 1327 1360 et
1350 1309 1440 1364 omnis
1462 1315 1600 1372 exercitus
1620 1319 1647 1373 in
1672 1323 1761 1390 majo·

84 1393 175 1464 lignus
194 1398 279 1456 esset,
297 1390 388 1459 potius
411 1389 443 1420 ⁸⁸¹
462 1404 512 1460 per
535 1390 698 1446 electionem
720 1401 898 1462 spontaneam
943 1405 999 1447 rem
1013 1391 1156 1446 ecclesiam
1173 1391 1265 1448 Sancti
1280 1395 1399 1462 Martini,
1415 1400 1496 1454 olibi
1511 1404 1680 1476 conglobati,
1697 1424 1764 1467 con·

83 1496 156 1551 quam
191 1495 241 1550 per
270 1479 455 1535 successionis
483 1479 582 1535 lineam
611 1493 659 1536 rex
679 1482 855 1550 proveniret;
876 1482 900 1538 si
942 1481 1012 1536 siliis
1039 1480 1177 1550 armisque
1205 1483 1313 1549 muniti,
1340 1485 1432 1543 subito
1453 1503 1514 1546 cum
1539 1507 1638 1566 magno
1659 1498 1763 1570 impetu

84 1585 141 1626 cero
156 1583 220 1648 non
232 1575 307 1624 esset
326 1568 426 1639 dignus
439 1568 513 1638 rogis
532 1568 613 1633 lilius,
634 1569 676 1624 sel
695 1571 718 1624 si
737 1571 824 1626 nollet
839 1585 900 1627 enm
943 1569 1079 1636 exierunt,
1100 1577 1128 1624 et
1156 1570 1277 1626 urbanos
1294 1579 1341 1626 aut
1365 1577 1528 1635 occiderunt
1552 1592 1599 1638 aut
1618 1596 1762 1655 ceperunt,

84 1660 206 1730 populus,
227 1673 310 1728 quern
334 1671 424 1728 regem
439 1653 529 1714 lacere
549 1657 631 1712 uellet
645 1658 765 1714 haberet¹
777 1661 805 1715 in
824 1667 902 1731 pote·
946 1666 1046 1727 prater
1060 1672 1109 1714 eos
1127 1658 1175 1727 qui
1190 1656 1260 1729 tuga
1279 1674 1308 1716 se
1328 1662 1482 1728 credentes,
1500 1667 1598 1726 timore
1618 1675 1766 1739 pernicita-

83 1755 147 1804 state
162 1747 293 1818 populus.
309 1745 358 1802 llis
372 1745 500 1801 omnibus
514 1745 640 1814 legaliter
659 1749 826 1816 constitutis,
848 1735 1000 1804 tto-Btem
1021 1747 1161 1814 praebente
1185 1747 1312 1803 abierunt
1335 1751 1476 1808 velociter.
1501 1757 1530 1810 ln
1556 1761 1676 1816 crastino
1701 1775 1766 1817 vero

83 1836 181 1892 dullum
207 1837 326 1892 electum
346 1849 438 1905 regem
463 1835 645 1904 blogontinam
669 1835 701 1866 ***
724 1851 785 1892 cum
805 1851 903 1908 magno
945 1848 1041 1890 omnes
1059 1849 1093 1889 ex
1108 1836 1175 1890 urbe
1191 1838 1308 1906 majores
1322 1847 1384 1894 ante
1409 1855 1499 1912 regem
1524 1848 1665 1916 supplices
1685 1863 1768 1905 vene-

84 1925 184 1981 houore
204 1925 359 1992 deducunt,
383 1931 412 1980 et
432 1923 457 1979 ei
480 1925 544 1979 dum
569 1925 804 1981 cottsemationern
832 1928 905 1998 regis
946 1931 1019 1988 curat,
1036 1931 1064 1978 et
1077 1922 1112 1977 de
1127 1923 1229 1979 malitia
1244 1940 1324 1994 quam
1343 1926 1475 1996 lacerant,
1492 1935 1627 2004 supplicia
1642 1951 1704 2007 quae
1719 1951 1768 1992 rex

82 2014 246 2083 accipiebat,
268 2012 463 2068 venerabiliter
481 2019 509 2067 et
526 2010 646 2080 lortiter,
671 2013 743 2070 sient
768 2029 831 2071 rnoa
854 2030 904 2086 ap·
946 2011 1056 2068 uolebat
1073 2012 1199 2081 accipere
1222 2015 1369 2080 dederunt,
1394 2026 1422 2072 et
1445 2028 1475 2075 ut
1493 2024 1608 2090 posthac
1632 2027 1770 2096 imperpe-

84 2103 204 2168 parebat,
241 2103 381 2158 assistunt.
412 2103 595 2158 Gotrsecratnr
621 2107 712 2158 autem
741 2101 906 2174 asigilrido
946 2107 1022 2158 tuum
1042 2099 1138 2156 lideles
1157 2102 1346 2169 eimanerent,
1360 2107 1530 2175 juraverunt.

81 2191 248 2260 llagoutinae
280 2190 398 2246 ciritatis
426 2189 648 2260 archiepiscopo,
678 2191 861 2260 presentibus
880 2195 908 2247 et
983 2189 1027 2242 93.
1048 2189 1100 2244 sed
1121 2202 1170 2244 rex
1189 2203 1244 2246 tion
1263 2191 1368 2248 habens
1394 2197 1545 2265 ebidem,
1575 2201 1712 2258 ciuitatem
1731 2203 1773 2258 di·

80 2278 277 2349 adjuuantibus
291 2280 352 2335 aliis
367 2278 576 2348 quamplurimis
596 2291 669 2334 anno
693 2280 801 2336 Domini
829 2278 907 2346 1077,
949 2277 1033 2343 misit,
1049 2281 1077 2331 et
1092 2276 1125 2331 ad
1142 2278 1245 2334 Suevos
1257 2280 1344 2346 abiit;
1360 2281 1455 2352 ibique
1475 2299 1569 2354 parum
1589 2296 1721 2355 moratns,
1737 2290 1771 2346 ad

80 2366 170 2422 ilial.
191 2367 308 2436 Aprilis.
948 2365 1092 2422 saxoniam
1122 2367 1256 2422 transivit.
1286 2371 1352 2424 llam
1385 2373 1534 2432 bominica
1562 2379 1774 2435 resurrectionis

111 2455 159 2510 92.
179 2458 248 2525 lpso
267 2469 332 2511 vero
347 2454 392 2510 die
411 2454 629 2512 consecrationis
644 2455 704 2524 ejus
724 2468 793 2524 pene
817 2455 909 2511 conti·
949 2453 1096 2510 festivitate
1124 2453 1157 2486 ⁸⁸⁸
1184 2456 1257 2524 apud
1285 2460 1433 2528 augustam
1457 2462 1595 2520 civitatem
1623 2465 1773 2532 celebrata,

77 2544 115 2614 git
131 2543 328 2599 miserandum
347 2540 463 2608 lacinus,
480 2550 510 2597 ut
525 2542 603 2598 lieret
626 2541 686 2598 dies
709 2557 780 2598 unus
804 2544 910 2613 prinoi-
951 2544 978 2598 iu
999 2544 1181 2599 Pentecosten
1195 2544 1229 2598 ad
1245 2545 1387 2616 Erpeslort
1402 2550 1486 2618 teuit,
1502 2559 1530 2608 et
1543 2554 1607 2611 inde
1622 2568 1677 2612 non
1693 2567 1775 2624 parra

77 2636 155 2703 pium
173 2639 205 2688 et
221 2632 286 2688 linis
299 2631 376 2703 regni
392 2631 488 2702 ipsius,
504 2635 532 2687 et
550 2630 584 2687 de
600 2644 633 2687 ec
657 2645 720 2686 vere
735 2631 822 2702 possit
836 2631 912 2688 nasci
951 2631 1088 2686 &aonam
1107 2631 1282 2689 multitudine
1302 2649 1363 2691 cum
1390 2639 1474 2708 regali
1499 2640 1605 2698 bonore
1629 2643 1774 2708 deductus,

78 2722 277 2791 proverbium,
294 2722 358 2790 qnia
383 2729 436 2776 tam
462 2713 525 2791 vigil
547 2735 595 2776 rex
618 2728 702 2786 esset,
726 2726 755 2776 ut
774 2722 802 2776 in
826 2733 912 2790 regno
952 2713 1140 2783 apostolorum
1173 2717 1326 2786 principum
1361 2722 1539 2792 principalem
1572 2726 1604 2758 ***
1636 2728 1665 2782 iu
1706 2727 1775 2784 nrbe

76 2825 124 2866 suo
145 2822 304 2878 ununquam
329 2808 443 2864 uidisset
462 2822 596 2864 somnum.
621 2809 743 2878 namque
768 2822 828 2864 cum
853 2809 912 2878 ipsa
952 2803 1171 2872 ilersebnrgensi
1186 2804 1331 2862 devotione
1346 2810 1430 2864 multa
1446 2811 1604 2870 celebravit.
1630 2819 1689 2882 Quo
1712 2829 1774 2871 cum

78 2899 119 2955 die
134 2913 200 2969 epus
217 2898 360 2953 unctionis
379 2897 407 2952 in
427 2897 541 2952 introitu
566 2899 656 2952 missa
681 2897 843 2952 invitaretur
861 2896 912 2952 snb
953 2891 987 2946 de
1003 2885 1110 2946 cunctis
1133 2893 1259 2949 saxonia
1285 2896 1409 2964 partibus
1427 2901 1545 2968 majores
1570 2909 1598 2957 et
1621 2904 1775 2960 mediocres

77 2989 188 3044 trontine
210 2985 362 3042 ierusalem
377 2990 435 3042 tota
450 2985 570 3041 lldelium
588 2985 707 3042 ecclesia
727 2984 760 3040 ad
786 2983 910 3040 laetitiam
952 2980 1155 3046 adinvenissent,
1172 2984 1413 3051 regemquesicnt
1427 3001 1442 3041 a
1458 2989 1631 3061 principibus
1645 3000 1704 3047 erat
1719 2993 1776 3049 ele-

77 3057 262 3145 spii-itualem,
302 3081 330 3132 et
362 3075 425 3134 inde
453 3075 553 3130 habeat
575 3074 665 3130 omnis
696 3072 753 3130 lere
780 3059 1022 3138 ecclesiaticus,
1044 3069 1208 3124 unanimiter
1230 3070 1258 3124 in
1284 3084 1369 3142 regno
1392 3076 1611 3146 confirmassent,
1636 3080 1706 3136 dixit
1725 3095 1773 3136 rex

77 3167 155 3220 ctiam
181 3167 213 3220 in
236 3163 376 3235 religiosis
399 3164 534 3232 personis,
560 3163 621 3233 ipso
643 3162 688 3218 die
713 3161 828 3217 ludendi
853 3175 908 3218 nou
951 3155 1003 3212 sihi
1019 3170 1074 3212 1¹0ss
1090 3157 1176 3212 villeri
1192 3158 1294 3214 defletis
1309 3160 1350 3215 vel
1370 3163 1448 3230 dille,
1465 3165 1586 3224 Saxones
1601 3170 1679 3238 quasi
1692 3170 1773 3240 plena

77 3254 264 3322 spernendam
284 3251 531 3309 consuetudinem:
554 3251 671 3322 prandio
694 3252 757 3307 novi
783 3251 857 3322 regis
881 3249 910 3306 ll-
952 3259 1018 3315 pace
1040 3248 1143 3315 potitos
1162 3247 1236 3302 domi
1266 3249 1375 3318 quietos
1404 3253 1520 3322 sedere;
1549 3259 1690 3328 suasitque
1719 3259 1776 3315 illis
1836 3303 1840 3311 .

77 3343 141 3409 pcto,
169 3345 295 3413 juvenes
323 3341 383 3411 ejus
405 3341 438 3395 an
468 3341 561 3397 lunum
589 3355 689 3396 venece
715 3353 907 3406 communem,
952 3338 991 3400 ut,
1006 3334 1129 3390 exercitu
1141 3335 1270 3400 collecto,
1281 3336 1398 3395 hostiles
1413 3341 1485 3397 ultro
1496 3353 1588 3411 partes
1602 3345 1774 3412 invaderent,

78 3445 181 3486 causam
214 3430 255 3486 ob
291 3429 439 3499 duplicem,
469 3444 530 3484 cum
557 3430 640 3500 regiae
669 3427 908 3492 consecrationis,
952 3423 1081 3492 quatinus
1102 3422 1206 3494 aliquid
1232 3423 1341 3480 lortiter
1368 3428 1486 3496 agendo,
1511 3438 1572 3484 eta
1596 3445 1626 3486 se
1650 3431 1776 3498 desidiae,

78 3527 130 3575 tum
148 3520 181 3552 ⁸⁸⁸
206 3520 301 3590 magis
328 3520 450 3588 antiquae
474 3515 693 3574 consuetudinis.
716 3517 817 3573 Urbem
844 3529 910 3571 vero
952 3524 1004 3579 qua
1025 3512 1112 3567 notati
1127 3517 1216 3576 erant,
1233 3519 1323 3566 nomm
1339 3510 1373 3542 ⁸³⁸
1387 3514 1549 3582 abjicerent,
1570 3523 1598 3571 et
1620 3517 1705 3583 hosti,
1730 3517 1778 3588 qul

78 3609 201 3666 ridentes
217 3609 298 3664 hunc
317 3608 421 3672 ludum,
436 3607 465 3662 in
485 3607 625 3662 crudelem
645 3613 710 3661 sunt
734 3606 844 3661 accensi
863 3619 910 3659 ze·
953 3597 986 3653 de
1006 3599 1120 3654 victorii
1144 3600 1281 3667 superbus
1304 3600 1436 3666 tumebat,
1460 3604 1644 3672 arrogantiam
1670 3606 1780 3660 minue-

78 3697 146 3765 lnm;
163 3707 193 3754 et
214 3698 288 3768 quia
303 3697 389 3768 magis
403 3695 529 3751 latebant
544 3696 635 3765 exregi
660 3709 741 3763 quam
766 3694 835 3764 regi,
860 3706 911 3748 co·
952 3694 1023 3742 relli-
1039 3687 1116 3753 QUOd
1133 3691 1160 3742 θῑ
1178 3687 1231 3756 ipsi
1244 3685 1301 3742 Ῑίθῑῑ
1321 3686 1456 3745 seli-'ludl-

78 3787 197 3856 girabant
229 3787 313 3842 illum
338 3785 431 3841 ludum
457 3785 579 3853 turbare,
609 3789 637 3838 et
664 3797 757 3838 semen
786 3780 909 3851 aliquod,
987 3775 1032 3828 94.
1049 3775 1135 3845 igitur
1150 3775 1178 3830 itt
1193 3778 1316 3845 Augusto
1331 3789 1425 3832 mense
1449 3792 1512 3834 cum
1536 3793 1635 3851 magno
1655 3782 1778 3839 exercitu

79 3874 146 3930 rande
166 3875 282 3932 seditio
307 3879 477 3939 nasceretur,
497 3873 649 3938 inmittere,
669 3871 704 3926 ad
719 3885 801 3942 quam
816 3869 912 3925 sedan·
954 3877 1001 3918 rex
1021 3861 1154 3920 Rodnllns
1175 3864 1268 3918 urbem
1301 3865 1471 3937 wirtzeburg
1494 3867 1614 3936 obsedit,
1638 3872 1672 3927 ad
1697 3885 1778 3941 quam

78 3961 134 4018 daur
151 3966 219 4020 dnm
236 3977 293 4020 ren
308 3962 482 4032 procederet,
498 3961 580 4017 modo
600 3961 726 4031 quolibet
744 3960 854 4016 occisus
869 3959 911 4014 in·
953 3952 1160 4024 expugnandam
1186 3953 1325 4009 machutes
1353 3955 1454 4011 diversi
1473 3959 1584 4028 generis
1607 3962 1699 4029 parari
1715 3963 1778 4030 jus·

79 4053 181 4108 teriret.
215 4054 356 4108 bliserunt
385 4065 451 4122 ergo
479 4050 613 4120 quosdam
642 4063 708 4105 snos
726 4050 852 4118 juvenes,
882 4053 912 4103 ut
953 4043 998 4098 sit.
1015 4042 1350 4111 Qttaedumparabantur,
1367 4045 1425 4114 ipse
1445 4045 1776 4116 sicutrexChristianus,

78 4142 220 4198 ‹oridium
239 4142 311 4198 ludo
335 4155 365 4196 se
399 4141 555 4206 miscerent,
586 4147 614 4195 et
641 4139 760 4208 aliquam
789 4136 912 4208 qnalibet
953 4132 1037 4187 Deum
1058 4132 1168 4196 timens,
1184 4144 1277 4186 secum
1300 4135 1449 4204 cogitabat,
1474 4138 1538 4205 quia
1562 4138 1585 4192 si
1610 4139 1677 4194 urbs
1699 4147 1779 4210 capta

78 4235 132 4284 arte
152 4232 306 4287 materiam
335 4229 400 4285 belli
430 4231 633 4284 construerent.
663 4228 759 4296 ltaque
787 4239 859 4281 unus
877 4239 911 4280 ex
953 4220 1061 4286 luisset,
1077 4221 1111 4277 ab
1127 4221 1253 4276 ecclesiis
1267 4221 1309 4276 vel
1329 4223 1525 4280 ecclesiasticis
1539 4227 1622 4282 rebus
1636 4227 1779 4282 diruendis

79 4317 143 4386 ipsis
157 4321 311 4390 cujusdam
327 4319 428 4374 nobilis
443 4331 476 4373 ex
491 4317 566 4372 curia
591 4317 727 4373 crusinam
754 4313 815 4386 (ab)
841 4314 913 4384 gulis
958 4311 1000 4364 vel
1020 4309 1185 4379 diripiendis
1207 4309 1305 4380 vulgus
1327 4313 1411 4366 semel
1435 4313 1622 4369 intromissum
1646 4329 1698 4370 nec
1721 4318 1779 4384 ipse

82 4406 140 4476 (trs
162 4419 298 4465 ornatam
325 4409 404 4478 quasi
423 4405 515 4463 iurtinr
541 4407 681 4476 praecedit.
709 4413 737 4460 et
760 4404 837 4474 quasi
857 4383 1003 4458 tur-Dici
1018 4412 1147 4454 reuocare
1162 4405 1266 4468 posset.
1284 4401 1355 4468 Ergo
1371 4399 1462 4454 lentus
1481 4401 1519 4454 ibi
1542 4401 1666 4468 sedebat,
1689 4408 1716 4458 et
1735 4416 1781 4457 oc-

81 4501 133 4550 lnm
153 4499 258 4554 volens
280 4497 451 4552 abscondere
480 4495 604 4559 recessit,
635 4503 662 4549 et
687 4502 776 4548 tamen
797 4492 915 4547 malebat
956 4489 1083 4543 oasiones
1097 4487 1219 4542 diversas
1235 4502 1268 4542 ne
1284 4493 1452 4558 pugnaretur
1462 4490 1497 4544 ad
1507 4489 1603 4544 urbem
1618 4490 1779 4558 quaerendo,

82 4583 270 4653 deprehendi,
307 4593 337 4641 ut
369 4585 507 4653 acciperet
534 4583 609 4652 quod
637 4584 754 4652 aceepit.
775 4582 841 4636 Nam
869 4581 915 4635 ille
956 4577 1092 4646 integrum
1108 4575 1165 4632 lere
1181 4590 1302 4632 mensem
1318 4577 1386 4632 nihil
1402 4579 1549 4647 proiciens
1569 4579 1607 4633 ibi
1632 4580 1779 4644 manebat;

81 4676 157 4742 cujus
170 4675 300 4732 honesta
314 4675 398 4730 vestis
417 4680 476 4728 erat
500 4672 689 4736 dehonestata,
715 4679 745 4726 ut
768 4671 843 4725 illum
868 4671 915 4738 qui
958 4667 1107 4735 maluitque
1122 4665 1280 4736 gloriosam,
1296 4669 1374 4736 qnasi
1395 4667 1490 4723 urbem
1514 4681 1613 4737 capere
1638 4681 1692 4722 non
1718 4681 1780 4738 pos-

82 4765 241 4820 suavestis
258 4771 366 4833 partem
385 4761 510 4832 gestabat
535 4760 675 4816 insecutus
694 4767 746 4822 est,
771 4757 916 4826 colaphum
958 4761 1010 4821 set,
1040 4755 1142 4811 habere
1170 4757 1379 4821 contumeliam,
1414 4770 1495 4826 quam
1530 4757 1724 4827 periculosam,
1753 4765 1782 4814 ut

83 4849 106 4902 ci
132 4861 245 4908 ancum
267 4850 357 4915 dedit,
391 4849 489 4920 suique
509 4849 663 4911 vestimenti
694 4846 856 4918 particulam
876 4857 918 4901 rc·
958 4845 1027 4901 urbe
1046 4845 1186 4900 destructa
1202 4845 1269 4900 nulli
1289 4843 1420 4901 ”⁹sacrae
1437 4845 1476 4900 rei
1492 4851 1664 4914 parceretur,
1685 4848 1783 4917 adqui-

83 4940 163 5006 eepit.
185 4941 271 4996 Tunc
288 4939 386 4996 urbani
401 4939 429 4993 in
445 4938 576 4994 subsidiis
603 4937 637 4993 ad
658 4937 711 4992 hoc
732 4936 820 5005 ipsum
836 4934 919 4990 colle-
959 4946 1021 4989 rere
1037 4933 1163 5004 gloriam.

774 5087 886 5143 vnntAE
914 5085 1096 5142 anemonas

117 5237 149 5270 ⁸⁸¹
170 5239 251 5294 deest
277 5237 300 5292 l.
329 5235 375 5293 li.
413 5235 446 5269 ‘¹⁸
464 5237 503 5292 ito
524 5233 549 5289 l.
571 5231 618 5292 li.
656 5233 690 5267 ⁸⁸⁸
708 5241 798 5291 amen
821 5233 844 5290 l.
882 5230 914 5264 ⁸³⁸
934 5231 1050 5302 pallacio
1077 5231 1100 5287 l.
1138 5229 1170 5263 ⁸⁸⁶
1188 5228 1363 5288 festivitatem
1385 5233 1409 5289 l.
1447 5232 1478 5264 ‘⁸'
1502 5233 1734 5303 sollempnitatem
1753 5232 1784 5288 ἓ.

85 5315 115 5346 ⁸²⁸
135 5311 174 5374 no
194 5317 221 5375 l.
245 5329 349 5373 nomen
372 5315 417 5373 li.
455 5315 488 5347 ⁸⁸⁹
508 5314 581 5372 nulle
603 5312 627 5370 l.

862 5399 992 5481 ,NOTAE

134 5493 187 5638 403
210 5495 380 5552 Germanice
399 5497 515 5561 Krousa,
531 5491 644 5549 collare.

135 5567 168 5621 dl
213 5564 360 5622 Pelliculis
379 5569 495 5624 muriunt
516 5563 656 5637 pretiosis,
674 5575 742 5632 qttas
761 5573 963 5632 uonrruutqunnt
981 5561 1133 5617 articulatas
1152 5561 1234 5620 luisse
1252 5563 1376 5636 legimus.

177 5675 306 5734 Parnon.
322 5675 443 5732 diutili.
