4024 6174
210 315 264 372 465
775 313 911 372 ioannis
930 307 1168 368 fiscannensis
1185 307 1324 368 lustris
1759 347 1762 356 ,
1838 315 1889 370 456

210 443 296 516 igitur
314 444 379 514 quia
393 442 550 514 epistolaris
568 441 692 513 angustia
712 454 768 498 nou
781 442 848 497 sinit
867 453 909 496 me
923 439 952 495 iu
971 438 1124 508 eiushnas
1137 449 1268 503 assumas,
1294 440 1322 492 et
1344 449 1452 492 sursum
1479 435 1608 505 volitans,
1628 437 1662 494 de
1677 437 1752 495 ionte
1766 451 1893 510 supernae

210 531 338 589 laudibus
356 531 461 588 diutius
484 531 633 598 immorari,
654 529 722 586 libet
747 536 774 586 et
797 529 851 585 huo
876 528 1029 599 praeterire,
1072 522 1228 580 dulcedinis
1241 523 1361 590 haurias,
1381 523 1478 580 dicens
1492 538 1554 581 eum
1574 525 1731 596 Propheta:
1751 527 1895 598 «ilpudte

210 621 285 692 quod
304 620 449 678 Galliarum
474 625 566 691 partes
590 633 724 690 regressa,
753 617 881 674 similiter
897 630 1032 688 pauperes
1073 610 1190 669 estions
1213 613 1286 680 vitae,
1315 617 1343 670 et
1370 613 1398 668 in
1428 612 1530 670 iumine
1554 620 1602 670 tuo
1624 613 1778 671 videbimus
1793 615 1896 672 iumen.

211 710 386 768 eteoclesias
413 710 460 765 liei
498 709 573 781 larga
600 708 742 765 consolata
774 713 816 764 est
844 720 935 773 mann,
959 706 1033 762 sieut
1072 701 1162 756 Sitivit
1185 701 1273 758 anima
1297 715 1356 758 mea
1380 701 1414 757 ad
1432 702 1517 758 heum
1538 701 1641 759 iontem
1655 704 1754 759 vivum.
1771 705 1899 772 horudne,

211 799 343 870 scriptum
362 805 404 854 est
421 815 427 854 :
446 816 459 847 ι
475 797 618 866 bispersh,
638 795 716 852 dudit
735 794 912 866 pauperihus,
925 793 1032 864 lustitia
1073 790 1157 847 dilexi
1171 791 1299 848 decorem
1320 791 1418 847 domus
1431 797 1486 848 tuae
1502 798 1529 847 et
1543 789 1634 848 iocum
1649 793 1829 850 habitationis
1839 793 1901 864 glo·

212 889 272 957 ejus
286 892 377 942 manet
391 886 419 941 in
433 885 563 942 saeculum
580 883 717 940 saculi.»
1073 879 1122 934 riae
1141 883 1207 936 tuae.
1224 897 1238 930 n
1253 879 1386 936 Similiter
1404 886 1431 936 et
1458 879 1505 936 iiia
1531 895 1593 952 quae
1613 883 1641 937 in
1666 881 1767 937 amoris
1780 881 1901 936 cantico

249 976 347 1030 ilerum
362 973 406 1029 his
434 973 529 1043 procul
553 971 652 1030 amotis
675 971 722 1042 qui
748 972 776 1028 iu
797 976 896 1028 terram
911 969 1031 1036 snihant,
1073 966 1212 1038 leguntur,
1229 967 1274 1023 ubi
1289 969 1377 1024 anima
1392 982 1454 1038 quae
1474 968 1562 1025 solum
1578 971 1660 1025 iteum
1676 977 1758 1036 amat,
1775 968 1903 1039 loquitur

213 1068 240 1119 et
254 1075 289 1120 ne
312 1077 342 1118 se
360 1062 480 1128 videant,
512 1060 651 1132 pulverem
676 1061 704 1117 in
728 1060 825 1117 oculos
848 1059 978 1126 excitant,
998 1057 1031 1114 ad
1073 1055 1182 1112 curista
1201 1055 1303 1113 diiecto
1330 1069 1392 1124 suo,
1418 1057 1514 1114 dicens
1533 1077 1572 1113 :a
1594 1059 1766 1130 Unguentum
1781 1057 1899 1114 ebusum

213 1155 240 1208 te
269 1151 364 1217 redeo,
401 1149 567 1206 venerahilis
594 1149 695 1205 Christi
728 1149 838 1217 ancilla,
871 1155 901 1204 ut
942 1161 1032 1204 serruo
1074 1157 1173 1201 nomen
1197 1153 1283 1212 tunm,
1322 1145 1385 1202 ideo
1422 1146 1635 1203 adolescentulae
1668 1146 1825 1204 dilexerunt
1857 1153 1897 1202 te.

213 1253 291 1295 meus
304 1238 350 1308 qni
365 1245 392 1294 te
407 1238 492 1308 coepit
505 1239 653 1304 instruere,
669 1244 797 1307 tanquam
811 1249 935 1307 praesens
948 1235 1034 1292 coilo·
1073 1232 1161 1289 Trahe
1179 1248 1222 1290 me
1242 1241 1304 1304 post
1322 1239 1361 1302 te,
1381 1249 1523 1292 curremus
1537 1236 1565 1292 in
1585 1235 1671 1292 odore
1693 1241 1899 1306 unguentorum

214 1327 325 1397 quenda
344 1327 378 1383 ad
394 1334 541 1383 extremam
556 1327 678 1397 suscepti
694 1327 787 1397 operis
797 1339 905 1381 manum
920 1331 1033 1381 anctore
1075 1328 1194 1378 tuorum.
1215 1322 1336 1378 iiiiectus
1350 1337 1427 1380 meus
1441 1323 1518 1390 mihi,
1535 1333 1562 1380 ct
1577 1338 1628 1396 ego
1643 1324 1694 1392 illi,
1710 1325 1757 1394 qni
1773 1325 1900 1394 pascitur

213 1417 269 1473 lieo
285 1418 431 1486 pertingat.
449 1415 535 1486 igitur
552 1414 618 1471 iicet
632 1414 693 1470 illas
707 1414 847 1485 parvitatis
862 1429 928 1471 mere
944 1413 1034 1470 dedo·
1073 1411 1148 1468 inter
1158 1411 1224 1478 lilia,
1237 1411 1435 1483 doneeaspiret
1445 1413 1873 1480 dies,etremoveauturumhrae.
1883 1431 1898 1464 n

213 1505 390 1572 ratiunculas,
419 1517 533 1575 quarum
564 1503 691 1573 superius
719 1503 840 1569 memini,
869 1501 950 1559 saluti
979 1508 1033 1558 tuac
1110 1499 1263 1557 internae
1290 1509 1380 1557 autern
1411 1502 1482 1558 seire
1501 1507 1612 1572 oportet
1630 1502 1704 1572 quod
1724 1501 1769 1556 ilia
1792 1514 1900 1556 summa

212 1609 292 1666 posse
312 1593 438 1650 suiiicere
461 1592 590 1659 arbitrer,
606 1598 697 1648 tannen
726 1593 789 1660 quia
813 1592 1033 1649 relationeami·
1074 1597 1103 1646 et
1134 1589 1366 1646 incommutabilis
1394 1591 1513 1646 essentia
1541 1605 1604 1662 quae
1623 1592 1694 1646 heus
1718 1596 1769 1655 est,
1794 1591 1823 1645 iu
1846 1589 1899 1645 bac

212 1697 306 1738 corum
317 1682 402 1738 didici
413 1687 440 1736 te
451 1680 610 1737 desiderare
624 1687 652 1736 et
667 1694 782 1751 poscere
792 1685 823 1736 ut
836 1682 895 1751 ipse
911 1693 1031 1751 quoque,
1074 1685 1148 1736 terra
1163 1680 1337 1736 morientium
1361 1680 1524 1736 mortalibus
1537 1679 1627 1736 ocuiis
1640 1678 1716 1735 nulio
1731 1678 1813 1735 modo
1830 1692 1900 1735 con-

212 1785 293 1840 quem
318 1770 352 1826 de
372 1770 604 1839 contemplatione
632 1768 723 1826 divina
752 1769 909 1839 Christique
927 1759 1145 1838 amore,Bspici
1156 1767 1237 1835 vaiet,
1254 1781 1305 1824 nec
1324 1768 1472 1838 aliqnando
1486 1769 1542 1824 visa
1553 1776 1595 1824 est
1609 1767 1643 1823 ah
1658 1767 1714 1824 uilo
1729 1766 1898 1828 mortalium.

212 1863 239 1914 et
259 1858 293 1914 de
321 1858 367 1914 ilia
404 1871 522 1928 superna
552 1858 731 1924 iliernsaiem,
766 1857 886 1914 omnium
912 1857 1032 1914 iideiinm
1075 1872 1108 1914 ex
1122 1869 1177 1927 quo
1197 1857 1302 1928 primus
1330 1857 1479 1927 parensde
1498 1858 1617 1928 paradisi
1632 1858 1788 1913 amoenitate
1804 1856 1831 1911 in
1848 1857 1899 1912 has

212 1951 309 2014 matre,
321 1945 424 2001 editum
439 1945 537 2013 haheo,
554 1946 750 2002 tihiscribatur
764 1944 903 2014 Libellus;
919 1945 1031 2002 muitum
1074 1959 1210 2002 aerumnas
1238 1944 1368 2016 expulsus
1390 1951 1442 2002 est.
1459 1947 1529 2003 ilinc
1548 1960 1664 2016 namque
1679 1953 1720 2002 est
1735 1944 1811 2014 quod
1830 1958 1897 2001 con-

212 2034 324 2106 gaudet,
344 2032 442 2101 iateor,
463 2049 626 2102 cormeum,
646 2035 716 2092 etin
735 2042 763 2091 te
781 2034 1033 2105 magnidcatdato·
1074 2034 1230 2105 templatim
1245 2035 1300 2091 vita
1326 2034 1373 2090 hie
1392 2033 1500 2106 incipit,
1526 2035 1575 2093 scd
1598 2033 1656 2091 iiiic
1675 2034 1826 2105 pcrdcitur,
1850 2034 1897 2088 nivi

213 2137 270 2180 rem
298 2123 419 2180 omnium
449 2124 583 2180 honorum
617 2125 711 2180 Derim.
741 2123 799 2179 iiisi
831 2124 903 2180 eninr
923 2123 1032 2181 Christo
1074 2124 1146 2180 licus
1160 2123 1229 2181 iacie
1252 2123 1287 2179 ad
1319 2123 1415 2180 iaciem
1439 2125 1571 2181 cernitur.
1597 2125 1672 2180 liens
1699 2123 1800 2180 etenim
1821 2123 1898 2178 mitis

213 2212 283 2269 duce
298 2211 332 2268 ad
351 2211 449 2268 altiora
464 2213 676 2280 conscenderes,
696 2212 838 2269 ambulans
870 2212 904 2270 de
932 2214 1033 2269 virtute
1074 2220 1101 2269 et
1115 2213 1240 2284 simplex,
1256 2227 1317 2269 oum
1336 2213 1364 2268 in
1388 2213 1604 2284 speculationem
1619 2212 1764 2277 attollitur,
1784 2218 1813 2268 et
1832 2225 1897 2268 car-

212 2301 240 2357 in
255 2301 393 2368 virtutem,
408 2301 485 2357 nulio
503 2300 585 2358 modo
615 2301 720 2357 valeres
751 2301 816 2358 talia
844 2306 948 2372 petere.
968 2302 1034 2370 Quis
1075 2302 1118 2357 nis
1131 2302 1270 2373 angustias
1294 2315 1428 2372 superans
1452 2302 1575 2358 coeiestia
1589 2303 1721 2367 rimatur;
1737 2300 1897 2357 retrahente

212 2403 268 2446 non
292 2391 408 2446 miretur
430 2391 548 2446 animum
577 2396 630 2447 mm
665 2389 825 2458 ferventem,
850 2392 897 2462 qui
930 2391 1033 2447 rivulos
1074 2404 1132 2447 earn
1152 2390 1224 2448 mole
1248 2391 1339 2448 carnis
1361 2391 1396 2447 ud
1415 2391 1478 2458 ima,
1495 2389 1542 2448 diu
1565 2405 1691 2461 superse
1706 2396 1779 2446 stare
1793 2403 1897 2460 nequa-

213 2477 334 2535 dulcium
362 2478 483 2535 bibendo
502 2492 634 2549 aquarum
658 2493 714 2535 non
737 2481 940 2536 cassatsitirei
962 2481 1034 2536 satis
1074 2493 1155 2550 quant
1170 2480 1348 2550 permittitur.
1383 2480 1436 2536 Sed
1464 2479 1531 2537 iicet
1557 2481 1616 2550 ipsa
1643 2480 1755 2550 snpemi
1783 2478 1897 2534 luminis

212 2567 331 2624 stolidus
358 2575 400 2624 est
419 2574 448 2624 et
472 2568 553 2624 nimis
581 2567 745 2636 obstinatus,
765 2569 812 2638 qui
841 2569 904 2624 talis
924 2567 1032 2626 feminae
1074 2569 1256 2626 immensitate
1284 2567 1457 2625 reverberata
1490 2570 1618 2625 celeriter
1640 2568 1674 2624 ad
1693 2582 1723 2623 se
1738 2574 1894 2634 revocetur,

214 2656 273 2727 pias
292 2671 389 2726 preces
402 2659 518 2727 spernit,
538 2663 567 2714 et
585 2659 656 2713 votis
680 2656 839 2726 justissimis
853 2671 908 2714 non
923 2657 1034 2728 acquie-
1075 2670 1171 2728 magna
1195 2662 1284 2712 tamen
1310 2655 1418 2728 proiicit
1441 2657 1542 2712 virtute
1557 2671 1591 2712 er
1609 2669 1643 2713 eo
1661 2657 1722 2726 ipso
1737 2655 1810 2726 quod
1826 2655 1896 2710 divi·

212 2746 275 2801 seit.
292 2747 362 2802 Ecce
377 2759 428 2817 ego
439 2745 619 2816 libensatque
633 2759 718 2802 ovans
730 2760 780 2818 pro
794 2748 866 2803 scire
881 2747 955 2817 quod
966 2748 1033 2803 mihi
1074 2759 1136 2802 num
1152 2745 1325 2802 dulcedinem
1349 2744 1494 2816 praeiiharc
1508 2751 1600 2816 potest
1616 2767 1623 2801 :
1644 2746 1707 2817 quia
1726 2758 1791 2801 mox
1803 2759 1898 2801 amore

212 2834 290 2891 dedit
316 2837 398 2902 Deus,
427 2841 539 2906 paratus
569 2849 640 2902 sum,
669 2844 756 2892 mater
783 2837 948 2903 veneranda,
978 2844 1033 2893 tue
1074 2837 1160 2892 nimio
1174 2849 1290 2893 accensa
1315 2837 1357 2892 ire
1384 2850 1469 2906 super
1495 2849 1525 2891 se
1548 2834 1669 2902 iestinat,
1699 2841 1727 2892 et
1756 2833 1898 2891 sublevata

213 2921 241 2977 in
261 2923 390 2979 omnihus
408 2923 524 2994 obsequi
548 2923 691 2980 voluntati.
721 2924 828 2980 Utinam
856 2923 903 2980 iiie
932 2926 961 2981 in
990 2939 1033 2982 me
1075 2925 1173 2992 cernit,
1194 2925 1258 2995 quia
1273 2924 1366 2980 videre
1380 2938 1436 2981 uon
1452 2925 1539 2994 possit
1553 2925 1606 2980 hoc
1620 2923 1694 2994 quod
1710 2923 1842 2980 ardenter
1856 2922 1896 2978 di·
2007 2962 2008 2974 ,

212 3009 349 3080 igniculus
367 3009 449 3078 ioret,
479 3011 525 3082 qui
554 3019 693 3082 vaporatae
722 3013 806 3069 menti
825 3012 928 3084 aliquid
944 3014 1034 3070 incre·
1076 3012 1154 3084 ligit;
1172 3026 1223 3068 nec
1237 3018 1326 3068 umen
1356 3012 1486 3069 ardenter
1514 3012 1642 3084 diligeret
1655 3013 1707 3069 nisi
1722 3012 1896 3082 aliquatenus

213 3100 298 3154 menti
312 3099 414 3156 addere
430 3105 540 3170 posset!
1044 3087 1236 3172 Cinspiceret.
1251 3103 1321 3158 Sunt
1342 3101 1428 3172 aliqui
1442 3103 1532 3158 minus
1547 3101 1732 3171 proicientes,
1748 3102 1794 3171 qui
1811 3102 1895 3156 Deum

250 3187 350 3258 hceipe
379 3187 464 3259 igitur
489 3193 531 3257 tu,
562 3188 634 3245 hona
653 3189 752 3256 anima,
783 3189 945 3260 praeclarum
972 3204 1035 3246 sau·
1075 3190 1129 3247 sibi
1143 3189 1326 3261 imaginaliter
1346 3189 1461 3262 lingunt,
1477 3189 1540 3260 quia
1555 3191 1584 3246 in
1598 3191 1658 3246 haec
1674 3189 1835 3261 temporalia
1849 3189 1896 3244 de·

213 3280 266 3332 ctae
294 3276 435 3333 viduitatis
464 3277 614 3348 exemplar,
634 3279 740 3349 accipe,
770 3291 875 3348 queso,
910 3279 1035 3351 pervigili
1074 3278 1201 3336 formiter
1217 3281 1306 3348 sparsi
1320 3277 1394 3335 iiiam
1414 3279 1508 3336 miram
1523 3287 1551 3335 et
1565 3279 1831 3348 incircumscriptam
1856 3277 1896 3334 iu-

214 3370 304 3421 mente
328 3365 397 3421 iilud
420 3366 494 3437 quod
514 3367 620 3438 expetis
642 3380 710 3424 mea
733 3381 784 3439 per
801 3368 901 3425 Christi
920 3369 1034 3440 gratiam
1076 3382 1135 3425 cem
1154 3368 1335 3438 contemplari
1354 3367 1577 3424 intellectualiter
1591 3367 1727 3423 nesciunt.
1747 3365 1818 3434 Quid
1838 3365 1898 3422 istis

213 3453 403 3512 deiiorationis
426 3456 611 3526 opusculum:
635 3457 664 3512 iu
684 3471 740 3528 quo
762 3457 893 3514 videlicet
912 3459 1035 3528 reperies
1075 3456 1150 3514 aliud
1165 3464 1208 3513 est
1221 3457 1319 3514 oculus
1346 3456 1587 3526 contemplationis
1610 3457 1662 3512 nisi
1677 3452 1791 3526 iaqueus
1806 3454 1898 3525 perdi·

213 3555 310 3614 magna
325 3557 358 3600 ex
373 3547 450 3614 parte
479 3543 600 3601 eoelestis
618 3545 735 3602 theoriae
753 3545 844 3603 dulcia
858 3546 951 3614 verba,
972 3561 1034 3616 quae
1076 3546 1160 3603 tionis
1174 3545 1367 3603 ihdmonendi
1377 3545 1479 3616 quippe
1493 3550 1557 3602 sunt
1566 3545 1636 3601 tales
1650 3553 1691 3612 nt,
1706 3544 1897 3600 soiiusactivae

212 3637 372 3690 reverenter
384 3632 500 3705 legenda
515 3640 579 3691 sunt
598 3639 626 3691 et
640 3649 700 3692 cunr
717 3636 815 3692 timore
830 3635 924 3692 debito
944 3635 1034 3691 medi·
1076 3633 1139 3690 vitae
1154 3634 1286 3690 exercitio
1300 3633 1435 3701 contenti,
1451 3633 1692 3704 contemplationis
1707 3639 1828 3688 montem
1844 3644 1899 3687 non

212 3721 306 3789 tanda,
321 3735 356 3778 ne
372 3719 442 3779 iorte
458 3722 492 3778 de
522 3723 675 3780 temeritate
696 3724 847 3794 iudicetur,
863 3724 911 3794 qui
925 3724 1036 3795 tepidus
1076 3727 1244 3793 praesumant
1272 3722 1432 3788 ascendere,
1462 3722 1536 3792 quia,
1566 3723 1638 3778 sieut
1666 3721 1799 3791 scriptum
1827 3727 1896 3777 est:

212 3814 241 3864 et
258 3809 405 3866 indevotus
432 3812 591 3868 accesserit.
622 3812 699 3869 Unde
726 3813 869 3870 sciendum
899 3812 1034 3882 estquod
1076 3808 1293 3867 Ammoiiaivomo
1312 3825 1364 3866 nou
1375 3811 1488 3882 percipit
1502 3825 1536 3866 eo
1554 3825 1611 3882 quta
1628 3817 1688 3866 autu
1702 3809 1818 3880 Spiritus
1833 3809 1898 3872 Deir

212 3895 295 3966 huius
322 3897 408 3954 libelii
442 3899 524 3955 lectio
557 3900 612 3956 iliis
654 3903 806 3971 pracsertim
835 3901 961 3969 debetur,
987 3903 1035 3973 qui
1076 3907 1212 3971 etsupere
1237 3901 1377 3954 secuudum
1392 3913 1506 3966 eumin,
1522 3893 1593 3954 mori
1606 3903 1654 3954 est.
1672 3899 1811 3954 llumanus
1826 3898 1897 3954 eninr

213 3988 320 4039 mentes
337 3997 401 4040 suas
424 3985 580 4044 carnalibus
595 3987 742 4045 desideriis
756 3995 784 4046 et
798 3991 918 4047 terrenis
933 4003 1036 4046 conen·
1076 3989 1183 4044 animus
1201 3987 1255 4044 nisi
1270 3989 1437 4044 exteriorum
1448 3988 1584 4044 desideria
1599 4002 1656 4044 ase
1672 3988 1796 4058 repellat,
1812 3987 1899 4043 inter·

213 4069 357 4140 piscentiis
375 4072 551 4130 obtenebrari
580 4088 635 4132 nou
663 4079 767 4134 sinunt.
800 4078 915 4146 Quando
943 4085 1034 4134 auteur
1075 4089 1112 4133 na
1132 4091 1186 4133 non
1203 4082 1337 4148 penetrat,
1354 4077 1418 4147 quia
1433 4082 1509 4133 tanto
1522 4075 1652 4133 subtilius
1666 4075 1814 4132 invisibilia
1835 4088 1900 4133 eon·

213 4158 264 4214 ista
283 4159 412 4230 leguntur
425 4173 487 4218 curn
503 4162 629 4235 iacrymis
646 4171 675 4220 et
692 4166 840 4223 devotione
859 4167 953 4232 nimia,
969 4173 1035 4222 tunc
1077 4165 1169 4236 spicit,
1186 4173 1290 4235 quanto
1315 4163 1464 4234 periectius
1478 4164 1595 4220 visibilia
1610 4165 1772 4220 contemnit.
1791 4165 1899 4222 ideirco

212 4247 287 4305 mitis
301 4246 390 4307 lector
412 4249 474 4322 ipso
488 4251 581 4310 cordis
600 4253 691 4324 palato
710 4255 782 4324 sapit
797 4255 864 4325 quid
879 4253 1035 4312 dulcedinis
1076 4254 1200 4325 quamvis
1233 4253 1380 4310 invisibilis
1405 4259 1433 4310 et
1452 4253 1740 4325 incomprehensibilis
1756 4253 1786 4308 in
1802 4260 1898 4309 natura

211 4337 287 4394 intus
300 4337 393 4394 lateat.
415 4341 443 4396 si
467 4342 504 4398 ita
520 4349 571 4411 est,
588 4343 643 4399 imo
657 4344 721 4414 quia
740 4345 777 4400 ita
792 4351 844 4409 est,
860 4343 1033 4414 eloquiorum
1075 4357 1125 4400 sua
1139 4344 1174 4400 sit
1187 4344 1269 4410 licus,
1286 4347 1376 4400 umen
1391 4358 1441 4413 per
1455 4350 1572 4399 mentem
1588 4342 1715 4398 mundam
1732 4349 1760 4398 et
1774 4349 1895 4398 sanctam

211 4425 366 4484 divinorum
384 4443 483 4488 arcana
511 4437 539 4488 et
565 4433 692 4490 sublimia
724 4434 806 4491 verba
838 4439 951 4505 tangere
979 4405 1138 4504 noanuae
1153 4431 1222 4488 solis
1236 4433 1363 4502 supernis
1381 4431 1479 4498 inhiat,
1496 4432 1540 4488 hic
1554 4432 1614 4487 sine
1633 4435 1744 4501 aspectu
1760 4433 1895 4498 cernitur,

210 4523 359 4590 praesumat
386 4520 505 4589 superba
543 4527 569 4578 et
605 4521 747 4580 iastidiosa
779 4537 866 4591 mens,
901 4537 934 4580 ne
962 4522 1033 4580 iorte
1075 4522 1214 4578 sinesono
1228 4521 1348 4586 auditur,
1364 4521 1423 4577 sine
1438 4525 1513 4577 motu
1527 4520 1686 4590 suspicitur,
1702 4521 1762 4576 sine
1777 4533 1895 4590 corpore

211 4603 319 4662 labatur
332 4607 360 4662 in
376 4621 518 4677 errorcm;
535 4611 599 4679 quia
618 4611 699 4667 caesis
716 4609 805 4667 oculis
822 4611 913 4668 iumen
932 4611 1034 4668 intueri
1075 4611 1206 4682 tangitur,
1223 4611 1283 4666 sine
1298 4609 1360 4666 ioco
1376 4610 1519 4666 retinetur.
1534 4610 1582 4666 llis
1596 4610 1635 4665 ita
1653 4609 1809 4665 necessario
1826 4623 1895 4679 pra·

211 4707 267 4750 non
283 4700 383 4765 potest.
405 4697 474 4754 iiiuc
497 4699 599 4754 etenim
620 4704 711 4756 aetum
730 4706 773 4756 est
798 4703 826 4755 ut
844 4700 969 4772 plerique
985 4715 1035 4771 per
1075 4701 1175 4768 missis,
1196 4713 1263 4771 rogo
1278 4699 1455 4755 dilectionem
1474 4706 1548 4755 tuam
1572 4704 1601 4756 nt
1619 4699 1643 4755 si
1662 4698 1802 4771 quoslibet
1821 4699 1896 4755 inve·

212 4783 338 4841 heresim
358 4785 386 4841 in
406 4787 590 4846 damnationis
608 4795 719 4846 aeterum
737 4789 895 4850 barathrum
911 4797 1032 4859 ruerent,
1075 4789 1150 4846 neris
1173 4789 1221 4858 qni
1245 4787 1379 4845 Libellum
1397 4787 1470 4844 huuc
1485 4787 1570 4844 veiint
1591 4787 1704 4854 habere,
1720 4800 1834 4843 moneas
1848 4801 1896 4844 eos

211 4871 390 4932 aiiosaeeum
411 4877 440 4932 in
468 4882 584 4935 mortem
613 4878 763 4948 trahentes,
783 4881 847 4950 quia
861 4894 948 4938 merae
962 4881 1035 4937 Scri·
1075 4886 1104 4934 et
1126 4877 1273 4948 diiigenter
1300 4869 1494 4942 transcribere,
1524 4880 1552 4933 et
1576 4876 1708 4946 scriptum
1736 4873 1897 4945 irequenter

212 4966 301 5034 pturae
334 4967 473 5035 mysteria,
508 4982 624 5039 quorum
657 4968 765 5026 radices
796 4971 824 5025 in
852 4971 923 5027 coeio
958 4976 1033 5039 sunt,
1075 4966 1209 5038 relegere,
1221 4978 1308 5035 usque
1322 4963 1392 5021 adeo
1408 4969 1437 5020 ut
1451 4963 1555 5035 aliquid
1567 4962 1690 5031 addi,vei
1705 4963 1897 5030 subtrahi,aut

212 5051 315 5110 nemini
339 5052 525 5124 perlectorum
553 5056 598 5114 hic
626 5062 684 5115 tota
712 5063 816 5129 patent.
846 5059 887 5114 liii
901 5053 971 5116 vero'
981 5058 1034 5115 soli
1075 5055 1213 5112 immutari
1236 5067 1292 5111 non
1312 5055 1451 5124 patiantur
1474 5053 1502 5109 in
1526 5067 1570 5111 eo.
1595 5054 1653 5109 lloc
1668 5057 1759 5108 autem
1778 5053 1898 5108 dicimus

213 5143 364 5199 secundum
391 5144 476 5201 lieum
504 5145 654 5216 sapientes,
684 5147 731 5218 qui
760 5145 896 5218 proiunda
930 5146 1035 5218 pollent
1076 5143 1336 5217 propterincnriam
1355 5141 1540 5209 librariorum,
1556 5142 1604 5214 qui
1618 5155 1674 5198 non
1688 5141 1778 5198 solum
1796 5143 1898 5198 verita·

213 5225 377 5298 humilitate,
407 5237 513 5290 unium
537 5234 660 5305 capiunt,
689 5241 821 5306 quantum
849 5235 891 5292 cis
917 5236 1035 5306 Spiritus
1076 5241 1131 5290 tem
1158 5237 1348 5302 corrumpunt,
1377 5231 1427 5288 sed
1461 5233 1541 5290 etiam
1575 5231 1717 5288 mendacia
1744 5231 1899 5288 mendaciis

213 5323 325 5374 sanctus
338 5319 460 5378 revelare
475 5321 613 5395 dignatur.
630 5324 695 5380 llaec
709 5337 775 5395 ergo
790 5322 950 5394 irequenter
963 5323 1033 5395 iege,
1074 5324 1200 5393 jungunt.
1217 5319 1258 5376 Sit
1271 5320 1343 5376 lieus
1357 5327 1457 5389 tecum,
1469 5329 1497 5379 ct
1511 5317 1649 5378 confortet
1667 5325 1694 5376 te
1708 5333 1805 5376 manus
1825 5321 1897 5392 ejus,

215 5408 243 5461 et
257 5409 323 5462 tunc
338 5410 478 5482 precipue
498 5425 559 5468 cum
570 5420 688 5470 mentem
704 5419 778 5470 tuam
797 5413 904 5470 coeiesti
918 5411 1035 5468 albatam
1077 5417 1107 5468 ut
1125 5415 1252 5480 tauquam
1281 5415 1428 5480 pennatum
1452 5415 1480 5468 et
1503 5409 1639 5467 oculatum
1668 5408 1767 5465 animal
1788 5407 1897 5473 allecta,

214 5491 355 5553 desiderio
373 5498 459 5556 vides.
490 5501 597 5557 lustum
621 5515 739 5574 namque
767 5507 810 5560 est
827 5505 910 5570 utin,
926 5515 988 5573 quae
1006 5501 1036 5557 in
1077 5513 1127 5571 per
1140 5499 1200 5556 dies
1225 5498 1351 5570 singulos
1378 5500 1406 5556 in
1430 5504 1545 5570 utraque
1571 5497 1699 5569 proicias
1727 5497 1793 5564 vita,
1813 5497 1898 5554 ruodo

214 5580 316 5642 actuali
334 5584 404 5642 hene
424 5589 595 5646 conversaris
621 5591 687 5660 vita,
713 5589 954 5663 contemplationis
967 5604 1035 5662 pen·
1077 5603 1137 5646 eum
1157 5587 1260 5647 iiartha
1284 5589 1312 5645 in
1331 5589 1420 5646 actim
1439 5590 1562 5646 serviens
1581 5585 1690 5644 christo
1713 5585 1741 5642 iu
1766 5586 1899 5643 membris
