4106 6178
160 293 224 350 teat

158 423 218 477 Rou
233 433 313 476 secus
329 433 361 476 ac
376 419 464 489 potui,
480 415 588 474 lucrant
602 431 664 487 quae
680 419 755 487 jussa
771 417 875 488 peregi,

194 509 305 566 Dulcius
319 515 349 564 ut
363 507 486 564 relcrnnt
500 508 630 573 carmina,
645 521 727 578 prosa
741 513 868 563 metrum.

157 601 214 655 i'ox
228 602 274 654 tua
293 611 336 654 me
356 599 471 662 monuit,
488 597 645 666 pariterque
660 595 788 652 monendi
804 595 908 667 rogavit

192 685 301 743 Laudes
313 685 422 742 Sabine
437 686 564 756 martyris
578 690 608 741 ut
627 697 765 741 canerem.

156 778 236 834 Fonte
251 774 361 846 quidem
376 774 449 830 volni
465 788 574 830 carmen
589 775 675 829 vitare
690 771 793 829 laboris

191 867 286 932 Obice,
301 864 350 922 sed
370 865 448 920 timui
463 864 637 934 displicuisse
654 864 713 919 tibi.

155 955 230 1012 i'ellc
245 961 320 1010 tunm
335 955 410 1020 novi,
425 954 499 1024 quod
517 954 636 1010 nondum
653 960 746 1022 posset
761 950 862 1008 amoris

190 1046 294 1117 Exiguo
308 1044 377 1100 solvi
393 1045 507 1099 crimine
520 1045 574 1114 jam
590 1042 685 1098 didici.

153 1137 213 1192 Non
229 1147 280 1205 ego
293 1135 334 1190 sic
348 1133 418 1189 adeo
433 1147 492 1188 sum
508 1137 598 1210 mepte
619 1131 749 1197 munitus,
766 1137 796 1186 ut
810 1128 883 1186 uitro

190 1227 294 1294 Expers
309 1223 468 1293 pertulerim
483 1221 605 1278 muneris
619 1234 679 1276 esse
695 1220 744 1276 tui.

153 1315 207 1369 Res
227 1314 255 1368 in
270 1312 389 1368 amicitia
404 1310 485 1366 nimis
500 1309 559 1366 baec
574 1307 719 1364 laudabilis
734 1313 821 1364 exstat

187 1405 256 1472 apta
270 1401 382 1472 quidem
397 1399 456 1456 deri
475 1398 606 1470 quaelibet
625 1398 757 1454 unanimi.

152 1490 286 1546 Barbarus
301 1496 342 1545 est
357 1489 465 1553 misere,
482 1488 529 1559 qui
544 1487 641 1542 viverit
655 1487 708 1542 itoc
723 1485 782 1542 sine
798 1497 873 1540 more

188 1581 216 1635 in
233 1578 324 1635 medio
338 1577 424 1634 Getici
440 1578 484 1633 eui
500 1577 591 1647 placet
605 1589 665 1632 esse
681 1574 743 1630 soii.

151 1673 241 1726 Laetus
255 1683 304 1739 spe
318 1667 406 1723 veniae
425 1673 530 1722 tantum
545 1665 621 1732 mibi,
638 1663 758 1735 postulo,
776 1663 867 1734 praebe

185 1757 273 1815 tussis
292 1756 366 1829 quod
382 1755 479 1812 inerim
498 1755 604 1812 tardior
617 1761 681 1809 ante
697 1753 761 1810 tuis.

150 1847 263 1904 blasima
278 1859 323 1901 res
337 1848 406 1912 erat,
422 1851 504 1914 atque
520 1843 588 1900 meis
602 1857 658 1898 non
672 1842 776 1897 viribus
790 1847 863 1910 apta,

184 1935 275 1991 Ardua
291 1932 433 2004 dactylicis
447 1947 566 2003 pangere
585 1937 662 2002 gesta
681 1931 785 1986 metris.

149 2024 210 2080 Rite
226 2029 317 2079 tamen
331 2022 383 2078 leci
395 2022 447 2078 tibi
463 2021 537 2092 quod
553 2025 715 2076 veneranter
733 2019 847 2084 adhesi,

184 2112 301 2169 Sustulit
315 2112 495 2181 opprobrium
511 2125 561 2167 vox
578 2118 623 2166 tua
638 2122 735 2179 nempe
756 2123 854 2163 meum.

144 2189 249 2259 'Ordine
266 2215 315 2272 pro
334 2201 409 2256 vario
424 2200 579 2256 numerosis
597 2199 706 2270 iegibus
720 2197 846 2268 hymnos,

184 2291 300 2359 Respice
315 2289 484 2360 compositos
499 2301 554 2344 non
570 2288 629 2343 sine
645 2287 716 2342 mole
735 2287 815 2342 duos.

148 2379 278 2434 Versibus
296 2377 455 2448 antiphone
472 2376 546 2433 binis
559 2382 623 2432 snnt
638 2388 708 2444 pene
728 2381 830 2430 notatae

184 2468 303 2524 blembra
319 2467 393 2537 quod
409 2470 473 2522 octo
489 2468 583 2521 tenent
595 2465 665 2532 iure
680 2463 742 2518 duae
758 2462 868 2532 pariles.

148 2557 181 2612 Et
195 2561 258 2612 sunt
274 2562 317 2612 ter
330 2561 435 2626 septem
451 2553 523 2610 sicut
538 2566 597 2609 mos
612 2553 696 2622 exigit
715 2565 775 2607 esse

183 2646 302 2712 Priscus,
319 2651 346 2701 et
365 2649 407 2700 est
426 2643 498 2698 natis
516 2655 639 2698 consona
654 2653 772 2711 quaeque
786 2640 862 2695 suis:

146 2735 212 2790 inde
233 2735 283 2791 tibi
298 2739 403 2790 restant
418 2739 460 2789 ter
475 2731 652 2801 responsoria
666 2737 757 2792 terna,

147 2864 155 2872 .
182 2825 258 2879 Sicut
273 2828 316 2879 ter
330 2825 358 2878 in
374 2823 417 2878 bis
432 2823 527 2878 nonies
543 2828 585 2876 ter
598 2821 658 2875 sine
673 2819 734 2875 labe
749 2818 834 2889 pedes

145 2913 303 2981 conscripsi
319 2913 428 2966 tandem
448 2909 518 2981 pede
534 2909 606 2964 liber
620 2908 747 2979 martyris
760 2913 834 2963 artes

180 3001 318 3069 Obsequio
330 2999 381 3056 luit
396 3000 441 3055 bic
455 3014 501 3056 res
519 2999 608 3055 aliena
627 2998 704 3053 mibi.

144 3089 288 3146 Profuerat
301 3090 422 3146 studium
437 3089 565 3160 Cypriani
580 3100 654 3158 saepe
669 3087 800 3144 relectum

179 3179 287 3248 Optime
302 3192 358 3248 quo
373 3177 461 3234 lectur
474 3178 596 3233 scribere
616 3175 782 3248 martyribus

143 3267 227 3323 ardet
241 3268 269 3322 in
284 3268 415 3336 antiquis,
436 3272 466 3322 ut
484 3265 563 3322 steila
579 3264 738 3336 retrograda
752 3264 840 3330 libris,

180 3358 281 3412 Lumen
297 3357 325 3411 in
340 3354 471 3410 Ecclesiae
486 3354 533 3411 dat
546 3354 667 3424 speciale
686 3353 751 3420 tide,

145 3447 194 3501 Fas
208 3445 245 3500 ibi
265 3445 413 3500 rhetoricis
436 3442 489 3499 luit
507 3445 566 3512 ejus
585 3443 699 3498 boribus
718 3443 769 3506 uti,

176 3539 264 3604 mque
279 3533 410 3591 coloratis
429 3532 617 3601 luderesaepe
634 3532 717 3602 jocis,

142 3625 217 3680 Nunc
234 3624 354 3690 linotet
374 3622 448 3678 licite
463 3621 659 3687 scribentibus,
676 3626 758 3691 atquc
771 3619 877 3688 licebit,

177 3715 247 3770 Usus
262 3719 289 3768 ct
303 3712 348 3768 bic
367 3724 470 3768 morem
487 3710 556 3781 legis
571 3710 672 3766 babere
688 3709 769 3766 solet.

141 3802 213 3860 Solvi
229 3817 284 3860 non
299 3802 401 3873 poterit
417 3815 461 3857 res
480 3801 540 3856 baec
559 3799 714 3856 rationibus
729 3798 803 3866 ullis,

177 3893 204 3948 st
219 3905 274 3948 non
290 3891 434 3947 solvuntur
448 3894 549 3946 cetera
565 3890 627 3958 jura
642 3887 732 3944 simul.

140 3981 250 4037 Arbiter
264 3981 324 4036 beo
338 3980 449 4050 sapiens
463 3985 568 4034 tantum
582 3976 741 4034 discernere
756 3976 852 4044 debes,

178 4069 292 4126 Laetitiee
312 4075 442 4140 poterunt
456 4068 479 4124 si
495 4068 543 4124 tibi
564 4066 635 4123 ierne
656 4067 756 4122 locum.

142 4159 206 4214 Esto
226 4158 300 4228 qood
320 4171 380 4214 esse
398 4156 477 4224 nelis,
493 4155 560 4212 mibi
579 4169 635 4212 non
654 4168 713 4212 mea
733 4169 814 4211 carisa
833 4151 963 4218 nocebit;

177 4249 270 4304 Restat
283 4252 310 4303 et
322 4248 367 4302 bic
382 4245 443 4302 lidae
459 4245 559 4318 pignus
569 4244 708 4301 amicitiae.

143 4337 197 4393 b'ec
213 4337 296 4392 timeo
311 4335 403 4392 verbis
417 4335 533 4391 aliorum
548 4335 601 4389 rite
617 4332 716 4400 reielli,

176 4424 271 4482 indice
286 4425 351 4482 dunt
366 4424 444 4481 lucro
459 4428 486 4481 te
501 4423 634 4480 iruiturus
648 4437 709 4494 eqo.

140 4516 178 4571 Tu
194 4515 260 4570 mibi
275 4515 368 4570 cordis
382 4526 448 4584 apes
462 4512 570 4583 lugiunt
583 4511 684 4581 quibus
698 4513 775 4566 antra
789 4508 919 4580 cyclope,

176 4606 214 4661 dc
234 4609 279 4660 tua
294 4617 349 4661 non
365 4602 468 4673 pariter
483 4613 604 4671 pungere
619 4597 672 4654 tela
687 4597 788 4653 ualent.

141 4694 201 4750 Non
221 4706 272 4764 ego
287 4691 440 4749 consertum
455 4691 585 4746 virtutum
601 4701 714 4744 munere
729 4692 826 4758 pectus

176 4783 237 4839 viui
251 4784 292 4838 sic
307 4781 426 4852 penitus,
447 4785 477 4836 ut
492 4786 567 4850 patet
579 4792 639 4835 esse
654 4783 741 4834 tuum.

140 4859 223 4928 Solus
234 4885 325 4928 amara
338 4871 413 4940 sapis
426 4868 572 4926 dulcedine
587 4866 750 4933 nobilitatis,

176 4959 367 5030 duritiamque
381 4958 448 5015 satis
464 4957 535 5013 ierre
555 4957 609 5013 tuis
627 4955 746 5012 lamuelis.

141 5050 249 5105 Rursus
263 5055 291 5104 ct
305 5049 357 5104 ista
371 5047 410 5104 tui
424 5045 527 5103 facient
541 5053 599 5102 rata
613 5045 714 5114 scripta
732 5041 879 5114 propinqui

176 5141 242 5194 Cum
259 5136 369 5207 quibus,
389 5140 420 5192 ut
438 5149 530 5206 spero,
544 5141 572 5190 te
591 5133 672 5199 duce,
689 5139 764 5188 tutus
779 5143 838 5188 ero.

142 5226 190 5283 iiis
204 5240 256 5298 ego
273 5240 323 5296 pro
337 5238 416 5283 muro
428 5227 484 5296 jam
499 5225 587 5280 lassus
601 5224 635 5281 ab
648 5222 774 5279 bostibns
789 5227 861 5288 utor,

177 5317 207 5372 in
222 5316 324 5387 quibus
343 5328 403 5370 esse
419 5313 486 5369 nibil
501 5313 557 5369 vita
570 5312 648 5368 dedit
662 5311 732 5368 vitii.

141 5406 207 5461 Rsse
221 5403 262 5460 tui
277 5417 413 5460 memores
426 5415 482 5457 non
497 5408 606 5458 cessant
620 5407 711 5466 nocte,
728 5399 828 5470 dicque

177 5495 230 5550 Pro
245 5497 272 5549 te
287 5492 454 5550 conveniunt
468 5489 570 5561 saepius
584 5493 646 5546 ante
660 5490 755 5545 Reum.

142 5583 228 5640 instat
241 5580 383 5638 Oderisins
396 5579 532 5651 lacrymis,
548 5578 678 5650 precibus
695 5575 862 5644 Tbcodinus,

983 1769 1007 1827 B

981 3093 1003 3152 G

975 4417 999 4474 D

920 289 1081 348 canutum

993 425 1019 480 A
1059 417 1112 473 Sed
1127 417 1331 474 transmundus
1349 419 1404 491 agit
1417 419 1469 476 boc
1484 419 1559 490 quod
1574 427 1690 491 uterque
1704 421 1778 480 iecit.

1667 296 1842 354 'lm

1019 507 1162 577 Cognosce
1178 507 1310 577 reliquos,
1325 509 1373 564 sed
1388 515 1419 564 ut
1432 508 1476 565 bis
1490 509 1596 566 artibus
1608 517 1689 580 aptos

1055 596 1107 651 Ore
1122 602 1224 652 eattunt
1238 596 1305 652 solis
1318 597 1432 653 vocibus
1446 603 1528 668 atque
1540 599 1626 657 notis.

1019 685 1109 740 Prosit
1124 693 1151 740 et
1166 685 1226 740 baec
1240 686 1301 740 istis
1315 685 1434 752 bonitas,
1451 700 1513 756 quae
1528 686 1631 757 proluit
1642 686 1709 757 iilis,

1055 774 1089 829 Ut
1103 773 1232 830 studeant
1250 775 1353 844 pariter
1368 775 1496 845 prospice
1511 776 1640 832 sollicite.

1019 862 1070 918 Sed
1087 869 1187 928 tamen,
1204 869 1235 918 ut
1254 877 1375 933 possum,
1391 879 1462 934 quos
1476 865 1532 920 dixi
1552 867 1673 934 praedico
1694 879 1807 935 prorsus

1054 953 1168 1022 Semper
1180 953 1243 1009 dum
1263 951 1352 1022 luero,
1368 968 1438 1024 qnos
1453 967 1524 1020 amo,
1541 969 1612 1025 quos
1627 955 1720 1013 timeo.

1019 1042 1119 1112 Accipe
1135 1056 1197 1112 quae
1214 1042 1291 1112 potui
1307 1043 1357 1098 tibi
1373 1045 1485 1112 praemia
1499 1043 1572 1100 ierre
1593 1045 1699 1115 roganti

1053 1131 1134 1186 Levia
1148 1137 1221 1199 sunt,
1236 1131 1352 1201 placidis
1365 1133 1414 1188 sed
1430 1139 1520 1190 tamen
1535 1139 1598 1203 apta
1612 1133 1691 1190 locis.

1018 1219 1053 1274 Ut
1067 1233 1173 1276 merces
1185 1222 1253 1277 tanti
1274 1233 1329 1277 non
1344 1221 1382 1277 sis
1397 1221 1463 1277 mibi
1480 1235 1557 1278 cassa
1571 1222 1684 1288 laboris,

1053 1309 1092 1362 Tu
1107 1306 1149 1364 iac
1165 1309 1296 1379 implores
1311 1311 1439 1381 martyris
1456 1310 1538 1381 buius
1550 1325 1628 1381 opes

1017 1396 1050 1451 Et
1065 1411 1148 1466 super
1161 1397 1221 1454 baec
1242 1399 1331 1469 rogito
1351 1399 1503 1470 Pandulpbi
1520 1405 1583 1456 vota
1598 1405 1735 1456 memento

1052 1485 1126 1542 biore
1141 1487 1179 1557 pii
1194 1489 1282 1543 Patris
1296 1487 1379 1558 digna
1393 1490 1489 1558 juvare
1504 1489 1554 1545 tui,

1016 1576 1124 1646 integra
1143 1575 1179 1631 sit
1194 1577 1272 1645 pueri
1287 1576 1397 1633 bonitas
1416 1577 1466 1634 tibi
1481 1584 1557 1649 grata
1576 1579 1687 1643 Leonis,

1051 1665 1106 1720 Nec
1120 1663 1171 1718 tibi
1186 1664 1340 1734 displiceat,
1357 1666 1441 1733 bunc,
1457 1671 1488 1722 ut
1501 1667 1611 1734 ameris,
1626 1681 1696 1723 ama.

1016 1753 1049 1808 Ut
1064 1752 1114 1808 tibi
1129 1766 1185 1823 quo
1204 1767 1312 1824 semper
1327 1761 1353 1810 te
1368 1755 1474 1826 diligat,
1491 1763 1574 1826 atque
1589 1756 1708 1812 libenter

1050 1842 1216 1911 Obsequium
1233 1843 1319 1911 possit
1334 1843 1441 1900 solvere
1456 1857 1531 1913 sepe
1550 1844 1611 1898 tibi.

1016 1929 1103 1986 biente
1118 1929 1185 1985 satis
1199 1930 1258 1984 miti
1274 1931 1390 1987 devotus
1409 1932 1435 1987 in
1453 1930 1551 1988 ordine
1567 1932 1642 1998 vivit,

1050 2020 1079 2074 ln
1095 2032 1150 2088 quo
1166 2019 1307 2088 perficitur
1317 2021 1539 2090 cunctipotentis
1553 2035 1634 2092 opus.

1014 2108 1091 2162 Nunc
1102 2107 1151 2163 tibi
1162 2109 1218 2163 sint
1232 2109 1299 2164 satis
1309 2109 1381 2176 baec,
1392 2109 1492 2175 valeas,
1504 2116 1680 2180 vestrumque
1695 2124 1840 2181 meumque

1049 2198 1151 2251 Onoma
1166 2199 1311 2266 quaesitum
1326 2199 1456 2254 carminis
1470 2212 1518 2255 ora
1529 2197 1631 2255 ierunt.

1408 2324 1440 2378 ll.

1119 2447 1236 2517 Hymnus
1254 2446 1369 2517 ejusdem
1387 2448 1414 2502 in
1434 2446 1537 2504 taudem
1556 2449 1589 2506 S.
1609 2447 1728 2506 spiare.

1119 2553 1224 2620 Praebe,
1240 2554 1359 2620 Christe,
1376 2554 1540 2612 canentibus

1083 2643 1180 2697 Munus
1200 2641 1294 2699 laetitia
1314 2645 1451 2714 martyris,
1469 2651 1498 2700 ut
1513 2650 1568 2700 tuae

1084 2730 1191 2786 Sabine
1206 2745 1284 2786 sacra
1299 2733 1411 2802 praemia

1083 2821 1247 2876 Promautnr
1261 2822 1365 2890 pariter
1379 2820 1503 2888 vocibus,
1519 2828 1547 2876 et
1562 2822 1630 2893 lyra.

1118 2908 1206 2964 Clanis
1219 2917 1280 2964 orta
1296 2910 1466 2979 parentibus,

1084 2996 1193 3053 Pollens
1211 2998 1303 3054 eximii
1319 2999 1448 3070 conjugio
1466 2998 1516 3055 viri

1083 3087 1226 3142 tractanti
1246 3086 1315 3143 lacie
1335 3088 1426 3156 nimis,

1081 3178 1183 3233 tiorum
1198 3177 1279 3246 piena
1293 3177 1370 3245 satis,
1388 3177 1465 3235 dives
1479 3192 1562 3250 opum
1576 3177 1637 3236 luit.

1116 3267 1192 3322 itanc
1206 3268 1284 3338 virgo
1308 3269 1421 3324 monitis
1439 3269 1497 3325 suis

1080 3355 1221 3426 Seraphim
1239 3357 1324 3426 probe
1339 3356 1442 3412 iecerat
1457 3355 1532 3412 idola

1079 3445 1248 3500 totocorde
1265 3444 1433 3515 relinquere,

1080 3533 1242 3601 Factorique
1258 3546 1308 3589 suo
1323 3533 1437 3589 credere
1453 3532 1572 3590 concite,

1114 3621 1221 3690 sprevit
1236 3624 1298 3692 jura
1313 3623 1477 3692 potentium,

1077 3710 1179 3765 Durum
1195 3724 1249 3768 non
1266 3711 1359 3768 timuit
1378 3711 1507 3783 supplicii
1522 3723 1618 3782 genus,

1077 3797 1131 3854 Sed
1146 3799 1274 3869 prebens
1286 3799 1378 3871 gladio
1393 3807 1476 3872 caput

1077 3889 1206 3944 Centenae
1221 3890 1321 3945 merito
1335 3888 1422 3962 irugis
1435 3891 1493 3948 adit
1509 3889 1633 3962 gradum.

1113 3977 1157 4032 Sic
1179 3977 1207 4032 in
1227 3984 1315 4035 morte
1334 3979 1418 4036 semel
1432 3993 1498 4037 suos

1077 4065 1258 4122 Abscondcns
1271 4068 1368 4125 oculos
1387 4083 1496 4141 semper
1510 4082 1595 4126 ovans
1608 4068 1693 4136 videt,

1078 4154 1150 4211 Solis
1162 4157 1288 4226 perpetui
1305 4158 1388 4227 jubar

1078 4245 1221 4314 Nunquam
1240 4245 1372 4303 deiciens
1386 4247 1467 4318 buius
1480 4246 1533 4304 erit
1546 4247 1616 4304 dies.

1115 4333 1190 4388 Felix
1205 4335 1272 4390 orbo
1286 4335 1439 4404 potentior,

1078 4422 1143 4488 Quae
1158 4422 1257 4478 coelum
1270 4423 1369 4495 recipit
1382 4423 1515 4494 sanguine
1528 4434 1579 4494 pro
1594 4433 1656 4488 suc,

1076 4508 1125 4565 Cui
1136 4523 1250 4578 ‚merces
1264 4512 1407 4582 paradisus
1422 4517 1474 4578 est,

1077 4595 1145 4653 Vitae
1160 4597 1268 4656 deliciis
1282 4602 1406 4658 moribus
1420 4599 1545 4658 affluens.

1111 4685 1171 4743 illic
1186 4703 1342 4760 purpureus
1356 4704 1427 4747 rosae

1078 4775 1149 4843 flos,
1166 4784 1194 4833 et
1214 4779 1316 4836 nardus
1335 4779 1417 4847 inest,
1433 4783 1528 4835 vernat
1541 4776 1728 4845 amaranthus,

1076 4865 1168 4923 Floret
1181 4882 1243 4924 cum
1257 4867 1337 4926 violis
1351 4882 1460 4936 crocus,

1076 4953 1186 5024 Spirant
1199 4955 1291 5024 thora,
1308 4957 1426 5028 thymus,
1443 4957 1512 5026 tilia,
1527 4956 1687 5014 bammum.

1114 5045 1235 5116 Hymnos
1248 5045 1366 5117 angelici
1381 5045 1470 5114 cbori,

1077 5134 1249 5206 condignum
1264 5142 1395 5194 resonant
1409 5149 1520 5193 carmen
1534 5135 1664 5208 apostoli,

1079 5223 1201 5280 Psaliunt
1222 5239 1304 5295 quam
1318 5224 1389 5282 bene
1403 5230 1547 5298 martyres,

1079 5313 1112 5368 Et
1127 5312 1232 5383 plectro
1247 5313 1350 5371 ieriunt
1365 5321 1493 5386 tympana
1507 5315 1639 5386 uirgines,

1114 5401 1192 5457 salva
1207 5405 1302 5459 sancta
1317 5405 1478 5473 perenniter

1079 5491 1182 5547 Rerum
1197 5505 1259 5563 quae
1273 5490 1364 5549 medio
1383 5492 1478 5562 psallis
1492 5493 1520 5548 in
1534 5491 1653 5564 agmine,

1078 5579 1117 5634 be
1131 5594 1187 5651 quo
1198 5580 1253 5652 lam
1272 5575 1430 5653 speetattter
