4034 6152
133 309 201 366 1069
508 309 680 368 nimenta
698 310 726 366 S.
745 307 915 366 thamam
933 307 1007 364 ΑΒΒ.
1026 307 1255 392 corneliensis,
1273 337 1309 350 -
1327 305 1391 364 ΜΒ.
1412 309 1432 363 l.
1736 311 1812 367 utho

129 436 223 492 Romae
243 431 394 506 pontinmli
408 432 573 504 hierarchia,
590 433 749 492 nouaclum
770 437 813 490 est
831 430 1100 503 permis-haudire.
1115 435 1296 504 Osupernam
1310 432 1496 506 dignationem
1508 439 1514 490 ι
1536 433 1570 490 lit
1583 446 1619 490 ne
1632 433 1732 506 aliquis
1746 450 1814 496 con-

129 523 243 592 sus,sed
253 524 335 582 etiam
343 523 497 595 apostolica
504 525 630 594 iussione
638 521 823 595 jussus,quod
834 521 953 578 libenter
994 521 1111 578 donaret
1129 523 1248 592 caeteris,
1265 522 1339 593 quod
1366 524 1439 580 bens
1463 521 1638 594 singulariter
1666 523 1816 583 donaverat

129 612 242 671 fecisset
256 618 285 669 et
301 613 435 683 injussus.
458 615 492 669 lit
515 614 580 684 quia
604 614 698 670 aberat
719 613 867 684 episeopus
888 613 954 666 ltm-
994 614 1090 667 saneto
1104 610 1253 678 hdalardo,
1275 609 1346 668 facta
1361 616 1404 668 est
1416 611 1477 668 bac
1491 624 1547 669 non
1562 619 1626 669 ante
1639 626 1751 684 corpus,
1766 615 1815 672 sed

131 703 272 760 bianensis
299 702 394 770 fulco,
421 715 503 773 quem
522 717 557 760 ex
582 702 697 760 fratrum
725 700 842 758 consilio
870 699 956 756 abbas
995 705 1058 757 ante
1073 700 1207 757 tumulum
1222 701 1373 757 miseratio.
1396 701 1564 758 Nuntiantnr
1591 702 1651 760 hae
1678 703 1771 761 abbati
1790 709 1819 761 et

132 793 197 850 huic
212 792 377 864 praeviderat
391 793 526 849 iuteresse
540 794 683 864 mysterio,
699 791 851 848 accersitur
865 791 955 860 brogo
996 788 1156 845 monachis:
1173 793 1290 860 augetur
1316 788 1413 846 laetitia
1441 788 1607 860 festivitatis,
1627 790 1726 848 festina
1754 806 1819 864 pro·

132 881 323 949 tervanensis,
344 881 429 938 tonus
447 881 528 938 bona
547 880 625 940 famae
641 879 799 937 testimonio
819 877 955 948 praedica·
997 877 1087 936 eessio
1105 878 1223 946 orditur,
1248 883 1360 935 sanetus
1381 879 1535 936 adalardus
1557 885 1691 951 sequente
1714 882 1817 953 populo

133 969 206 1026 bilis.
223 973 290 1027 cum
309 984 364 1040 quo
384 975 529 1042 postquam
548 969 666 1026 ministri
685 967 843 1037 dupliciter,
864 964 958 1023 cordis
997 966 1201 1035 circumfertur,
1216 968 1326 1024 venitur
1344 969 1378 1025 ad
1406 969 1551 1038 tumulum,
1582 969 1620 1026 ibi
1640 975 1761 1039 cantant,
1784 973 1820 1028 Te

133 1059 241 1116 scilicet
256 1066 283 1115 et
302 1059 438 1129 eorporis,
458 1059 620 1115 habitudine
640 1065 816 1128 apparantur,
833 1061 957 1113 sanctum
998 1057 1080 1112 Deam
1094 1046 1233 1112 emaum
1246 1057 1363 1127 hymnus
1382 1063 1487 1126 oratur,
1505 1059 1540 1116 dc
1563 1073 1594 1116 re
1621 1067 1698 1130 gesta
1724 1059 1820 1131 pauiu-

134 1161 236 1217 corpus
249 1162 277 1202 vr
291 1146 356 1203 fdus
369 1147 497 1204 Octobris
515 1148 550 1204 de
565 1146 693 1218 sepulcro
717 1146 833 1214 levatur,
849 1152 878 1201 et
897 1157 957 1200 rna·
985 1145 1054 1202 lum
1069 1149 1224 1215 peroratur,
1240 1145 1335 1216 sicque
1349 1147 1450 1203 abitur.

134 1235 217 1292 nibus
236 1236 363 1306 praesulis
395 1249 444 1291 seu
472 1235 580 1291 abbatis
612 1235 821 1306 expectantibus
848 1231 960 1305 popidis
1000 1251 1064 1308 cst,
1080 1251 1135 1306 qq¹
1167 1253 1206 1306 pp
1223 1251 1304 1307 gurg„
1332 1257 1357 1308 ,g
1375 1257 1455 1316 mm„
1484 1252 1603 1310 mmm
1621 1257 1646 1310 εἰ
1661 1254 1772 1327 pedm,
1800 1259 1825 1312 ,p

134 1325 306 1382 adorandum
321 1325 471 1396 praebetur.
492 1325 600 1393 Claudi,
620 1325 707 1394 surdi,
728 1324 806 1392 mub,
822 1321 912 1380 manci
933 1323 961 1378 ct
1036 1327 1090 1379 toto
1104 1336 1213 1394 corpore
1228 1327 1372 1388 contracto,
1388 1328 1413 1380 et
1431 1339 1510 1396 super
1524 1325 1648 1382 tanetum
1662 1331 1769 1384 secuto.

135 1414 203 1471 caeci
216 1412 360 1470 confestim
383 1419 524 1470 sanantur.
544 1416 679 1471 Densatur
698 1427 803 1471 cuneus
826 1409 962 1468 acceden·
1040 1410 1082 1466 ιι.
1095 1411 1171 1468 Alter
1185 1412 1295 1482 quidam
1315 1420 1375 1471 erat
1394 1414 1422 1470 in
1447 1416 1625 1484 Normannia‚
1650 1417 1762 1474 nomine
1781 1416 1826 1474 Gl-

137 1503 223 1560 tium:
245 1515 300 1560 non
329 1509 372 1558 est
390 1515 520 1561 numerus
543 1503 693 1560 oblationis
711 1502 844 1570 fidelium,
864 1504 961 1569 utpote
1002 1499 1149 1570 slebertus,
1169 1514 1225 1557 non
1252 1501 1341 1559 solnm
1370 1508 1467 1560 natura
1495 1505 1633 1576 corporis,
1660 1505 1709 1562 sed
1741 1505 1823 1561 etiam

138 1590 185 1650 ubi
200 1591 277 1662 prius
292 1592 370 1649 deest
384 1592 472 1660 locus,
489 1597 516 1648 ει
530 1598 649 1663 tempus,
665 1605 746 1662 quam
765 1590 882 1648 intentio
897 1587 963 1646 offe
1003 1590 1121 1646 humana
1139 1588 1229 1662 effigie
1249 1605 1319 1662 pene
1339 1592 1499 1650 destitutus.
1519 1596 1585 1650 Erat
1612 1594 1685 1651 enim
1713 1599 1827 1651 contra-

138 1683 267 1739 rentium.
283 1682 388 1740 Exinde
402 1696 468 1754 ergo
484 1681 580 1738 titulus
594 1682 762 1740 confessoris
776 1695 839 1738 cum
853 1678 963 1736 caemris
1003 1683 1064 1734 etus
1078 1683 1137 1735 toto
1164 1691 1292 1750 corpore,
1310 1694 1420 1749 curvus,
1449 1687 1601 1738 retrorsum
1627 1683 1729 1739 reflexa
1746 1681 1827 1750 facie,

138 1771 264 1828 corbeiae
278 1773 403 1842 patronis
422 1772 592 1838 inscribitur,
622 1785 684 1828 eum
702 1771 804 1841 quibus
825 1783 912 1840 usque
927 1766 1104 1826 asturdus
1118 1768 1201 1823 etiam
1216 1774 1244 1824 ει
1257 1775 1361 1837 mutus,
1376 1772 1523 1827 reservatis
1545 1771 1736 1827 tantummodo
1758 1784 1829 1828 ocu·

140 1867 304 1931 presentem
319 1860 651 1920 diemCorbeiamtuetur
664 1868 692 1918 et
705 1873 815 1930 semper
829 1857 963 1922 tuebitur.
1005 1854 1050 1923 lis,
1078 1857 1179 1926 quibus
1208 1856 1347 1914 miseriam
1374 1874 1453 1916 snam
1485 1865 1580 1929 posset
1593 1859 1698 1916 videre.
1719 1858 1831 1915 belatus

141 1949 284 2007 Celebrate
294 1958 336 2006 εει
350 1956 440 2006 ειιειι
450 1951 511 2007 haec
526 1952 613 2007 sancti
629 1949 755 2021 corporis
765 1949 966 2005 elevatioanno
1007 1950 1048 2000 cst
1063 1959 1078 2000 a
1092 1946 1150 2000 suis
1164 1945 1318 2016 corbeiam,
1334 1947 1374 2004 ibi
1393 1949 1441 2005 diu
1460 1948 1538 2005 stetit
1552 1947 1666 2005 fratrum
1681 1963 1743 2006 cnm
1767 1947 1832 2004 reli·

140 2039 175 2096 ab
189 2041 380 2096 incarnatione
394 2039 502 2097 Domini
516 2040 662 2097 millesimo
676 2038 888 2110 quadragesimo
900 2035 965 2106 (45),
1007 2033 1070 2104 quis
1084 2033 1262 2103 suscipiendo
1278 2035 1490 2108 eleemosynam.
1520 2037 1639 2094 Tandem
1669 2041 1733 2109 post
1759 2036 1832 2095 mul·

142 2129 295 2187 indictione
308 2145 369 2200 vur,
385 2131 516 2188 Romanis
529 2131 667 2198 Conrado,
683 2129 796 2188 francis
813 2129 967 2198 imperante
1007 2128 1066 2178 tum
1098 2123 1228 2193 temporis
1255 2137 1272 2179 a
1299 2129 1396 2182 sancto
1423 2124 1559 2182 hdalardo
1587 2126 1708 2184 monitus
1735 2131 1777 2182 est
1804 2126 1833 2184 in

142 2220 287 2278 lictberto.
1008 2210 1122 2276 somnis,
1152 2213 1300 2267 utstatim
1327 2214 1438 2283 quando
1466 2218 1603 2286 surgeret,
1623 2215 1658 2271 ad
1677 2215 1834 2284 sepulcrum

143 2310 209 2366 Car.
240 2311 284 2366 vl.
303 2311 344 2366 lte
366 2315 435 2366 msto
464 2313 489 2366 ct
514 2308 594 2364 surdo
621 2313 682 2365 octe
709 2307 795 2364 ειιιειι
811 2302 986 2378 emperantia·
1009 2312 1089 2355 suum
1103 2306 1210 2355 oratum
1225 2299 1288 2356 iret.
1315 2301 1453 2372 Evigilans
1480 2316 1547 2374 ergo
1575 2304 1616 2359 lre
1635 2303 1765 2373 volebat;
1785 2302 1835 2360 scd

419 2378 566 2452 sepulcrum
584 2385 689 2435 acceto.
1010 2387 1076 2444 licet
1094 2393 1216 2445 asancto
1232 2389 1288 2458 iam
1312 2391 1448 2457 visitatus,
1474 2393 1586 2448 minime
1605 2393 1646 2450 ire
1669 2393 1787 2450 valebat.
1803 2395 1837 2450 Et

183 2468 226 2522 13.
245 2468 302 2524 Nec
317 2467 539 2538 pratereundum
554 2467 761 2524 oblitteratione
775 2465 894 2537 qualiter
908 2477 971 2520 eum
1011 2476 1076 2546 quia
1093 2490 1168 2547 saepe
1182 2477 1301 2534 videndo
1321 2479 1473 2537 instructus
1496 2486 1557 2537 mr
1574 2482 1661 2553 signis
1683 2482 1836 2541 monacho.

144 2559 218 2614 ⁰0⁰⁸
237 2557 423 2628 dignatusest
442 2563 505 2627 9⁰⁵²
519 2557 579 2614 ¹¹aess
602 2555 767 2632 8¹0¹'ffi02l02
786 2556 860 2612 Sicu!
885 2549 971 2609 diditi
1012 2578 1083 2632 rum,
1099 2565 1191 2621 innuit
1213 2571 1245 2621 ut
1265 2581 1295 2623 se
1316 2569 1443 2638 juvarent
1457 2569 1501 2625 his
1515 2569 1562 2640 qui
1580 2575 1659 2628 erant
1679 2585 1784 2628 secum.
1803 2573 1839 2627 ht
1870 2571 1873 2580 '

146 2645 182 2702 ab
198 2658 231 2703 eo
246 2646 307 2715 isso
323 2645 370 2715 qur
390 2659 420 2702 ea
440 2647 548 2717 gavisus
572 2651 615 2702 esc
643 2645 854 2717 clarificatione·
873 2641 972 2715 vrgura
1012 2651 1055 2708 ιιι
1075 2654 1275 2724 componentes
1302 2657 1362 2726 ejus
1390 2657 1520 2727 musena,
1549 2659 1675 2716 terebant
1702 2674 1764 2718 eum
1790 2659 1840 2716 ιιι

148 2740 208 2793 erat
227 2733 397 2790 celebritatis
424 2733 509 2802 illius,
539 2748 593 2805 ίιῑιι
621 2749 672 2805 per
697 2733 852 2805 ιιιὸδῑθῐιθιιι
881 2730 973 2787 crucis
1014 2748 1126 2799 sanctm
1160 2745 1269 2814 iacebat
1297 2759 1359 2802 cum
1397 2748 1531 2818 reliquis,
1560 2764 1656 2806 versus
1692 2750 1837 2807 ecclesiam

149 2822 374 2880 Goelosascblifllt
388 2821 508 2894 claviger
522 2823 669 2880 aethel'ellS·
689 2823 784 2880 Omnis
802 2822 846 2877 Via
868 2820 897 2876 in
916 2819 972 2875 eil·-
1013 2833 1107 2889 Sancti
1142 2834 1256 2890 Jognnis
1281 2836 1466 2907 effingeham,
1496 2838 1544 2895 lile
1572 2845 1663 2895 autem
1690 2845 1757 2896 nutu
1788 2852 1837 2896 eos

150 2912 226 2970 cuitu
241 2912 385 2969 videbatur
408 2912 502 2969 Venire
530 2913 674 2969 corbeiam
693 2912 770 2984 (1²¹¹st
798 2911 901 2968 fefelli
920 2910 973 2965 Ρθ·
1013 2922 1122 2989 ειειιιι,
1143 2928 1171 2978 et
1189 2925 1284 2979 versu's
1302 2926 1459 2995 sepulcrum
1487 2928 1528 2983 ire
1553 2929 1698 2994 convertit,
1719 2932 1751 2984 nt
1767 2927 1838 2985 nulii
1913 2923 1919 2930 '

151 3010 210 3061 trus
237 3002 361 3060 cornera
385 3015 442 3058 soa
471 3001 608 3074 gloriam),
628 3001 713 3071 arqui
741 3007 859 3069 oratum.
888 2998 975 3070 arrqm
1014 3009 1225 3078 aestumasset,
1242 3026 1327 3082 aquo
1346 3015 1472 3071 vastatus
1489 3015 1582 3072 ruerat.
1608 3016 1740 3074 ruremnt
1763 3017 1838 3073 unm

152 3097 320 3160 mercatum,
353 3090 439 3162 abqui
470 3090 630 3159 relevatum.
652 3092 716 3163 tillia
744 3090 886 3146 0⁰11¹b1¹⁸i³
913 3092 1246 3170 emtdatoeposuemm
1261 3115 1355 3159 coram
1372 3104 1488 3161 tumulo.
1512 3105 1553 3162 lbi
1581 3104 1722 3176 paulisper
1742 3106 1839 3177 jacuit,

152 3181 210 3249 illa,
235 3195 315 3252 quam
343 3195 428 3251 super
453 3181 534 3238 talem
563 3191 668 3253 petram
696 3180 821 3236 Christus
852 3177 976 3234 sandalii
1017 3189 1106 3244 oravit
1123 3193 1151 3244 ct
1170 3189 1311 3246 exoravit:
1342 3191 1470 3248 virtutem
1494 3193 1591 3263 sensit,
1620 3181 1752 3263 surrexit,
1780 3208 1843 3267 gra-

154 3270 308 3329 ecciesiam.
324 3271 400 3326 lnter
414 3284 485 3343 quos
513 3271 649 3328 adductus
677 3273 719 3326 est
747 3269 858 3341 quidam
886 3281 975 3338 puer,
1016 3276 1070 3332 tias
1084 3275 1215 3344 reddidit,
1232 3291 1316 3334 sanus
1330 3282 1456 3336 recessit,

152 3362 277 3430 tiegerus
296 3361 407 3416 nomine
435 3361 514 3429 cuius
542 3357 674 3430 loquendi
693 3361 721 3414 et
748 3356 878 3414 audiendi
896 3369 976 3412 usum
1052 3383 1115 3437 cn„
1135 3383 1203 3438 quq
1219 3385 1258 3439 be

153 3455 339 3508 reservaverat
353 3454 450 3505 natura
474 3450 563 3506 sancti
581 3447 711 3504 adalardi
730 3446 899 3525 clementiae.
925 3446 977 3500 Ln-
1271 3384 1686 3514 raseadaetmmrmqamom,
1701 3393 1727 3444 et
1740 3394 1803 3446 mm
1817 3394 1842 3446 οἱ

152 3540 247 3597 ειιιιιε
281 3543 412 3610 parentes
447 3538 556 3594 ceteris
592 3537 766 3593 orationihus
797 3540 976 3601 sanctorum,
1056 3539 1100 3597 lli.
1120 3539 1285 3598 adolevemt
1304 3543 1386 3600 etiam
1409 3545 1482 3602 inter
1499 3546 1697 3604 ambianenses
1720 3553 1748 3604 et
1771 3549 1841 3605 Gor·

153 3629 222 3684 hora
236 3629 324 3699 prima
335 3628 380 3684 die
394 3626 551 3683 festivitatis
564 3639 664 3682 venere
678 3626 713 3682 ad
732 3622 878 3690 tumulum,
894 3634 976 3691 quem
1018 3628 1146 3686 balenses
1159 3643 1230 3687 nova
1244 3631 1370 3702 quaedam
1384 3634 1493 3706 religio,
1510 3641 1537 3692 et
1556 3649 1590 3692 ειι
1619 3637 1754 3708 religione
1767 3637 1843 3708 ‘put

154 3717 247 3774 cinere
275 3729 326 3774 suo
354 3721 466 3774 mucius
493 3715 647 3771 Adaltrdtls
683 3712 786 3770 fecerit
814 3710 975 3782 flitmum·
1018 3717 1151 3774 lulaverat
1185 3721 1378 3790 consuetudo,
1412 3737 1474 3792 que
1508 3724 1590 3780 etiam
1616 3725 1843 3796 reciprocabatur

154 3810 219 3864 Erat
237 3811 328 3864 antem
342 3806 464 3862 tumulus
484 3805 513 3862 in
537 3803 640 3876 templo
669 3803 740 3875 ignis
769 3803 879 3859 deserto
899 3813 977 3857 corn-
1019 3807 1094 3863 omni
1108 3819 1193 3863 anno.
1210 3808 1319 3864 Octavis
1346 3809 1466 3881 denique
1484 3811 1668 3882 negationum
1696 3812 1731 3870 ab
1760 3813 1841 3870 utris·

154 3897 302 3965 bustione;
332 3910 435 3967 corpus
462 3909 528 3952 vero
548 3909 609 3952 cunr
638 3894 748 3951 caeteris
776 3890 979 3948 honorabiliter
1019 3908 1074 3965 que
1089 3895 1214 3966 partibus
1227 3898 1444 3956 conveniebatur
1457 3900 1486 3957 in
1502 3914 1604 3958 unum:
1630 3901 1724 3972 ibique
1748 3899 1842 3960 eonfe-

155 3988 275 4046 locatum
312 3987 341 4044 in
374 3985 491 4043 ecclesia
523 3984 615 4042 sancti
646 3983 760 4040 loannis
792 3979 977 4053 evangeliste.
1020 3984 1153 4042 rebantur
1171 3998 1290 4057 corpora
1313 3993 1480 4046 sanctorum.
1506 3989 1687 4047 solvebantur
1705 3990 1781 4060 lites,
1807 3991 1842 4049 ad

154 4079 240 4134 Orant
253 4076 395 4148 genitores
409 4088 460 4146 pro
474 4089 505 4130 εε
524 4079 552 4130 ει
567 4086 618 4143 pro
633 4071 701 4140 tilio,
724 4077 849 4128 sanctum
868 4071 978 4126 Petrum
1019 4087 1115 4146 paoern
1130 4074 1330 4132 revocabantur
1343 4076 1498 4147 discordes,
1514 4079 1720 4138 mutabantura
1739 4079 1843 4152 populo

155 4179 240 4236 saepe,
256 4165 359 4236 saepius
377 4170 502 4221 sanctum
515 4162 680 4220 hdalardum
704 4161 877 4220 invocando:
892 4158 981 4217 adfuit
1019 4162 1118 4222 orandi
1132 4163 1215 4220 vices.
1237 4167 1353 4223 beoreta
1376 4168 1520 4240 utriusque
1543 4168 1599 4226 loci
1621 4170 1843 4238 renovabantur,

156 4261 283 4326 uterque,
305 4254 360 4312 imo
387 4256 460 4310 bens
488 4258 602 4324 propter
629 4259 787 4323 utrumque.
806 4252 878 4307 Puer
906 4249 979 4306 enim
1021 4251 1124 4324 populo
1153 4253 1352 4323 perorabatur,
1381 4256 1477 4326 sicque
1508 4257 1660 4314 redibatur.
1675 4257 1728 4314 Sed
1743 4271 1846 4327 proce-

157 4350 319 4415 recuperata
337 4343 426 4400 salute
445 4344 530 4413 coepit
552 4354 601 4400 eos
620 4342 668 4412 qui
691 4342 808 4398 aderant
824 4338 928 4410 alloqui
952 4342 979 4394 et
1020 4343 1102 4399 dente
1114 4347 1249 4412 tempore,
1265 4343 1350 4414 eoepit
1368 4343 1518 4415 aliquando
1537 4361 1582 4402 res
1605 4347 1665 4417 ipsa
1693 4361 1744 4403 usu
1772 4346 1845 4403 vile-

155 4450 507 4520 recompensassent
530 4448 640 4521 quidem
669 4461 719 4518 per
746 4461 778 4504 ea
806 4453 931 4516 tempora
950 4415 1101 4527 idDmano
1117 4448 1286 4519 indignetur,
1303 4449 1378 4520 quod
1393 4451 1506 4507 ιιεειιιιι
1534 4451 1630 4509 cincti
1657 4456 1682 4508 et
1709 4467 1845 4509 ιιεειεεοι

156 4522 297 4594 peculiare
317 4535 416 4578 nomen
445 4525 504 4577 erat
533 4519 711 4590 pontificibus
739 4518 880 4575 Romanis.
909 4517 976 4598 Epr·
1020 4518 1197 4591 opoetotcrum
1220 4523 1378 4578 oomiuotsr.
1407 4525 1474 4580 cunr
1494 4535 1594 4579 nomen
1617 4523 1691 4580 istud
1704 4524 1844 4595 quondam

156 4594 235 4664 scopi
250 4593 322 4650 euim
350 4593 445 4650 vicarii
473 4593 573 4647 Christi
603 4591 703 4660 passim
731 4588 905 4670 dicebantur,⁸
923 4599 979 4642 rmo
1020 4592 1082 4646 aliis
1097 4591 1236 4660 episcopis
1255 4606 1409 4662 commune,
1439 4597 1509 4651 citra
1536 4597 1719 4666 arrogantiam
1745 4597 1771 4652 ei
1798 4609 1845 4652 re·

156 4679 237 4736 reges
256 4665 337 4720 etiarn
352 4671 381 4721 et
395 4664 517 4719 abbates
535 4661 612 4732 apud
629 4663 804 4716 llincmarum
819 4659 847 4714 in
862 4657 980 4727 eprstola
1020 4666 1123 4718 servari
1138 4663 1269 4732 potirerit,
1300 4666 1339 4720 uti
1368 4671 1396 4720 et
1424 4679 1502 4736 papae
1529 4668 1692 4723 vocabulum
1720 4673 1842 4736 aptatum

157 4737 193 4793 ad
207 4736 333 4792 carolum
350 4737 459 4806 praelixa
488 4734 559 4790 libro
578 4735 616 4788 be
645 4731 898 4803 predestinatione,
920 4730 980 4812 epi·
1021 4741 1072 4789 est.
1089 4733 1128 4788 hb
1148 4747 1181 4789 eo
1196 4741 1320 4804 ternpore
1335 4739 1433 4791 summi
1453 4737 1597 4806 pontifices
1615 4737 1708 4794 siconi
1726 4738 1841 4804 christi,-

157 4808 237 4878 scopi
252 4805 625 4871 constantinensesque,
646 4812 674 4860 et
692 4805 720 4858 in
739 4800 980 4859 admonicionibus
1022 4805 1144 4875 episcopt
1160 4805 1307 4875 aliquando
1322 4807 1415 4862 arcora
1428 4809 1513 4863 saaca
1526 4809 1597 4865 rurs
1620 4810 1687 4865 oron
1712 4816 1786 4876 sunt,
1812 4814 1843 4864 ιι

157 4879 194 4936 ad
210 4878 376 4934 badericum
390 4877 541 4935 Gcrnraniae
556 4889 648 4947 regen
667 4889 728 4944 cap.
753 4874 770 4926 7
795 4873 978 4954 appellantur.
1022 4883 1097 4947 pater
1111 4877 1139 4931 ιιι
1154 4877 1227 4932 Porri
1242 4879 1378 4933 blesensis
1392 4879 1508 4948 epistola
1530 4879 1589 4947 las,
1606 4887 1633 4936 ει
1652 4881 1680 4936 ιιι
1696 4881 1768 4937 Petri
1783 4879 1844 4936 cel-

158 4951 307 5008 Gustarius
338 4963 403 5006 vero
431 4948 603 5005 coloniensis
625 4946 782 5003 antistesin
811 4943 927 5014 epistola
946 4942 980 5024 ad
1022 4949 1107 5003 tensis
1124 4947 1174 5004 lib.
1205 4949 1494 5018 v111,epistola‘l.ht
1518 4952 1701 5022 hocquldem
1725 4953 1845 5008 vocabu-

159 5024 356 5078 lllncmarum:
376 5020 418 5076 Ad
442 5035 488 5074 cos
506 5019 619 5090 confivqi,
639 5019 739 5089 inquit,
769 5015 812 5086 qui
844 5015 892 5069 boi
920 5019 983 5069 estre
1024 5019 1078 5074 lum
1094 5019 1232 5089 episcopis
1247 5021 1378 5076 tributum
1398 5029 1449 5088 est,
1478 5035 1534 5078 non
1557 5031 1610 5079 tam
1630 5024 1783 5081 communis
1796 5037 1845 5094 ap·

158 5094 285 5149 ciconus.
306 5092 381 5148 ldem
396 5091 513 5162 elogium
529 5090 631 5146 saeculo
659 5105 697 5144 ιιιι
724 5087 871 5143 Guiberlus
898 5085 983 5141 abbas
1024 5089 1181 5160 pellatiouis
1195 5105 1276 5146 causa
1291 5106 1372 5162 quam
1387 5092 1510 5149 honoris.

159 5163 364 5221 Gemblacensis
387 5163 484 5219 tribuit
510 5161 637 5231 Philippo
666 5159 824 5215 Coloniensi
851 5157 983 5227 episcopo
1061 5161 1113 5233 (45)
1129 5164 1186 5217 ιιιο
1207 5163 1298 5230 potius
1313 5177 1384 5218 anno
1399 5166 1545 5222 millesimo
1568 5166 1701 5222 vicesimo
1726 5167 1844 5238 quinto,

162 5250 218 5292 non
237 5235 322 5290 semel
337 5234 365 5290 in
384 5233 509 5304 epistolis
523 5247 589 5288 mss.
603 5233 632 5286 in
651 5245 766 5301 quarum
790 5243 843 5285 una
866 5229 983 5310 haecte-
1025 5233 1053 5288 in
1069 5247 1150 5302 quem
1166 5234 1332 5289 conveniunt
1351 5249 1447 5292 omnes
1472 5237 1773 5309 chronologicarum,
1792 5251 1846 5294 non

162 5309 237 5379 gitur
251 5306 395 5376 inscriptio
420 5303 583 5362 :Encoleudo
611 5303 697 5370 Petri,
716 5302 816 5357 sicario
836 5300 932 5357 Oluisb
959 5302 984 5354 et
1025 5304 1054 5360 in
1078 5315 1179 5360 annum
1208 5305 1236 5360 in
1265 5312 1340 5361 textu
1360 5321 1529 5378 expressum,
1550 5320 1605 5378 quo
1630 5310 1750 5365 loannes
1778 5322 1847 5380 papa

162 5377 274 5450 oramate
287 5377 398 5433 coelffllt
412 5375 480 5432 0¹⁸!oe
499 5373 633 5443 claviam,
647 5371 777 5444 Philippa.
794 5379 860 5438 etc,
876 5378 903 5427 θῑ
917 5384 984 5426 Stlt-
1026 5376 1082 5440 llll,
1096 5375 1238 5431 conradus
1257 5381 1284 5432 et
1301 5378 1453 5434 lietbertus
1476 5378 1612 5435 obierant.
1634 5382 1742 5437 Festum
1766 5381 1848 5449 hujus

163 5458 226 5506 ctus
238 5449 395 5504 Bernartius
408 5447 437 5502 in
451 5459 577 5502 sermone
608 5443 676 5500 lde
702 5445 869 5500 ascensione
889 5442 987 5524 praala-
1027 5447 1188 5502 elevationis
1215 5447 1376 5504 solemniter
1394 5449 1542 5520 quotannis
1569 5451 1692 5508 corberae
1721 5452 1847 5510 celebra.

164 5527 209 5577 tos
222 5531 348 5590 quosque
362 5519 464 5576 Christi
477 5516 594 5573 vicarios
608 5514 740 5585 appellat.
760 5515 829 5571 llinc
848 5514 988 5583 colligrtur
1029 5524 1075 5574 tur
1088 5517 1133 5574 dic
1152 5517 1258 5574 decima
1272 5519 1410 5577 octobris,

163 5605 246 5662 quarn
265 5592 403 5648 immerito
426 5589 569 5647 damasius
594 5584 772 5644 lithericnsis
796 5583 918 5656 pontifici
933 5585 988 5640 Ro·
