4106 6178
192 245 261 302 1145
666 248 711 308 bii
728 251 933 308 fflvubrlortu
951 253 994 309 ET
1013 249 1223 308 annuntiotis
1241 250 1269 307 S.
1289 249 1434 306 beurim.
1811 250 1880 308 illd

189 371 329 445 gnatiouis
341 387 400 432 sure
414 373 448 430 ad
464 378 572 445 tempus
585 374 694 434 distulit
711 377 926 448 correptionem,
942 377 1168 440 ecclesiasta
1177 375 1273 432 dextra
1283 387 1392 432 omnem
1401 373 1522 432 cenobii
1531 373 1622 433 locum
1631 375 1880 458 benedixisse.Qaa

189 461 318 518 lessiouis
345 467 448 519 nostre
471 463 659 533 penitudines
685 479 717 522 ac
745 471 849 523 sauctae
867 479 1013 524 conversa·
1054 463 1089 522 de
1105 479 1134 522 re
1149 465 1230 522 etiam
1245 460 1395 537 colligitur,
1410 464 1501 521 locum
1515 479 1531 520 a
1545 464 1709 536 quibusdam
1725 469 1879 528 commissis

189 551 274 608 tionis
289 551 452 622 praestolans
475 553 706 622 meliorationem,
727 562 757 612 ιι
780 555 853 612 enim
877 555 1012 626 propbeta
1050 554 1106 624 jam
1121 555 1271 625 expiatum,
1286 554 1452 625 demumque
1468 553 1497 610 in
1516 554 1663 626 pristinum
1679 554 1720 611 vel
1743 557 1879 626 potiorem

189 647 348 698 memorat:
372 643 436 696 Non
458 641 511 697 salt
534 647 641 698 mortens
663 644 818 714 pemmonis,
838 644 886 700 sed
899 648 928 700 nt
946 659 1013 702 con-
1054 643 1182 700 decorem
1206 642 1355 714 aliquando
1380 642 1557 700 miseratione
1578 643 1626 698 bei
1651 644 1878 702 convertendum.

188 733 305 786 certatur
318 734 343 786 ct
357 729 426 786 must
441 729 548 798 (Esset.
563 746 640 799 xvrn,
660 731 715 803 23).
732 734 789 790 liae
804 733 898 804 itaque
912 734 1011 790 redas·
1052 735 1165 790 Interea.
1175 732 1257 790 uobis
1271 731 1334 789 divo
1349 732 1483 802 expositis
1505 746 1538 788 ac
1560 745 1700 789 murorum
1725 733 1880 812 parictibus

188 818 301 890 gutione
330 819 485 877 immaniter
512 821 652 890 perterriti
682 830 709 879 et
733 822 768 879 ad
792 828 899 893 tempus
924 823 1011 893 pmni-
1052 826 1188 879 tectorum
1208 833 1320 879 suorum
1344 821 1490 879 boucstate
1510 820 1630 888 nudatis,
1649 821 1743 878 denuo
1758 822 1880 880 necessi-

189 909 275 964 tsnlia
308 907 405 976 ducti,
440 923 501 966 cum
534 909 588 966 bue
621 914 703 968 tenus
734 912 762 968 in
795 913 859 970 novi
892 912 1011 970 bominis
1052 911 1148 968 tudine
1167 916 1282 982 urgente
1303 917 1375 967 tecta
1390 916 1564 980 reparantur,
1580 909 1723 980 murisque
1739 918 1879 984 utcunque

187 996 372 1054 sinceritatem
397 998 572 1056 aemulatione
594 1006 690 1057 sancta
712 999 784 1058 toret
804 1001 974 1070 cnitmdum,
994 1017 1010 1058 a
1052 999 1142 1056 adbuc
1161 999 1298 1056 stantibus
1321 1005 1524 1071 supponuntur.
1551 998 1621 1066 Quid
1650 998 1750 1070 plura?
1772 1000 1881 1057 cunctis

188 1085 328 1142 nonnullis
354 1099 430 1142 more
454 1087 537 1145 suillo
560 1088 660 1146 iterato
689 1089 807 1147 reditum
836 1096 878 1147 est
905 1091 933 1146 in
960 1091 1009 1148 luti
1051 1101 1102 1160 pro
1118 1095 1242 1160 tempore
1260 1103 1293 1146 ac
1316 1102 1367 1160 pro
1382 1102 1464 1160 posse
1479 1089 1613 1159 reparatis
1627 1101 1676 1145 seu
1691 1090 1785 1160 potius
1800 1089 1878 1146 deal-

188 1172 370 1230 volutabrum.
395 1175 515 1232 Tandem
543 1177 719 1248 iniquitatum
746 1183 902 1236 nostrarum
930 1193 1010 1237 enor-
1051 1176 1133 1246 batis,
1149 1177 1259 1250 quidam
1276 1183 1432 1235 nostrorum
1449 1176 1530 1234 citius
1545 1183 1622 1234 recto
1642 1191 1697 1234 non
1713 1178 1800 1236 multo
1815 1184 1880 1250 post

188 1263 282 1320 mitate
297 1263 421 1320 irritatus
434 1279 570 1336 supernus
583 1267 704 1335 Arbiter,
718 1271 882 1326 exteriorem
898 1269 1008 1326 domum
1051 1269 1176 1336 tempore
1200 1266 1366 1323 visitationis
1388 1281 1447 1323 suas
1471 1266 1551 1322 obliti
1572 1272 1601 1323 et
1624 1267 1658 1324 ad
1683 1267 1879 1325 abrenuntiata

186 1364 274 1419 suam,
289 1351 339 1408 sed
358 1353 437 1409 malis
460 1355 562 1411 nostris
576 1356 738 1427 urgentibus
752 1355 910 1428 speluncam
925 1357 1010 1414 latro-
1050 1354 1235 1412 irreverenter
1250 1355 1362 1424 reversi,
1378 1355 1552 1426 necdumque
1576 1353 1645 1412 laece
1664 1356 1798 1412 malmum
1813 1369 1877 1412 suo-

188 1454 251 1496 num
275 1435 384 1509 lactans
406 1443 446 1498 uti
466 1441 547 1515 longe
566 1449 645 1500 antea
670 1444 801 1502 divinitus
814 1447 1007 1504 comminatum
1050 1457 1110 1500 rum
1130 1445 1278 1511 exinanita,
1299 1442 1408 1500 demum
1434 1442 1580 1500 diabobcse
1605 1444 1782 1517 malignitatis
1810 1443 1874 1500 illa-

187 1527 355 1601 tuerat,lgni
370 1515 565 1588 miserabiliter
580 1532 615 1588 ad
630 1533 816 1591 devorandum
831 1534 1006 1592 deliberarat.
1050 1539 1187 1602 queantur
1215 1532 1312 1604 pedica
1337 1553 1344 1589 ι
1376 1547 1437 1590 cum
1466 1547 1532 1590 ecce
1556 1533 1648 1590 divina
1674 1535 1803 1604 majestas
1827 1547 1879 1590 nos

186 1615 259 1672 Nulli
278 1623 369 1674 autem
392 1619 428 1676 sit
447 1618 559 1677 dubium
576 1628 666 1678 utrum
681 1638 745 1679 casn
760 1621 874 1681 fortuito
888 1639 923 1681 an
937 1639 1009 1696 prae·
1050 1623 1190 1691 territura,
1206 1622 1315 1679 demum
1339 1627 1402 1692 post
1424 1621 1580 1692 aliquorum
1595 1636 1728 1680 annorum
1749 1623 1877 1679 curricu-

187 1705 280 1762 llbatae
298 1707 338 1763 rei
362 1709 449 1779 gratia
473 1709 554 1780 hujus
573 1711 773 1768 combustionis
792 1727 876 1784 super
898 1727 950 1771 nos
968 1703 1107 1770 in-Blum
1123 1713 1150 1768 in
1165 1726 1217 1769 nos
1230 1710 1345 1782 pladiani
1363 1727 1438 1768 mum
1451 1711 1562 1768 vibrant
1587 1710 1674 1783 (Pscl.
1694 1727 1744 1778 mr,
1767 1711 1824 1782 13),
1844 1725 1878 1768 ac

187 1796 312 1867 gruerint
337 1796 492 1869 dispendia,
518 1814 579 1857 eum
606 1802 702 1872 procul
729 1817 744 1858 a
768 1804 936 1861 monasterio
961 1803 1010 1862 illo
1051 1799 1141 1856 subita
1169 1808 1247 1870 peste
1276 1800 1386 1856 multam
1411 1807 1516 1870 partem
1541 1805 1699 1856 nostrorum
1719 1799 1878 1856 lethotenus

187 1885 251 1956 igne
275 1894 440 1958 exsurgente
463 1902 496 1944 ac
519 1898 676 1959 crescente,
698 1898 725 1948 et
744 1896 842 1950 ventus
854 1893 879 1949 ei
894 1906 1010 1950 consur·
1052 1889 1179 1959 perculit.
1196 1891 1252 1944 Nee
1267 1895 1327 1944 erat
1341 1895 1409 1944 tunc
1424 1887 1478 1944 ulla
1497 1887 1673 1944 morientium
1690 1889 1811 1958 requies,
1827 1887 1876 1960 ssd

188 1975 290 2032 rexerit
312 1981 340 2032 et
359 1979 553 2047 concreverit,
578 1995 610 2036 ac
633 1980 765 2038 nonnulla
789 1981 898 2039 domata
918 1987 1010 2040 trans·
1051 1977 1145 2034 dictim
1177 1976 1347 2034 corruebant
1374 1977 1448 2034 velut
1477 1976 1611 2034 morbidae
1635 1990 1710 2033 ores·
1733 1978 1802 2034 Cum
1825 1975 1874 2032 illu

186 2077 308 2135 gressus,
331 2080 427 2124 versus
451 2067 582 2139 templum
605 2070 809 2128 vehementiore
833 2071 930 2139 babro,
954 2073 1010 2128 imo
1051 2067 1093 2123 vel
1117 2066 1173 2123 illis
1196 2065 1334 2122 delbnctis
1357 2065 1447 2122 adhuc
1469 2078 1565 2122 eorum
1589 2065 1739 2136 sepulturis
1761 2064 1879 2122 inservi·

186 2159 300 2222 peccato
329 2161 455 2228 urgente,
475 2157 627 2228 impulerit.
653 2160 687 2215 Et
712 2163 742 2215 ut
760 2160 864 2216 dictum
889 2167 931 2216 est
954 2181 961 2216 ε
985 2162 1008 2216 Α
1051 2162 1137 2222 retur,
1158 2155 1354 2212 eccealiornm
1369 2155 1458 2212 exitus
1481 2155 1566 2212 subiti
1588 2154 1797 2211 denuntiantur.
1812 2153 1875 2210 Plu-

183 2242 334 2298 scnctcnrio
363 2260 419 2300 nec
449 2246 555 2317 incipite
582 2245 688 2319 (Eneca
717 2262 755 2314 rx,
783 2248 820 2320 d),
852 2248 934 2305 sedes
961 2249 1010 2312 liei
1050 2245 1112 2301 riuti
1134 2244 1245 2300 interim
1270 2245 1392 2314 ejusdem
1416 2243 1503 2315 pestis
1521 2243 1637 2300 horrore
1662 2243 1769 2312 allecti,
1793 2247 1876 2314 atque

184 2329 276 2387 subito
307 2331 369 2402 igne
399 2333 584 2402 invaduntur,
617 2335 884 2406 lamentabiliterque
917 2335 1010 2394 edacis
1050 2333 1151 2405 singuli
1169 2347 1254 2403 super
1273 2347 1304 2389 se
1322 2333 1414 2390 subito
1429 2333 1528 2390 tuturae
1542 2333 1640 2390 mortis
1654 2331 1787 2403 suspecti,
1802 2331 1877 2388 mul-

184 2418 299 2475 tlammae
314 2421 463 2478 voracitate
480 2422 639 2492 liquantur;
666 2429 693 2480 et
712 2423 786 2494 quod
810 2424 918 2482 diutino
942 2426 1010 2483 mul·
1051 2428 1105 2479 mm
1121 2422 1254 2479 malorum
1268 2435 1379 2478 suorum
1395 2422 1594 2494 paenitudinem
1614 2423 1713 2479 iterato
1733 2425 1877 2492 coeperunt

184 2513 270 2577 toque
285 2507 387 2566 sudore
402 2510 571 2567 elaboratum
588 2513 707 2580 exstitit,
730 2518 806 2583 tunc,
823 2514 1006 2584 prohdolor!
1049 2525 1163 2583 gerere,
1189 2525 1222 2568 ac
1250 2511 1354 2567 intimis
1382 2511 1562 2582 lacrymarum
1584 2510 1711 2582 suspiriis
1729 2509 1877 2567 exacerba-

184 2595 268 2652 uuius
286 2595 341 2652 dici
365 2596 433 2654 hora
458 2601 639 2670 consumpsit.
664 2602 768 2658 bebirm
788 2603 937 2674 rapacitate
959 2620 1009 2663 sua
1050 2607 1104 2656 mm
1129 2599 1207 2656 malis
1231 2601 1289 2656 suis
1312 2601 1420 2657 bomini
1444 2601 1532 2658 nostri
1552 2599 1649 2657 taciem
1664 2599 1783 2672 placare.
1799 2601 1875 2656 Tunc

187 2684 273 2740 totius
287 2684 399 2741 claustri
415 2694 494 2758 gyrat
508 2689 637 2755 confinia,
652 2697 681 2746 et
694 2691 763 2748 nibil
780 2693 936 2750 intermisso
958 2707 1008 2750 ex·
1049 2695 1180 2746 cerneres
1202 2689 1269 2746 illud
1292 2691 1475 2762 apostolicum
1501 2690 1572 2747 bene
1597 2689 1749 2762 compleri:
1767 2688 1876 2760 deame

185 2772 314 2828 terminat
328 2774 430 2830 omnia.
446 2777 556 2844 Verum,
572 2783 602 2832 ut
617 2777 719 2833 dictum
740 2784 792 2846 est,
809 2780 877 2836 nibil
893 2781 920 2836 in
936 2787 1009 2838 terra
1049 2778 1113 2834 asini
1131 2778 1285 2834 aliermont
1300 2784 1412 2851 peccata
1435 2784 1535 2848 cestra,
1551 2784 1575 2834 el
1598 2783 1673 2835 orcis
1691 2792 1742 2852 pro
1766 2777 1876 2833 inuicem

185 2860 243 2916 deri
269 2861 330 2918 sine
351 2876 432 2918 causa
456 2863 515 2932 (lob
543 2881 571 2932 v,
601 2864 640 2936 d),
669 2866 741 2923 barud
770 2869 938 2926 eredendum
967 2875 1010 2928 est
1049 2873 1077 2923 at
1104 2867 1241 2924 salvemini
1260 2870 1328 2934 (lac.
1352 2884 1381 2937 v,
1406 2867 1457 2941 ld).
1487 2869 1543 2924 Nec
1568 2867 1659 2924 minus
1682 2866 1772 2923 omnis
1792 2879 1876 2937 pecu·

185 2949 327 3006 bominum
356 2951 466 3009 domum
499 2967 574 3010 suam
603 2955 741 3012 dimisisse
768 2957 859 3027 perire
886 2955 1007 3028 lmstra;
1051 2955 1178 3014 liaritatis
1201 2957 1307 3014 reculas
1326 2958 1364 3015 in
1387 2957 1506 3014 medium
1526 2955 1663 3029 proferri,
1694 2963 1758 3012 ante
1787 2954 1875 3026 pedes

184 3038 233 3094 sed
253 3047 284 3094 ut
311 3040 426 3097 diutinis
449 3041 528 3098 malis
550 3043 662 3113 penitus
684 3045 852 3114 expiaretur,
873 3051 900 3102 et
915 3052 945 3103 ut
959 3046 1008 3104 do·
1019 3028 1155 3102 Gdomtni
1170 3047 1278 3104 abbatis
1291 3047 1422 3104 Roderici
1437 3053 1551 3103 cunctas
1565 3045 1686 3117 exponi,
1712 3044 1803 3116 dignae
1819 3057 1876 3114 poe·

185 3141 245 3183 mus
267 3142 317 3184 sua
338 3128 455 3186 interior
467 3151 483 3198 ,ι
500 3131 601 3188 ibidem
617 3132 747 3190 videlieet
761 3141 1007 3203 commanentes,a
1049 3135 1184 3192 nitudinis
1208 3142 1236 3191 ιι
1259 3137 1438 3207 laerymarum
1464 3136 1575 3192 bneutis
1597 3133 1762 3206 rebaptizari
1785 3139 1823 3200 et,
1844 3135 1875 3189 ut

186 3217 276 3287 pravis
288 3217 444 3276 actionibus
457 3221 515 3276 suis
529 3221 747 3289 deterrerentur,
769 3237 803 3279 ue
818 3224 841 3279 si
857 3224 936 3282 malis
950 3225 1009 3281 suls
1049 3224 1160 3280 brevius
1184 3224 1357 3293 concludam,
1383 3224 1427 3280 bis
1451 3225 1614 3296 cunctisque
1639 3223 1718 3280 malls
1737 3222 1875 3278 abrenun-

186 3303 292 3362 nollent
319 3309 487 3376 renuntiare,
516 3308 639 3367 deterius
667 3311 739 3383 ignis
767 3297 864 3369 aeterni
893 3319 957 3383 post
980 3314 1008 3369 ln
1049 3313 1123 3379 tiari,
1140 3319 1168 3368 et
1188 3312 1315 3369 omnibus
1338 3313 1420 3369 bonis
1444 3313 1535 3370 inuiti.
1556 3315 1613 3368 Nec
1632 3316 1722 3367 umen
1738 3312 1779 3367 sic
1798 3309 1874 3366 omni

186 3399 318 3450 aeternum
348 3397 512 3466 punirentur
534 3399 721 3457 damnatione.
752 3402 811 3458 liuc
833 3401 916 3458 etiam
939 3401 1007 3459 illud
1049 3400 1260 3472 Quadragesima
1282 3407 1418 3457 cessatum
1442 3407 1485 3456 est
1504 3400 1537 3455 ab
1554 3398 1711 3469 hujusmodi
1726 3398 1771 3454 lue
1788 3397 1874 3453 letbi·

185 3484 324 3540 memoriae
343 3485 464 3542 occumit
478 3486 552 3556 quod
576 3488 795 3560 Quadragesimae
818 3490 1009 3547 observatione
1049 3487 1116 3552 iera,
1133 3488 1223 3545 donec
1248 3489 1375 3545 undecim
1400 3495 1557 3545 nostrorum
1577 3487 1726 3553 defunctis,
1742 3501 1774 3542 ac
1788 3486 1874 3542 totius

186 3571 254 3626 illud
273 3571 421 3631 discrimen
436 3575 517 3632 nobis
535 3577 679 3644 acciderit,
695 3578 805 3648 quando
820 3580 912 3636 cuncti
934 3592 1008 3636 sane
1049 3577 1113 3633 anni
1128 3577 1227 3633 diebus
1241 3577 1342 3648 quibus
1356 3577 1460 3632 dlutius
1485 3576 1563 3632 abusi
1586 3590 1681 3632 sumus
1700 3575 1728 3630 in
1743 3574 1791 3630 tall
1806 3586 1875 3630 mte-

186 3659 249 3716 lidei
273 3662 395 3719 cultores
418 3665 590 3734 potissimum
615 3666 834 3723 errataaliorcm
855 3675 1008 3738 temporum
1050 3681 1112 3723 rore
1136 3673 1219 3737 atque
1242 3666 1380 3722 audemia
1405 3665 1569 3734 decimatis,
1595 3663 1721 3722 festivum
1744 3661 1873 3733 paschale

187 3750 294 3819 punire,
318 3759 401 3822 atque
420 3754 455 3809 ab
473 3754 517 3810 his
536 3755 618 3827 digna
643 3756 815 3826 penitudine
841 3771 871 3812 se
896 3769 1008 3827 operam
1049 3755 1212 3812 solemnium
1240 3755 1374 3824 instaret,
1403 3767 1567 3826 omnemque
1588 3754 1710 3826 ejusdem
1729 3751 1816 3809 eladis
1835 3751 1874 3807 la·

186 3839 253 3894 dant
267 3841 387 3911 expiare.
403 3843 447 3898 Sic
462 3844 503 3900 sic
517 3843 682 3915 longanimis
697 3851 724 3901 et
739 3845 832 3902 multae
848 3846 1008 3901 misericor·
1049 3858 1167 3915 erymam
1191 3843 1224 3901 ab
1253 3844 1342 3901 oculis
1367 3845 1471 3901 uostris
1498 3844 1586 3914 pietas
1614 3843 1663 3899 bel
1691 3842 1872 3913 abstergeret.

186 3928 239 3985 dise
255 3934 282 3985 et
297 3944 377 3986 verax
402 3933 543 4001 Dominus,
569 3933 617 3990 illo
637 3935 664 3989 in
689 3940 823 4005 tempore,
843 3934 896 3990 boc
915 3948 1010 3992 oceno·
1048 3933 1126 4000 Quod
1152 3933 1320 3990 undenarius
1339 3935 1470 3990 numeru's
1494 3933 1528 3989 ad
1555 3938 1700 4004 peccatum
1723 3930 1873 4002 pertineat,

186 4018 261 4073 bium
280 4020 489 4092 coenobltasqus
509 4035 560 4078 nos
581 4027 656 4080 tacita
686 4023 806 4081 incendii
830 4024 1008 4095 percussione
1032 4036 1135 4096 ‘sacras
1153 4023 1304 4078 auctoritas
1327 4023 1478 4093 scriptura
1501 4021 1568 4078 satis
1590 4022 1779 4083 demonstrat;
1809 4017 1874 4089 quia

187 4107 317 4164 mrvlmtos
330 4123 345 4164 a
360 4111 467 4167 nunctis
490 4114 596 4182 peccati
620 4115 762 4184 spurcitiis
785 4116 964 4183 examinasse,
981 4123 1009 4172 ιι
1049 4111 1121 4167 sieut
1135 4111 1286 4184 bemtogus
1300 4111 1406 4168 denarii
1428 4126 1533 4168 samma
1552 4112 1717 4181 completur,
1732 4108 1773 4164 sic
1788 4105 1874 4164 unde-

187 4197 215 4254 in
234 4198 370 4268 reliquum
384 4200 447 4256 vitae
471 4204 579 4272 tempus
603 4216 619 4258 o
639 4203 742 4260 utinam
761 4204 826 4260 velit
842 4207 1010 4263 emendatio-
1049 4201 1119 4256 narii
1145 4203 1315 4258 incremento
1334 4203 1548 4258 transcenditur.
1581 4203 1669 4269 Quare
1697 4196 1873 4269 quemadmo-

187 4301 231 4344 res
259 4302 330 4355 esse,
359 4295 494 4359 quatenus
519 4292 572 4348 boc
601 4307 668 4365 rogo
698 4295 886 4367 exstinguibili
918 4295 1008 4354 allecti
1049 4289 1114 4346 dum
1129 4304 1179 4361 liet
1193 4291 1335 4347 denirium
1354 4290 1480 4361 Decimii
1495 4289 1660 4353 observatio,
1677 4287 1774 4343 eudem
1789 4283 1872 4339 “¹⁰⁶⁰

187 4377 388 4449 castigatiores,
413 4381 509 4437 sterni
533 4383 605 4453 ignis
627 4384 766 4440 eructatus
788 4387 926 4455 possimus
947 4356 1101 4447 eva-Duos
1118 4378 1298 4434 undenarium
1323 4378 1429 4448 peceati
1456 4378 1587 4449 figuratur
1610 4373 1802 4444 tmussresslu·
1818 4373 1873 4427 cur

187 4465 253 4522 dere
281 4469 536 4541 inexstinguibiles!
562 4471 607 4528 Sic
639 4472 740 4527 etenim
770 4473 931 4546 plerumque
960 4474 1007 4530 bei
1049 4474 1077 4522 et
1091 4466 1150 4523 haec
1164 4465 1384 4537 Quadrugesimae
1398 4465 1515 4536 tempori
1530 4467 1728 4528 convellerunt,
1745 4468 1773 4518 θῑ
1796 4457 1870 4530 quod

187 4557 322 4626 sapientia
351 4558 377 4613 iu
406 4559 584 4630 corripiendo
617 4560 813 4618 immissionem
843 4563 926 4634 vlrgae
951 4578 1008 4620 suae
1049 4557 1084 4613 de
1098 4555 1196 4612 eodem
1212 4563 1336 4625 tempore
1350 4568 1433 4625 supra
1447 4560 1571 4611 nomtcm
1589 4553 1636 4620 sit,
1649 4552 1767 4623 diligens
1783 4549 1873 4605 lector

187 4645 336 4713 moditicat,
348 4653 378 4704 nt
390 4653 418 4704 et
432 4647 650 4720 delinquentium
661 4650 831 4707 emendanda
842 4653 886 4721 ple
902 4653 1007 4722 puniat,
1049 4645 1150 4714 videat,
1171 4658 1203 4701 ac
1217 4644 1358 4716 quomodo
1373 4659 1418 4700 res
1437 4643 1530 4709 rebus,
1546 4649 1725 4712 temporaque
1740 4637 1872 4708 tempori-

187 4735 351 4806 nemumque
371 4737 399 4792 in
423 4738 481 4809 apsa
505 4739 684 4810 qasgrgaqone
700 4740 829 4812 quiddam
849 4741 915 4797 boni
931 4740 1010 4798 mise.
1049 4735 1101 4790 bus
1124 4734 1170 4790 hic
1194 4741 1417 4804 consequantur,
1442 4731 1557 4788 rationis
1579 4729 1721 4787 vivacitate
1749 4727 1870 4799 colligat.

187 4825 294 4881 ratione
313 4840 362 4882 sua
386 4825 474 4883 loveat
490 4827 564 4899 quod
580 4834 643 4899 post
656 4829 684 4884 ln
700 4835 823 4900 tempore
843 4844 894 4887 suo
908 4842 1010 4902 oppor·
1049 4827 1083 4881 At
1107 4822 1245 4895 paululum
1275 4828 1373 4892 coeptae
1398 4820 1564 4876 narrationis
1590 4819 1729 4892 digressus
1757 4823 1871 4882 textum,

188 4922 253 4970 tune
273 4914 454 4984 demonstrat,
475 4917 703 4988 quemadmodum
732 4919 794 4976 loco
817 4934 868 4976 suo
892 4919 1010 4993 diligens
1050 4913 1083 4970 ad
1100 4913 1171 4968 idem
1184 4914 1239 4983 jam
1254 4925 1327 4967 nunc
1342 4911 1454 4967 retecto
1469 4910 1613 4966 calamum.
1885 4921 1889 4928 ·

187 5005 277 5061 lector
296 5005 427 5062 inveniet.
1085 5001 1112 5057 3.
1132 5003 1241 5056 interea
1263 5001 1304 5056 sic
1328 5000 1409 5056 nobis
1430 5000 1504 5072 virga
1533 4998 1639 5055 bomini
1665 4994 1808 5068 flagellatis
1840 5007 1872 5050 ac

223 5093 250 5148 2.
281 5093 328 5150 llis
355 5094 394 5150 ita
421 5096 602 5167 consumptis,
631 5097 754 5154 insecuta
787 5104 869 5152 nocte
901 5095 1010 5152 cuidam
1051 5090 1158 5147 meliori
1177 5090 1231 5148 viae
1252 5090 1396 5160 impulsis,
1422 5101 1570 5159 paucorum
1594 5099 1727 5144 annorum
1748 5092 1872 5155 tempore

188 5187 345 5240 nostrorum
371 5183 511 5240 seniorum
546 5185 637 5256 (quem
665 5186 730 5257 quia
761 5185 851 5242 adbuc
884 5190 1011 5255 superest
1051 5192 1188 5246 emenso,
1222 5180 1370 5235 sanctuarii
1404 5179 1523 5250 parietes
1555 5177 1654 5248 partim
1687 5173 1870 5244 antiquitate,

188 5272 254 5328 nolo
276 5271 431 5342 nomirrarc)
455 5273 483 5328 ln
507 5275 616 5329 somnio
634 5274 720 5330 visum
747 5279 789 5331 est
803 5274 897 5331 videre
916 5288 1011 5344 quem·
1052 5269 1150 5339 partlm
1166 5268 1295 5324 incendio
1311 5275 1455 5338 coeperuut
1473 5267 1596 5333 dissolvi,
1613 5274 1695 5336 atque
1714 5277 1744 5320 se
1759 5275 1872 5319 cerutu-

188 5359 250 5415 dam
277 5361 447 5432 magnificum
476 5361 562 5418 virum
596 5362 705 5420 babitus
737 5363 857 5421 candore
891 5364 1010 5432 niveum,
1052 5357 1118 5413 tium
1142 5357 1279 5426 capitibus
1303 5357 1408 5412 ruinam
1432 5355 1540 5411 minari.
1557 5353 1635 5411 Unde
1649 5352 1778 5409 consultu
1792 5351 1870 5422 prin·

187 5449 280 5506 vultus
301 5451 449 5520 splendore
477 5450 646 5520 tulmineum,
667 5452 784 5523 quodam
812 5453 924 5510 claustri
948 5453 1010 5510 loco
1052 5447 1143 5516 riuum
1162 5451 1318 5502 uoslrorllm
1342 5443 1504 5500 idelbrandi
1519 5443 1606 5515 §lilii
1620 5442 1654 5498 id
1672 5440 1871 5498 destruendum

189 5539 353 5610 perstitisse,
364 5540 545 5612 diligentique
555 5541 653 5598 obtutu
665 5541 873 5613 circumspectis
883 5540 1011 5598 omnibus
1050 5533 1119 5590 illud
1147 5547 1243 5591 manas
1264 5532 1420 5603 injicimus.
1444 5537 1581 5604 bullenus
1603 5531 1657 5588 ¹10⁰
1680 5537 1822 5597 fflss0l210,
1842 5529 1870 5584 ⁵¹1
