4024 6174
212 253 265 308 519
739 237 905 294 ltltb'h'ttlt'ts
922 236 1056 291 obuiusi
1075 232 1374 290 huobbunttoun'sts
1779 309 1786 324 .
1843 227 1894 282 butt

214 375 348 433 habeatis.
364 371 488 443 Cogitate
508 367 582 438 quia,
606 366 679 422 sieut
692 376 741 419 vos
759 361 859 418 mellus
881 373 962 431 quam
986 357 1120 431 egoAnel
1140 358 1235 415 labore
1250 371 1307 412 sure
1322 353 1525 424 dampnationis
1543 352 1662 408 subdere
1684 352 1829 422 potuisset,
1843 366 1896 409 non

214 464 340 530 novistis,
364 458 497 532 quicquid
521 454 603 512 alicui
626 453 713 525 gratia
728 451 819 507 diuina
843 449 967 520 largitur,
984 449 1037 506 boc
1078 447 1138 504 sine
1161 459 1212 502 suo
1237 456 1406 513 suorumque
1431 440 1555 512 periculo
1578 440 1632 497 sibi
1651 440 1790 510 subjicere
1808 441 1896 496 vellet.

216 553 243 612 el
253 554 312 610 uice
323 549 431 616 talenti,
442 549 477 605 de
487 559 543 617 quo
558 544 692 600 rationem
702 545 818 597 venturo
830 538 919 609 ludici
928 537 1036 604 reddat,
1078 535 1194 605 Quodsi
1214 539 1337 590 nostmm
1352 531 1523 602 sanguinem,
1540 530 1604 586 dum
1626 528 1712 585 nichil
1732 531 1792 599 ejus
1805 544 1899 601 super-

215 645 375 714 imputatur.
401 639 495 708 ltaque
519 634 583 705 quia
606 631 683 688 vobis
706 627 916 686 familiaritatem
945 641 1037 683 coram
1078 625 1124 690 sit,
1151 623 1258 680 laborat
1281 620 1433 686 ellundere,
1457 619 1562 690 cogitet
1579 619 1633 674 hoc
1658 631 1714 674 non
1738 616 1819 674 laoile
1842 618 1898 675 lieri

217 732 331 790 domino
354 731 449 784 nostro
468 737 543 795 rege,
564 720 637 792 regis
651 717 773 775 coelcstis
787 715 977 774 misericordia
991 729 1039 772 vo·
1081 726 1160 783 posse
1174 711 1234 768 sine
1249 723 1360 766 suorum
1375 707 1466 778 aliqua
1480 707 1675 763 commixtione
1690 705 1731 762 ¹⁸¹.
1761 708 1856 776 ltaque
1876 707 1898 763 si

218 819 269 876 luit
288 817 452 880 concedere,
472 811 513 867 sic
532 811 618 879 ipsam
641 805 853 862 familiaritatem
871 802 953 860 laeite
972 815 1040 859 cun·
1080 801 1161 857 nobis
1185 799 1287 856 nullam
1313 795 1531 854 misericordiam
1552 794 1643 852 lacere
1658 794 1790 866 disponit,
1806 794 1899 850 saltem

218 909 271 966 etis
285 907 333 978 qui
347 913 437 960 vestro
453 899 576 971 indigent
591 897 693 954 anulio
709 894 851 966 prodesse,
863 901 894 950 nt
908 899 936 950 et
950 892 1039 949 omnis
1080 902 1192 946 suorum
1208 888 1334 944 manibus
1348 890 1377 942 et
1396 883 1496 956 gladiis
1517 898 1631 954 parcerc
1644 884 1720 940 uelit.
1740 885 1805 940 llaec
1819 883 1901 954 igitur

220 997 268 1069 qui
286 1001 377 1052 uestro
393 991 549 1048 sublevatus
562 986 646 1043 luerit
666 984 779 1052 auxilio,
795 985 829 1041 de
845 989 935 1040 vestra
948 981 1040 1038 lelici-
1080 977 1145 1034 etsi
1161 991 1215 1047 qua
1231 975 1376 1048 potueritis
1390 974 1509 1044 aptiora,
1522 973 1635 1030 domino
1646 980 1741 1030 nostro
1751 973 1900 1044 suggerite,

219 1090 274 1140 tate
289 1082 415 1154 gaudent,
431 1083 459 1134 ιι
472 1077 532 1147 ipse
545 1077 619 1131 heus
633 1077 764 1130 aeternam
787 1070 942 1128 mercedem
961 1069 1040 1125 vobis
1081 1066 1161 1136 cique
1184 1071 1214 1123 ut
1236 1068 1321 1123 Deum
1340 1067 1444 1130 timeat,
1461 1063 1658 1134 populumque,
1682 1063 1726 1120 cul
1746 1066 1839 1118 rector
1861 1069 1903 1119 est

220 1186 270 1244 pro
286 1170 362 1226 lucro
378 1167 474 1226 talenti
489 1165 602 1222 tribuat.
618 1164 649 1218 ln
664 1161 761 1233 primis
775 1160 858 1231 igitur
873 1172 959 1214 meam
974 1171 1038 1213 cau-
1080 1155 1171 1223 datus,
1186 1169 1242 1212 non
1259 1155 1355 1227 perdat
1374 1154 1423 1211 sed
1438 1151 1587 1221 custodiat,
1603 1152 1716 1209 suadete
1738 1171 1744 1208 :
1770 1158 1801 1208 ut
1815 1157 1844 1207 et
1858 1151 1902 1207 ille

218 1274 275 1317 ιιιιι
297 1272 358 1316 curn
382 1256 494 1312 domino
518 1259 615 1310 nostro
638 1251 768 1323 dignetur
791 1247 981 1304 misericordia
993 1261 1040 1303 ue·
1081 1246 1104 1302 si
1127 1260 1176 1303 vos
1198 1246 1326 1313 audierit,
1352 1251 1380 1302 et
1402 1258 1451 1300 nos
1471 1247 1494 1301 si
1514 1244 1585 1300 bene
1603 1243 1756 1310 suaseritis,
1773 1247 1901 1299 ιιιιιιιιιιι

216 1355 273 1405 stra
296 1345 515 1404 misericorditer
538 1345 677 1406 tractare,
704 1339 812 1396 scilicet
839 1338 904 1408 quia
930 1350 1040 1406 semper
1081 1335 1234 1393 mercedem
1249 1333 1400 1406 recipiatis.

216 1438 292 1494 uolui
313 1442 341 1493 et
364 1435 427 1492 volo
453 1445 504 1504 pro
519 1431 623 1488 uiribus
646 1429 725 1497 meis,
745 1433 773 1485 et
792 1426 863 1484 ultra
882 1426 963 1493 uires,
979 1427 1040 1496 ejus
1115 1424 1161 1478 49.
1187 1443 1200 1474 ι
1221 1425 1343 1481 nominis
1358 1431 1385 1480 er
1399 1426 1432 1480 Ν,
1447 1423 1640 1481 &cerdonibus
1663 1421 1767 1478 saneris
1791 1421 1903 1478 cereris.

218 1525 320 1584 honori
336 1524 451 1582 seruire.
477 1520 555 1590 Quod
579 1519 603 1574 si
624 1531 667 1573 me
683 1515 755 1573 lorte
779 1517 906 1585 majestas
920 1515 981 1585 ejus
994 1527 1040 1570 ae·
1081 1526 1135 1583 que
1158 1513 1227 1570 viris
1252 1514 1377 1584 ejusdem
1400 1514 1510 1569 virtutis
1532 1519 1561 1568 et
1584 1511 1703 1580 ordinis,
1725 1509 1904 1567 werinherus

217 1622 295 1673 cusat
310 1614 351 1683 ¹¹⁸,
376 1612 442 1682 qnia
456 1609 487 1642 ¹⁷⁶
510 1621 599 1680 nuper
622 1606 701 1677 quasi
725 1611 895 1676 pugnaturus
919 1617 981 1658 cum
1005 1616 1039 1659 eo
1082 1600 1112 1632 ¹⁸¹
1128 1595 1230 1672 plenus
1253 1603 1329 1658 omni
1350 1603 1473 1670 miseria,
1493 1605 1596 1658 aeterna
1615 1598 1776 1670 participari
1800 1597 1906 1654 miseri·

218 1705 359 1770 venarim3
375 1702 438 1768 hoc,
454 1698 529 1770 quod
549 1697 608 1768 ipsa
624 1696 740 1763 Veritas,
760 1708 822 1765 quae
841 1692 967 1749 Christus
987 1679 1188 1760 est,Bcordia.
1213 1692 1340 1759 Quamvis
1364 1705 1459 1747 omnes
1482 1689 1709 1761 supplicationes,
1725 1701 1794 1758 quas
1807 1693 1904 1743 vestra

218 1794 295 1850 inovit
309 1805 404 1848 verum
425 1803 498 1856 csse,
522 1785 688 1856 respondete
709 1804 714 1840 :
742 1797 785 1841 me
808 1782 882 1839 nulla
901 1781 1041 1854 pugnandi
1081 1781 1240 1851 paternitati
1263 1780 1355 1837 verbis
1377 1781 1419 1837 vel
1444 1779 1544 1836 litteris
1566 1778 1630 1846 leci,
1650 1777 1737 1835 nichil
1755 1777 1842 1834 michi
1858 1775 1905 1832 ad·

218 1896 303 1940 causa
316 1877 495 1946 venisse,scd
508 1877 543 1934 ob
559 1877 612 1932 hoc
631 1874 731 1940 solum,
746 1873 818 1929 sicut
837 1885 929 1928 coram
944 1871 1042 1941 legatis
1081 1869 1137 1926 huc
1157 1869 1262 1926 videam
1286 1868 1434 1940 proluisse,
1460 1875 1550 1926 tamen
1573 1869 1672 1924 iterum
1691 1872 1790 1924 vestre
1810 1866 1904 1937 pietati

219 1973 279 2041 ojus
293 1968 383 2025 iuerat
397 1966 587 2030 constitutum,
605 1967 634 2019 ut
658 1975 708 2018 eos
727 1975 797 2032 quos
812 1961 839 2016 in
855 1959 959 2016 nostris
980 1972 1043 2029 par·
1078 1972 1139 2015 non
1160 1973 1240 2015 cesso
1259 1957 1427 2030 supplicare,
1443 1945 1523 2026 ut,'si
1538 1970 1587 2014 vos
1606 1970 1657 2014 nec
1672 1970 1733 2012 mea
1750 1955 1906 2012 innocentis

220 2059 294 2114 tibus
311 2071 377 2114 suos
391 2056 535 2112 vocaverat
550 2051 689 2118 inimicos,
703 2050 829 2107 uolentes
843 2049 900 2104 sive
915 2047 1042 2104 nolentes
1082 2045 1233 2115 calamitas,
1254 2060 1316 2113 uec,
1340 2061 1403 2118 quae
1423 2045 1464 2102 vel
1490 2045 1655 2103 nocentibus
1677 2044 1748 2102 solet
1768 2044 1903 2110 misereri,

220 2149 245 2204 ei
261 2150 468 2218 praesentarem,
484 2149 619 2214 quatenus
633 2144 725 2196 uestro
740 2138 912 2208 aliorumque
935 2135 1043 2207 princi·
1082 2137 1168 2192 flectit
1191 2135 1246 2192 ulla
1267 2136 1365 2207 pietas,
1381 2135 1478 2192 saltem
1495 2148 1544 2191 nos
1563 2133 1648 2190 taedio
1671 2147 1722 2190 suo
1740 2147 1801 2188 mea
1816 2133 1905 2189 vincat

218 2249 282 2306 pum
302 2235 420 2305 judicio.
440 2230 482 2288 vel
506 2232 535 2287 in
558 2228 674 2286 crimine
694 2227 860 2298 deprehensi
877 2227 952 2296 justo
973 2239 1042 2296 sup-
1082 2225 1286 2296 importunitas.
1307 2226 1359 2282 Per
1383 2223 1582 2294 omnipotentis
1610 2222 1695 2295 igitur
1717 2222 1765 2278 liei
1789 2221 1907 2278 clemen-

218 2324 301 2394 plicio
330 2323 521 2392 subjacerent,
550 2317 594 2375 ιιι
622 2319 786 2374 innocentes
814 2314 934 2384 inuenti,
963 2313 1043 2370 vobis
1083 2313 1149 2370 tiam
1158 2326 1208 2370 ros
1218 2327 1286 2385 rogo
1301 2313 1405 2385 pariter
1418 2319 1446 2370 et
1461 2326 1571 2382 moneo,
1585 2311 1719 2384 presules
1728 2310 1903 2377 sanctissimi,

217 2412 453 2469 intercedentibus
485 2409 600 2480 gratiam
633 2408 693 2476 ejus
724 2406 891 2475 reciperent.
921 2405 1042 2472 Quorum
1082 2409 1113 2458 nt
1136 2403 1165 2460 ln
1189 2417 1233 2460 me
1253 2417 1303 2460 uos
1325 2403 1404 2474 ipsos
1425 2402 1603 2460 considerare
1625 2400 1787 2473 dignemini,
1813 2405 1843 2456 et
1865 2414 1906 2456 me

218 2515 327 2561 causam
339 2501 403 2571 quia
419 2512 474 2556 non
489 2504 531 2554 est
546 2497 674 2566 dignatus
688 2495 826 2564 accipere,
838 2492 905 2563 quid
918 2506 962 2548 me
976 2493 1041 2559 uisi,
1083 2505 1139 2547 non
1159 2491 1247 2548 solum
1272 2491 1299 2547 ln
1325 2491 1400 2547 nullo
1424 2491 1539 2548 crimine
1559 2490 1725 2556 conuictum,
1740 2487 1790 2544 sed
1806 2502 1862 2544 nee
1875 2487 1906 2544 de

217 2592 290 2648 sicut
307 2588 371 2656 leci,
388 2587 505 2643 decebat
523 2584 692 2640 abscedere?
710 2583 738 2639 Sl
753 2582 821 2638 alias
835 2581 919 2638 michi
935 2579 1041 2652 quasli-
1083 2581 1140 2638 nllo
1161 2581 1191 2612 '⁸⁵
1214 2581 1329 2637 crimine
1354 2580 1566 2652 compellatum,
1591 2578 1789 2650 condempnari
1809 2592 1847 2634 ne
1867 2591 1908 2647 pa·

217 2681 264 2737 bct
288 2677 383 2749 culpas
407 2677 548 2746 imponet,
579 2687 613 2729 ne
639 2673 749 2744 longum
777 2670 894 2740 luciam,
924 2677 1041 2728 vestram
1082 2670 1200 2727 tiamini.
1224 2670 1309 2740 culpa
1333 2670 1417 2726 michi
1442 2669 1519 2740 prius
1545 2670 1711 2740 imponatur,
1738 2667 1909 2724 delensioais

216 2767 390 2838 aliorumque
414 2764 536 2836 ejusdem
559 2762 666 2820 ordinis
681 2763 801 2819 virorum
825 2761 914 2830 patiar
931 2765 1042 2816 senten·
1083 2760 1167 2816 michi
1188 2758 1267 2816 locus
1291 2759 1420 2825 donetur,
1442 2757 1490 2814 ubi
1512 2759 1555 2814 uel
1579 2771 1683 2814 nocens
1696 2764 1789 2815 nestro
1801 2755 1909 2826 iudicio

217 2859 293 2915 tiam.
318 2854 422 2912 neindc
446 2852 558 2911 domino
574 2852 604 2884 ¹⁷⁷
623 2855 719 2909 nostro
738 2850 797 2922 regi
821 2850 950 2921 dignetur
964 2849 1041 2905 almi·
1082 2849 1194 2921 dignum
1218 2862 1301 2920 cogar
1322 2849 1416 2905 subire
1440 2847 1616 2918 supplicium,
1642 2847 1684 2904 uel
1703 2846 1844 2904 innocens
1867 2863 1909 2903 ve-

216 2951 259 3002 tas
272 2948 363 3001 vestra
377 2955 524 3014 suggerere
543 2946 574 2996 ut
593 2940 756 2996 recordetur
778 2953 808 2995 se
832 2937 953 2994 coelestis
968 2938 1041 3008 regis
1082 2945 1169 2994 strum
1193 2937 1244 2994 sub
1267 2937 1354 3010 gratia
1376 2936 1480 2994 domini
1504 2935 1592 2993 nostri
1617 2935 1648 2968 ¹⁸⁸
1672 2949 1779 2992 merear
1802 2935 1908 2992 habere

215 3035 302 3090 vicem
326 3032 407 3087 simul
430 3035 459 3086 et
478 3042 577 3086 nomen
600 3028 713 3094 habere,
739 3028 786 3096 qui
801 3027 869 3083 dicit
883 3040 913 3082 se
933 3006 1261 3084 miseri-Gconsortium.
1295 3027 1361 3094 Quis
1393 3027 1465 3083 enim
1493 3025 1544 3081 luit
1572 3039 1699 3096 umquam
1726 3025 1801 3095 juste
1833 3025 1908 3096 prins

217 3121 340 3178 cordiam
364 3118 450 3189 magis
464 3117 534 3173 nelle
558 3129 640 3186 quam
664 3114 839 3180 sacrificium,
855 3119 883 3170 et
902 3115 950 3184 qui
963 3115 1039 3170 uenit
1079 3115 1253 3188 dampnatus,
1274 3129 1354 3186 quum
1379 3115 1413 3171 de
1433 3115 1526 3185 aliquo
1545 3115 1660 3171 erimine
1684 3111 1782 3170 lutsset
1796 3128 1908 3171 accusa·

123 3229 129 3232 ·
217 3225 274 3268 non
289 3215 318 3266 ut
330 3207 436 3279 judicet
459 3206 590 3264 mundum
605 3205 654 3260 sed
670 3209 700 3259 nt
713 3203 833 3259 salvetur
856 3203 975 3258 mundus
989 3217 1038 3273 per
1079 3209 1144 3260 tus?
1166 3204 1292 3260 Nondum
1316 3203 1399 3260 michi
1423 3203 1539 3274 cognovi
1558 3203 1664 3274 cuipam
1684 3201 1840 3272 quamlibet
1859 3203 1908 3260 im·

216 3300 325 3372 ipsum;
349 3303 486 3368 quatenns
509 3295 573 3350 dum
601 3293 660 3350 haee
685 3292 840 3363 recogitans
868 3305 940 3358 eum,
960 3293 1038 3361 cujus
1080 3293 1157 3362 poni,
1174 3294 1279 3362 etjam,
1295 3291 1374 3362 quasi
1389 3291 1534 3348 criminum
1554 3290 1733 3362 plurimorum
1748 3291 1904 3356 convietus,

216 3393 259 3444 cst
282 3387 313 3419 ¹⁷⁸
340 3385 492 3442 membrum
519 3389 546 3439 ct
570 3381 648 3451 cujus
675 3393 775 3438 nomen
804 3379 907 3446 habet,
930 3380 1038 3436 actibus
1079 3394 1174 3451 poenas
1192 3381 1355 3439 saevissimas
1377 3381 1452 3438 dedi.
1477 3382 1555 3450 Quod
1579 3382 1603 3436 si
1628 3395 1671 3437 me
1689 3381 1839 3451 quisquam
1859 3381 1906 3436 do

215 3476 309 3532 studet
331 3474 443 3540 imitari,
468 3477 607 3529 mereatur
630 3470 658 3526 in
681 3482 767 3540 regno
786 3468 892 3524 celesti
916 3468 1037 3524 beatitn·
1079 3470 1153 3526 mino
1177 3483 1238 3527 meo
1262 3469 1346 3526 luisse
1365 3470 1407 3527 vel
1427 3485 1488 3526 esse
1512 3469 1644 3540 pecudum
1660 3469 1835 3536 criminatur,
1852 3483 1905 3525 nou

214 3565 289 3621 dinis
303 3567 414 3620 aeternae
427 3560 514 3633 gloria
529 3558 667 3617 coronari.
692 3559 745 3614 Per
762 3561 849 3612 totum
864 3555 921 3614 lere
935 3569 1037 3612 annum
1079 3559 1169 3616 minus
1183 3574 1263 3632 quam
1279 3560 1326 3629 qni
1341 3559 1411 3616 dixit
1424 3559 1560 3616 Domino:
1579 3579 1593 3611 ιι
1612 3559 1772 3616 bemonium
1787 3559 1878 3616 habes
1892 3582 1904 3608 ι

215 3654 316 3710 litteris
347 3651 464 3721 aliisque
501 3648 685 3721 legationibus
717 3647 820 3703 nostris
852 3659 948 3702 omnes
979 3645 1037 3703 lere
1078 3648 1219 3704 mentitur.
1240 3648 1304 3704 llaee
1327 3647 1412 3720 igitur
1435 3661 1497 3703 cum
1512 3647 1625 3704 donnino
1640 3653 1737 3704 nostro
1752 3647 1906 3704 clementer
2009 3695 2010 3698 ,

215 3742 356 3813 principes
370 3740 447 3811 regni
467 3739 630 3810 suppliciter
643 3735 788 3803 adivimus,
804 3741 831 3791 et
847 3739 877 3790 nt
896 3735 977 3791 nobis
991 3749 1037 3792 eo-
1078 3739 1204 3806 tractate,
1229 3745 1257 3793 ιι
1281 3743 1311 3793 ut
1329 3752 1359 3792 se
1383 3751 1475 3808 regem
1498 3751 1559 3794 esse
1578 3737 1713 3808 recogitet
1728 3735 1759 3768 ¹⁸⁸
1777 3737 1905 3802 suadete,

214 3830 287 3899 piam
312 3841 405 3884 eoram
426 3826 556 3882 veniendi
579 3825 757 3896 acquirerent
781 3823 936 3890 oravimus,
966 3838 1038 3893 qua·
1077 3831 1105 3881 et
1130 3826 1202 3884 uude
1226 3841 1273 3884 rex
1295 3827 1332 3882 sit
1352 3825 1507 3898 appellatus
1530 3827 1654 3884 edocete.
1676 3829 1772 3883 Vestra
1791 3841 1905 3898 quoque
2009 3825 2010 3894 ζ

215 3923 297 3972 tenus
315 3929 409 3972 eorum
432 3914 538 3984 judicio
561 3913 603 3969 nel
628 3913 703 3969 noxii
724 3911 935 3982 dampnaremur
949 3911 980 3942 ¹⁷⁰
994 3912 1036 3968 vel
1079 3915 1213 3984 sapientia
1236 3916 1365 3988 dignetur
1383 3929 1476 3972 seeum
1501 3929 1627 3985 pensare,
1647 3917 1727 3986 cujus
1743 3915 1786 3972 rel
1808 3915 1905 3988 quanti
2009 3949 2010 3995 p

214 4004 320 4061 innoxii
334 4003 513 4059 solveremur.
538 4001 616 4070 Quod
635 4002 699 4072 quia
719 4014 866 4072 numquam
889 4003 1036 4072 impetrare
1077 4004 1201 4060 criminis
1224 4005 1270 4074 sit,
1292 4005 1470 4062 ecclesiarum
1494 4005 1567 4061 bona
1584 4011 1701 4072 uastare,
1721 4005 1796 4074 ipsas
1816 4005 1906 4062 ecclc·
2009 3999 2010 4004 ’

213 4091 364 4163 potuimus,
373 4091 473 4146 iterum
488 4104 536 4147 vos
551 4095 579 4145 et
593 4103 690 4146 omncs
701 4090 750 4145 liei
764 4088 861 4145 ildeles
874 4088 1037 4158 suppliciter
1077 4091 1132 4148 sias
1148 4093 1271 4164 polluere
1286 4094 1328 4150 vel
1344 4093 1492 4150 incendere
1505 4115 1511 4162 ;
1539 4095 1603 4150 etsi
1619 4092 1704 4150 ullum
1718 4092 1760 4150 nel
1774 4107 1905 4166 magnum

214 4193 334 4245 oramus,
350 4185 381 4236 ut
403 4179 500 4235 saltem
525 4192 611 4247 nunc,
635 4181 781 4249 postquam
800 4177 868 4233 iram
887 4191 963 4233 suam
983 4191 1038 4235 no·
1078 4183 1182 4240 crimen
1206 4198 1267 4240 esse
1287 4184 1424 4251 uideatur,
1440 4183 1467 4239 in
1492 4182 1546 4240 hoc
1563 4183 1592 4214 ¹⁸²
1615 4198 1663 4239 vos
1677 4183 1789 4240 domino
1807 4191 1905 4240 nostro

213 4275 272 4328 stro
286 4283 384 4327 cruore
400 4269 517 4336 satiavit,
538 4273 684 4339 postquam
698 4268 771 4324 heus
789 4265 841 4334 illi,
861 4267 933 4323 sicut
952 4281 1034 4338 opor·
1079 4269 1174 4328 lideles
1198 4287 1257 4329 esse
1280 4273 1405 4343 probate,
1427 4279 1466 4340 ut,
1487 4272 1551 4328 dum
1572 4287 1633 4328 eum
1652 4271 1687 4328 ab
1706 4273 1811 4342 injusto
1828 4287 1906 4329 reno·

213 4360 299 4425 tebat,
314 4359 447 4416 bonorem
463 4357 585 4425 donavit,
605 4357 725 4415 lurorem
749 4356 880 4428 deponat,
896 4358 952 4413 llco
973 4357 1032 4428 glo·
1078 4360 1158 4429 catis,
1183 4364 1242 4433 ejus
1265 4364 1381 4418 animam
1401 4362 1435 4418 ab
1456 4361 1584 4418 incendio
1604 4361 1737 4432 gehenna
1757 4361 1904 4426 liberetis;

211 4450 281 4506 riam
296 4449 403 4515 reddat,
415 4455 444 4504 et
458 4447 532 4518 quod
548 4452 611 4504 ante
629 4445 789 4518 sauguinem
809 4445 923 4502 ellusum
938 4444 1036 4502 iecisse
1077 4463 1123 4517 ne,
1134 4449 1198 4507 dum
1214 4451 1260 4507 ille
1271 4459 1383 4508 externa
1396 4457 1554 4508 sanctorum
1570 4451 1642 4507 bona
1652 4451 1755 4521 injuste
1767 4451 1906 4518 devastat,

213 4543 333 4611 poterat,
348 4552 421 4594 nunc
439 4541 515 4593 unio
530 4537 663 4607 sanguine
682 4534 743 4592 luso
766 4534 858 4593 laciat.
884 4537 935 4592 liet
955 4535 1037 4592 nobis
1077 4538 1195 4596 internis
1209 4539 1300 4608 bonis,
1317 4545 1474 4596 sanctorum
1498 4540 1586 4612 gratia
1610 4539 1742 4610 priuatus,
1759 4541 1838 4609 juste
1865 4555 1907 4596 ca·

212 4627 303 4686 locum
329 4627 377 4684 ubi
400 4627 552 4694 uobiscum,
575 4633 603 4682 et
626 4639 687 4682 cum
711 4624 846 4692 liodollo,
871 4625 1036 4682 Berchtaldo
1077 4635 1146 4686 reat.
1180 4629 1385 4687 Recorderetur
1421 4629 1504 4685 ctiam
1537 4627 1684 4700 prudentia
1715 4633 1807 4684 nestra
1841 4629 1907 4700 quia

213 4715 253 4784 ⁸⁸⁰,
268 4715 417 4774 Godelrido
432 4715 551 4772 ducibus
565 4714 712 4772 convenire
727 4716 864 4786 possimus
879 4713 927 4782 ¹⁸¹;
956 4721 983 4771 et
1005 4715 1034 4771 in
1075 4723 1191 4775 mortem
1216 4719 1336 4774 minatur
1358 4718 1501 4788 apostolus
1524 4731 1580 4774 non
1603 4717 1692 4774 solum
1711 4720 1801 4773 morte
1821 4717 1906 4788 digna

211 4819 384 4876 quacumque
399 4820 429 4862 re
443 4805 523 4862 vobis
535 4805 687 4876 culpabiles
702 4818 762 4860 esse
777 4803 942 4871 uidebimur,
958 4805 1033 4860 omni
1074 4805 1248 4874 iacientibus,
1264 4806 1313 4863 sed
1329 4807 1411 4864 etiam
1427 4805 1702 4863 consentientibus.»

211 4893 350 4951 uoluntate
365 4895 719 4965 nostradepositamestrae
735 4891 1032 4963 prudentiaejudicium
1110 4893 1156 4951 50.
1178 4895 1336 4952 l‘ridcricus
1359 4885 1439 4963 vero,
1463 4893 1621 4952 lionastcrii
1648 4893 1750 4964 praesul
1769 4907 1907 4951 verteram·

211 4982 336 5042 uolentes
358 4985 503 5054 patiemur.
527 4983 606 5040 Nulla
630 4982 681 5041 luit
704 4996 831 5055 umquam
857 4982 885 5037 in
908 4981 1033 5052 quolibet
1074 4985 1135 5053 dus,
1152 4986 1216 5056 quia
1231 4985 1265 5042 de
1280 4986 1384 5042 nostris
1403 4985 1528 5056 partibus
1551 4989 1611 5041 erat
1636 4982 1771 5040 oriundus
1792 4989 1821 5040 et
1846 4985 1907 5040 hla-
2008 4999 2009 5016 ι

212 5085 318 5145 pagano
332 5078 409 5130 tanta
423 5073 583 5140 erudelitas,
599 5078 630 5129 ut
651 5085 722 5144 qnos
742 5073 803 5129 sine
818 5071 892 5130 omni
908 5071 1031 5142 periculo
1073 5074 1290 5147 gedaburgensis
1314 5074 1440 5132 ecclesiae
1463 5073 1553 5132 luerat
1578 5073 1644 5131 olim
1667 5071 1835 5140 canonicus,
1862 5087 1909 5130 ar·
2008 5097 2009 5132 i

886 5218 999 5274 VthAE
1027 5220 1219 5277 theutones.

250 5367 280 5398 ¹⁷⁵
294 5365 402 5423 incusat
415 5367 441 5423 2.
487 5363 644 5436 ¹⁷⁸quod2.
689 5362 719 5394 ¹⁷⁷
734 5361 837 5419 domno
851 5361 879 5417 2.
925 5358 1280 5418 ““ι.ιιι.ιιι.ιιιιιιιιιι.
1322 5363 1560 5435 ¹²⁹dapnemurl.
1600 5361 1906 5430 180ιιιιιιιιιιιιιιω.

215 5437 245 5541 :2
258 5439 489 5565 vpoRsisctffiuxsoh
522 5436 552 5469 ¹⁸¹
575 5433 744 5492 admixtione
758 5433 786 5488 2.
844 5431 873 5464 ¹⁸⁸
896 5432 939 5487 W.
967 5430 992 5488 l.
1051 5430 1082 5464 ¹⁸⁸
1107 5431 1156 5489 illo
1178 5433 1202 5486 l.
1261 5433 1290 5466 ¹⁸⁸
1313 5435 1341 5490 d.
1361 5449 1389 5490 n.
1416 5435 1533 5506 regis‘2.
1554 5436 1592 5491 itu
1611 5433 1638 5490 2.
1696 5433 1727 5464 ¹¹⁸⁸
1749 5432 1851 5502 cogitet
1883 5433 1905 5484 l.
