4036 6162
187 279 241 340 eet
624 265 631 274 “
728 281 895 340 munuum
914 279 1184 340 unnronuuunsrs
1201 279 1334 338 cnnnrcr
1771 351 1778 358 ¹
1825 283 1882 339 eor

187 405 352 479 metropolis
379 420 412 464 ac
433 406 516 465 sedes
538 405 571 440 ¹¹⁸
597 405 748 478 apostolica
782 421 844 478 quae
873 409 1010 466 universis
1017 409 1158 478 Amantes
1174 404 1416 476 perturbabantur.
1432 403 1502 474 Quid
1518 404 1604 464 multa
1626 412 1638 463 t
1665 407 1724 464 beo
1738 416 1882 467 annuente

187 495 335 568 prepollet
372 495 573 568 dignitatibus,
603 509 669 552 suos
701 497 834 554 terminos
861 513 877 554 a
908 499 1013 557 sanctis
1052 501 1082 552 et
1108 496 1190 553 heato
1209 493 1397 552 Ambrosio⁸”
1415 493 1630 566 interpellante,
1658 496 1803 569 ingressus
1826 499 1881 556 sibi

187 585 313 657 patribus
326 586 493 643 constitutos
507 585 659 642 ordinative
679 597 850 657 nuncusque
870 591 956 655 tenet,
977 588 1012 646 de
1052 583 1165 642 omnino
1180 582 1338 653 prohibitus
1351 588 1403 640 est.
1424 583 1544 640 Tandem
1564 581 1659 654 populi
1674 583 1883 643 vidensvolun·

188 673 289 746 quibus
317 689 387 746 papa
410 673 527 731 calistus
558 687 609 730 suo
633 673 660 730 in
690 673 803 732 decreto
830 675 889 748 (⁴12)
920 677 1010 733 dicit:
1052 677 1146 741 tatem,
1165 671 1371 744 aliquantulum
1400 685 1430 729 se
1460 671 1553 728 laetum
1582 670 1716 730 simulans
1744 681 1772 728 et
1800 675 1881 745 quasi

108 771 112 777 '
189 777 204 820 u
236 765 322 820 Nemo
358 761 474 819 alterius
507 763 641 820 terminos
669 764 887 835 praesumptione
915 766 1012 823 illicita
1053 776 1149 834 parum
1164 762 1218 819 hoc
1232 760 1467 832 paucipendisset,
1479 766 1577 818 tenens
1586 761 1638 818 suh
1652 769 1766 833 pectore
1781 763 1883 820 vulnus

188 856 312 922 usurpet,
329 851 402 908 uode
425 849 558 907 Dominus
584 850 708 922 loquitur
726 851 822 910 dicens
838 874 844 908 :
860 855 899 910 Ne
924 859 1012 911 trans·
1053 850 1198 922 plusquam
1222 851 1369 920 quisquam
1393 855 1467 907 esset
1496 857 1583 917 ratus,
1603 850 1638 907 ad
1658 851 1791 920 palatium
1819 855 1883 910 hm·

187 940 324 1011 grediaris
351 941 485 997 terminos
507 942 649 1012 antiquos,
663 955 734 1013 quos
747 950 900 1012 posuerunt
920 951 1012 1014 patres
1052 939 1210 996 hrosianum
1234 939 1308 996 haud
1331 938 1413 1011 longe
1436 940 1472 996 ab
1497 938 1617 996 ecclesia
1641 939 1764 1010 ejusdem
1784 941 1882 1013 bospi-

188 1029 228 1085 tui
246 1029 338 1100 (Pron
365 1029 510 1102 xx11,28).
532 1048 546 1083 o
567 1033 663 1101 ltaque
686 1045 859 1102 unaquaequo
883 1032 1011 1100 ecclesia,
1052 1032 1126 1084 tatus
1148 1027 1231 1084 sedit.
1255 1029 1293 1084 iia
1322 1031 1485 1098 tempestate
1508 1027 1666 1099 walpertus
1691 1028 1882 1100 archiepisco-

186 1131 250 1188 quae
278 1119 382 1176 sanctis
400 1119 482 1176 iidem
506 1120 657 1191 majoribus
681 1133 791 1177 servare
812 1121 952 1178 desiderat
979 1137 1011 1178 ac
1052 1131 1114 1188 pus,
1143 1116 1302 1174 cathedram
1329 1130 1428 1188 regens
1455 1117 1672 1184 ambrosianam,
1701 1117 1744 1174 vir
1776 1119 1882 1176 indolis

186 1211 345 1263 sanctorum
361 1207 472 1265 decreta
495 1209 633 1266 honorare
652 1209 808 1276 contendit,
827 1215 929 1267 nostrae
944 1225 1012 1281 que-
1051 1206 1143 1274 hone,
1156 1205 1267 1276 juvenis
1281 1209 1372 1261 tamen
1389 1210 1417 1262 et
1432 1209 1463 1261 ut
1477 1210 1585 1276 tempus
1603 1205 1724 1263 habehat
1737 1207 1879 1275 militaris,

186 1295 312 1353 rimoniae
326 1295 446 1354 lideliter
469 1303 498 1354 et
516 1297 668 1365 caritative,
688 1298 786 1355 utsibi
800 1311 835 1355 ne
849 1299 949 1356 similia
963 1315 1011 1370 pa·
1052 1295 1119 1352 satis
1150 1299 1256 1351 attente
1283 1293 1418 1350 conscilio
1446 1297 1474 1350 et
1501 1308 1615 1352 suorum
1644 1295 1761 1352 militum
1794 1297 1880 1354 armis

185 1383 270 1440 tiatur
288 1385 440 1455 provideat.
462 1402 477 1441 n
1052 1377 1183 1442 insistens
1197 1384 1255 1456 regi
1270 1383 1453 1441 deserviebat.
1471 1385 1536 1440 Erat
1558 1397 1677 1456 namque
1692 1386 1750 1456 regi
1769 1386 1880 1457 episco

224 1471 266 1530 16.
286 1473 402 1530 inter⁸⁸³
417 1475 508 1532 omnia
521 1475 636 1547 grandia
652 1475 805 1546 eximiaque
820 1480 891 1543 acta,
906 1475 935 1532 in
949 1477 1011 1546 qui·
1052 1487 1104 1544 pus
1129 1487 1220 1540 carus,
1244 1472 1379 1531 conscilio
1402 1472 1585 1540 venerandus,
1601 1477 1630 1530 et
1648 1473 1676 1530 in
1693 1475 1803 1530 cunctis
1831 1489 1878 1534 ne-

186 1560 239 1617 hus
248 1561 366 1618 ecclesia
375 1563 556 1621 umbrosiane
576 1562 726 1620 dilacerata
740 1579 757 1620 a
771 1563 885 1636 perlidis
895 1565 1010 1636 regibus
1051 1561 1137 1633 gotiis
1156 1559 1345 1631 imperialibus
1369 1560 1456 1630 judex
1483 1559 1670 1618 tidelissimus.
1694 1563 1791 1633 ltaque
1814 1577 1877 1620 cnm

186 1655 214 1704 et
229 1663 245 1704 a
259 1650 410 1707 sevissimis
425 1652 552 1709 hostibus
565 1652 701 1710 dirissime
717 1666 846 1724 perpessa
861 1660 913 1722 est,
925 1652 1010 1724 quod·
1052 1650 1087 1718 dc
1112 1663 1277 1721 quacunque
1313 1663 1395 1706 causa
1429 1647 1523 1705 multis
1551 1649 1694 1720 judicibus
1722 1651 1878 1710 astantibus

184 1736 247 1793 dam
257 1751 385 1809 magnum
398 1745 424 1796 et
437 1739 517 1797 laude
532 1740 722 1812 dignissimum
737 1736 1215 1814 scriberesatagebo.Bsententiam
1241 1736 1365 1809 prolerre
1393 1738 1517 1805 curabat,
1546 1740 1639 1795 cuncti
1658 1737 1691 1770 ⁸⁸⁰
1708 1741 1877 1798 unanimiter

184 1825 263 1893 Quod
282 1827 395 1897 quando
411 1830 606 1901 quomodoque
620 1829 722 1887 lactum
733 1831 770 1887 sit
781 1837 829 1887 aut
843 1845 858 1887 a
873 1844 928 1902 quo
944 1845 1009 1902 rege
1049 1827 1126 1886 illico
1158 1827 1395 1898 obtemperabant.
1425 1826 1580 1898 Aliquantis
1608 1833 1699 1884 autern
1729 1831 1877 1888 transactis

184 1920 232 1970 aut
245 1929 260 1970 a
275 1929 331 1987 quo
346 1917 558 1990 archiepiscopo
573 1924 620 1976 aut
643 1920 679 1977 oh
699 1934 780 1990 quam
794 1933 914 1989 causam,
929 1920 1010 1977 inva-
1049 1917 1139 1986 annis,
1169 1931 1231 1974 cum
1261 1916 1415 1988 walpertus
1444 1915 1563 1972 universi
1597 1917 1707 1988 negotia
1736 1918 1827 1990 regni,
1859 1933 1875 1975 a

183 2003 340 2074 stigandum
353 2004 413 2063 lore
428 2009 554 2079 cognovi.
566 2007 652 2084 igitur
666 2010 740 2079 regis
752 2007 857 2065 hiberti
872 2015 1008 2080 tempore,
1050 2021 1114 2078 rege
1143 2005 1318 2063 tidelissimus
1347 2005 1489 2076 probatus,
1518 2004 1627 2063 curiose
1655 2020 1687 2063 ac
1710 2006 1808 2064 sedule
1836 2008 1875 2066 di

184 2106 246 2149 cum
274 2094 347 2151 idem
370 2110 477 2154 summo
502 2097 611 2168 imperii
635 2099 751 2155 Romani
775 2097 906 2167 culnrine,
936 2099 1009 2155 sicut
1044 2097 1202 2166 sponsaret,
1228 2109 1311 2152 canes
1334 2093 1448 2164 palatini
1468 2092 1551 2150 nimia
1570 2093 1673 2151 invidia
1692 2096 1772 2166 quasi
1800 2109 1873 2152 ranae

184 2184 261 2239 lanto
276 2182 393 2241 decebat
408 2185 488 2254 vico,
512 2186 655 2258 magnillce
674 2185 1008 2258 irueretur,.Francigena
1050 2182 1163 2255 turgidi,
1192 2182 1319 2240 clanculo
1347 2183 1508 2252 imperatori
1531 2183 1702 2253 walpertum
1725 2185 1874 2242 criminose

183 2277 264 2328 natus
278 2282 361 2344 atque
376 2288 410 2331 ex
435 2275 504 2345 ipsis
523 2277 661 2347 prosapiae
685 2291 742 2334 suae
757 2277 892 2349 originem
910 2277 1009 2334 duxis-
1049 2277 1222 2330 accusarunt.
1239 2274 1334 2344 ltaque
1349 2286 1398 2328 rex
1422 2269 1489 2328 laisa
1509 2273 1655 2330 occasione
1678 2279 1804 2345 accepta,
1828 2289 1874 2332 su-

182 2365 235 2428 set,
256 2361 366 2420 divictis
389 2369 418 2420 et
440 2364 578 2434 superatis
600 2366 751 2422 Gothorum
776 2367 897 2437 populis,
913 2367 961 2439 qui
979 2367 1008 2423 in
1050 2375 1100 2432 pec
1113 2362 1284 2433 walpertum
1310 2365 1338 2418 et
1356 2367 1441 2419 totam
1460 2360 1597 2418 civitatem
1613 2363 1691 2432 quasi
1716 2361 1761 2420 leo
1775 2363 1874 2420 arden·

184 2448 269 2507 italia
301 2453 428 2522 partibus
450 2453 484 2509 ad
508 2452 691 2511 devastandos
718 2455 787 2510 lines
815 2461 843 2510 ct
870 2455 954 2512 urbes
980 2459 1009 2512 et
1050 2451 1124 2507 tibus
1138 2449 1249 2518 oculis.
1276 2455 1393 2508 mortem
1415 2449 1585 2506 crucialibus
1608 2449 1725 2506 (11101818
1749 2450 1874 2509 intermi-

183 2543 281 2607 gentes
313 2539 527 2610 conduxerant,
566 2555 619 2599 neo
650 2556 707 2600 non
735 2543 879 2614 Ungaricis
911 2543 1008 2615 procul
1050 2553 1129 2608 nans,
1144 2539 1266 2596 insanire
1284 2553 1317 2595 ac
1340 2537 1457 2595 tremere
1471 2540 1567 2610 coepit.
1591 2541 1774 2608 Quamobrem
1800 2541 1872 2598 wal·

184 2624 306 2696 expulsis
321 2627 458 2700 longeque
483 2630 607 2702 remotis,
623 2644 695 2703 quos
716 2644 785 2704 gens
802 2631 888 2689 ltaliae
903 2631 1008 2690 abillis
1049 2636 1154 2699 pertus,
1183 2641 1276 2698 regem
1295 2628 1383 2684 virum
1406 2640 1536 2684 vesanum
1559 2633 1587 2684 et
1610 2626 1745 2685 luriosum
1769 2641 1873 2702 cogno·

182 2714 262 2772 valde
280 2715 346 2774 olim
361 2718 456 2775 attrita
479 2720 608 2790 cognovit
624 2741 630 2778 :
647 2735 696 2778 rex
710 2721 837 2778 hibertus
855 2735 916 2778 cum
939 2727 1007 2780 stre·
1048 2730 1139 2784 scens,
1166 2717 1256 2788 11181111
1297 2715 1530 2773 inrationabiliter
1565 2723 1753 2785 0011110ῑῦ11,
1786 2719 1873 2790 magis

182 2803 377 2864 nuissimorum
392 2807 510 2865 militum
521 2809 630 2882 agmine
645 2823 743 2882 magno
753 2810 882 2881 stipatus,
892 2824 1008 2867 securus
1048 2805 1164 2862 scientia
1189 2805 1283 2872 animi,
1308 2818 1389 2875 quam
1412 2818 1551 2863 armorum
1575 2805 1681 2862 viribus
1702 2805 1783 2864 caede
1809 2806 1873 2864 dara

181 2891 215 2926 ⁸⁸⁸
228 2895 444 2964 peritaliaeloca
459 2898 814 2969 proncisccrerur,tandem
824 2899 1007 2957 Mediolanum
1048 2894 1172 2952 inmensa
1195 2893 1323 2952 demoliri
1347 2893 1477 2965 regni⁸⁴¹,
1493 2894 1544 2951 sub
1568 2894 1706 2965 quoddam
1731 2897 1872 2968 negotium

181 2982 236 3040 iter
250 2982 362 3052 direxit,
378 2999 460 3054 quam
484 2985 641 3056 permulta
665 2992 779 3045 noverat
800 2992 926 3059 tempora
944 2992 1007 3058 post
1044 2983 1181 3046 simulans
1203 2998 1233 3040 se
1249 2997 1364 3055 pergere
1388 2990 1464 3041 trans
1492 2989 1609 3052 montes,
1634 2987 1763 3042 ottonem
1786 2985 1873 3044 Theu-

183 3069 327 3128 decessum
352 3073 505 3142 Brenonls,
532 3076 580 3145 qul
612 3089 672 3132 eam
700 3082 764 3148 post
791 3089 888 3134 omnes
918 3074 1169 3140 ltaliaectonicum
1185 3072 1349 3130 Theutoniae
1364 3071 1422 3130 lere
1440 3073 1526 3130 totius
1540 3073 1649 3142 ducem,
1674 3080 1705 3130 ut
1727 3074 1763 3131 de
1787 3088 1871 3147 regno

183 3159 268 3216 urbes
281 3173 350 3230 quas
369 3167 562 3219 construxerat
580 3163 695 3220 mirilice
719 3163 863 3222 adornavit
881 3170 910 3221 et
923 3165 1006 3222 ador·
1045 3177 1076 3220 se
1108 3162 1315 3229 intromitteret,
1344 3163 1469 3219 Romano
1496 3160 1584 3218 iretus
1611 3161 1728 3231 lavore,
1758 3177 1871 3222 suorum

182 3251 273 3305 natam
288 3248 482 3308 decentissime
501 3251 594 3308 multis
608 3251 762 3309 honoribus
780 3252 1003 3324 superexaltavit.
1046 3252 1242 3324 opiscoporum
1260 3265 1292 3308 ac
1316 3251 1433 3308 militum
1460 3250 1706 3309 mediolanensium
1733 3252 1871 3326 suliragiis

182 3343 211 3396 et
233 3337 323 3410 qui⁸³⁷
347 3344 454 3410 postea,
470 3345 553 3412 prout
575 3345 635 3406 erat
664 3341 693 3398 in
713 3343 822 3400 cunctis
840 3342 936 3400 usibus
954 3344 1005 3400 hu·
1046 3353 1194 3413 aggressus
1209 3345 1261 3396 est.
1281 3341 1376 3411 ltaque
1391 3339 1519 3397 ordinato
1538 3340 1684 3405 conscilio,
1707 3343 1772 3399 Otto
1787 3357 1871 3414 super

181 3428 270 3486 manis
296 3426 456 3498 salutifera,
486 3430 520 3486 ab
549 3431 685 3488 universis
710 3419 928 3502 'imperatoribus
950 3433 1004 3489 Ro·
1046 3434 1254 3501 omnesgentes
1267 3435 1296 3485 ct
1309 3428 1455 3486 thesauros
1468 3428 1610 3500 walperto
1634 3436 1662 3486 et
1679 3431 1740 3501 ejus
1762 3433 1869 3490 consei-

181 3518 270 3575 manis
289 3518 444 3587 exaltatam,
467 3521 638 3591 maximeque
661 3521 697 3576 ah
715 3520 854 3578 Hadriano
870 3527 899 3578 et
916 3523 1003 3578 Nerva
1044 3519 1091 3577 liis
1117 3518 1270 3586 conlidens,
1294 3518 1323 3575 in
1351 3518 1446 3589 paucis
1474 3517 1583 3583 diebus,
1616 3518 1758 3590 walperto
1788 3521 1869 3578 conti·

180 3607 241 3678 ejus
254 3606 311 3665 lilio
324 3614 408 3680 atque
422 3608 666 3667 honorabilissimo
686 3615 714 3666 et
728 3609 924 3668 decentissimo
939 3624 1003 3682 rege
1045 3613 1131 3676 tante,
1148 3605 1327 3665 inenarrabili
1341 3607 1459 3663 militnm
1472 3606 1588 3663 vallatus
1601 3607 1780 3666 multitudine
1794 3610 1869 3666 venit

179 3699 307 3769 Traiano,
327 3712 450 3756 necnon
469 3699 634 3757 ltaximlano
648 3713 713 3772 rege
728 3700 930 3768 crudelissimo,
957 3714 1024 3776 pag
1044 3698 1073 3754 in
1088 3696 1204 3754 ltaliam.
1220 3698 1288 3754 lium
1312 3694 1373 3752 bec
1391 3701 1452 3752 acta
1474 3694 1600 3762 inissent,
1617 3696 1776 3768 walpertus
1799 3711 1869 3756 con·

180 3783 254 3842 latiis
278 3801 362 3857 supra
386 3791 481 3858 portas
498 3795 605 3858 septem
628 3789 713 3858 iussis
735 3787 925 3860 imperialibus
947 3803 1006 3847 ma·
1044 3786 1151 3844 vocatis
1162 3784 1312 3857 episcopis,
1328 3784 1456 3851 ducibus,
1467 3784 1673 3843 marchionibus
1687 3786 1869 3858 omnibusque

179 3874 279 3945 gnidce
305 3874 429 3943 elevatis,
453 3889 538 3947 super
556 3882 670 3933 cunctas
697 3876 783 3936 italiae
809 3878 893 3935 nrbes
925 3879 1004 3950 quasi
1044 3875 1131 3932 ltaliae
1155 3874 1330 3946 primatibus,
1358 3872 1394 3930 de
1421 3874 1550 3943 superbia
1577 3873 1692 3942 hiberti,
1722 3876 1868 3934 llediolani

180 3975 252 4019 rosae
275 3963 468 4020 amoenissimae
487 3965 627 4022 docuisset
645 3965 687 4022 ⁸⁸⁸.
707 3967 758 4035 Qui
786 3981 848 4023 cum
873 3968 1004 4026 ilediola-
1045 3964 1198 4022 honorilice
1213 3963 1335 4034 suscepti
1352 3961 1395 4030 ⁸⁸¹,
1410 3959 1580 4033 conquestus
1602 3968 1654 4020 est.
1674 3964 1761 4036 igitur
1775 3970 1868 4036 spreta

179 4063 246 4108 num
259 4049 390 4120 venisset,
411 4052 541 4123 palatium
560 4053 725 4123 liaximiani,
751 4055 826 4126 quod
850 4055 933 4113 situm
962 4064 1005 4114 cst
1044 4055 1151 4112 hiberti
1177 4069 1209 4110 ao
1230 4068 1288 4112 suae
1313 4052 1404 4124 genus
1422 4052 1508 4109 totius
1535 4052 1675 4122 superbia,
1695 4053 1743 4123 qui
1761 4054 1866 4113 ltaliam

178 4139 250 4198 iolra
269 4141 370 4200 moeoia
385 4142 471 4212 urbis,
485 4142 528 4201 vel
551 4144 660 4214 Traiani
681 4145 761 4214 iuxta
776 4144 896 4202 thermas
914 4148 1002 4204 sancti
1044 4143 1123 4216 quasi
1148 4143 1275 4201 ancillam
1301 4141 1525 4209 dominabantur,
1548 4142 1612 4198 otto
1637 4140 1671 4198 ab
1686 4143 1817 4201 omnibus
1838 4146 1866 4201 in

177 4231 289 4304 Georgii
313 4230 457 4301 locatum,
495 4232 629 4291 velociter
670 4235 820 4308 praeparari
857 4237 1001 4307 praecepit,
1043 4247 1158 4305 regnum
1179 4247 1241 4290 cnm
1267 4231 1414 4302 triumphis
1436 4229 1619 4288 Mediolanum
1642 4230 1748 4289 electus
1770 4240 1801 4291 et
1822 4249 1867 4291 su·

178 4319 319 4394 ignorans,
340 4325 371 4377 ut
388 4321 448 4391 ipse
467 4327 564 4393 postea
582 4321 738 4390 simulabat,
758 4321 832 4392 quod
847 4321 940 4380 nullus
954 4338 1003 4382 rex
1043 4322 1362 4380 blimatusest.1nterea
1388 4319 1527 4391 walperto
1551 4319 1673 4376 misteria
1687 4319 1780 4378 divina
1795 4321 1867 4380 cele·

177 4415 333 4481 atompore
348 4409 422 4467 beati
435 4409 583 4477 Ambrosii,
598 4410 627 4466 in
646 4411 733 4482 cujus
743 4410 881 4482 presidiis
904 4411 1000 4469 civitas
1010 4405 1035 4465 D
1046 4414 1154 4478 branta,
1171 4410 1265 4468 multis
1279 4409 1418 4481 episcopis
1436 4407 1688 4476 circumstantibus,
1710 4423 1760 4466 rex
1774 4413 1866 4469 ommia

177 4499 391 4558 llediolauensis
401 4512 485 4571 super
499 4513 596 4556 omnes
613 4499 701 4567 ltalim
710 4500 802 4557 urbes
818 4501 854 4557 ab
876 4501 1002 4572 ingressu
1044 4501 1156 4574 regalia,
1172 4500 1294 4558 lanceam
1309 4499 1338 4554 in
1352 4511 1407 4569 qua
1420 4497 1513 4554 clavus
1536 4497 1643 4584 homini
1659 4497 1824 4570 habebatur,
1839 4506 1867 4558 et

177 4589 354 4661 imperatoris
376 4588 530 4646 libertatem
559 4589 715 4660 acquisivit,
740 4590 835 4648 urbem
865 4590 937 4649 hanc
959 4591 1003 4648 in·
1043 4604 1136 4650 ensem
1159 4588 1288 4662 regalem,
1314 4587 1471 4658 bipennem,
1497 4585 1627 4654 balteum,
1652 4585 1800 4646 clamidem
1818 4590 1867 4648 lm·

177 4679 300 4738 troisset.
317 4680 376 4747 Quo
399 4678 494 4737 audito
518 4680 593 4736 cives
610 4678 808 4750 aliquantulum
824 4679 956 4751 suspecti,
977 4682 1001 4738 si
1043 4680 1185 4753 perialem,
1201 4690 1353 4748 omnesque
1377 4675 1467 4748 regias
1481 4681 1572 4733 vestes
1589 4689 1674 4746 super
1689 4676 1777 4736 altare
1792 4677 1865 4736 beati

176 4772 225 4826 ant
252 4769 372 4826 bostium
402 4769 561 4827 incursione
588 4773 636 4826 aut
663 4769 763 4826 civium
792 4770 999 4842 perturbatione
1042 4768 1180 4828 Ambrosii
1211 4766 1351 4838 deposuit.
1378 4764 1588 4823 Perhcientlhus
1614 4772 1698 4837 atque
1723 4767 1865 4825 celebran-

175 4861 223 4915 aut
248 4857 304 4916 alio
333 4871 417 4930 pravo
444 4857 556 4930 ingenio
584 4859 639 4916 hoc
666 4859 824 4932 cogitasset,
857 4859 940 4918 tacite
964 4861 1001 4917 ri·
1042 4859 1116 4916 tibus
1155 4856 1265 4915 clericis
1292 4853 1474 4926 omnibusque
1499 4854 1688 4912 imbrosianls
1719 4856 1864 4916 ordinibus

858 5013 970 5070 VARIAE
988 5011 1182 5070 theutones.

161 5207 164 5212 ,
208 5112 355 5190 'mitent
376 5135 406 5190 Β.
422 5147 437 5189 a
453 5131 521 5218 sede
538 5132 599 5189 ll**.
620 5130 663 5190 nt.
700 5131 734 5166 ⁸⁸⁸
754 5129 853 5190 litoius
877 5129 1061 5216 :lincipitde
1084 5127 1226 5256 walperto
1245 5125 1377 5210 episcopo
1396 5127 1425 5180 et
1447 5135 1512 5193 rege
1537 5121 1660 5180 biberto.
1675 5123 1722 5180 ld.
1741 5123 1863 5192 Qualiter

175 5206 333 5284 walpertus
346 5205 575 5275 archiepiscopus
588 5203 728 5261 elbertum
747 5217 839 5275 regem
859 5209 974 5275 pruvavrt
991 5213 1089 5273 regno.
1104 5213 1134 5256 re
1156 5238 1163 5254 .
1214 5196 1247 5230 ⁸¹¹
1260 5201 1300 5253 tto
1325 5195 1385 5252 h**.
1405 5193 1448 5251 nt.
1468 5200 1581 5251 secutus
1594 5194 1640 5250 Β.
1662 5195 1691 5250 Β.
1729 5193 1763 5280 'f'
1782 5210 1861 5267 quam

174 5276 218 5336 et.
256 5275 289 5310 ⁸⁸⁸
306 5278 435 5335 llorulsso
465 5275 508 5333 Bt.
546 5274 580 5309 ⁸⁸·
598 5290 649 5349 pro
673 5291 706 5334 ea
728 5275 803 5333 oddd
818 5277 847 5332 Β.
886 5273 918 5307 ”⁰
936 5281 1036 5333 cuncta
1055 5274 1086 5330 Β.
1142 5269 1173 5304 ⁸⁸¹
1193 5281 1308 5342 regnum
1332 5265 1452 5339 quodam
1472 5265 1586 5336 negotio
1607 5263 1651 5321 Bt.
1691 5263 1721 5298 ⁸⁸⁸
1739 5271 1779 5324 tto
1802 5267 1860 5325 ν’.

173 5348 217 5406 111.
255 5353 401 5420 susceptus
414 5349 461 5407 d*.
481 5348 511 5406 Β.

959 5427 1066 5486 NOTAE.

211 5555 276 5633 (ta)
295 5557 348 5630 Ep.
368 5559 403 5616 ad
417 5557 487 5618 dall.
502 5557 541 5616 ib.
557 5559 623 5616 ilaec
637 5558 666 5616 in
680 5556 792 5616 brevius
804 5552 951 5613 contraxit.
