4106 6178
208 294 277 366 tito
675 295 721 354 bit
737 297 942 358 minatione
961 303 1003 360 ΕΤ
1022 302 1233 359 elevatione
1251 302 1279 358 S.
1300 302 1446 360 aeuitur.
1817 297 1885 358 tiso

204 419 390 478 dolentissima
419 417 544 476 debriata
567 419 659 490 tellus,
687 436 751 480 mox
777 421 969 485 fructificando
986 427 1239 490 ridnecessitatis
1252 427 1339 501 gratia
1353 427 1395 485 rel
1410 431 1497 500 quoto
1515 427 1666 487 bomlrtee
1683 427 1885 488 iucarnationis

205 523 324 578 rescere,
340 513 424 580 atque
438 508 592 566 cultoribus
605 510 664 568 suis
681 511 709 568 iu
726 525 811 570 noros
833 512 939 572 fruetus
961 531 1023 576 sese
1064 529 1137 574 anno
1165 517 1193 574 ld
1222 517 1322 574 iactum
1350 517 1387 574 sit
1408 519 1476 574 satis
1504 516 1695 586 manifestato,
1723 529 1776 576 nec
1808 531 1884 577 mora
1941 533 1945 538 ’

203 599 323 657 rediviva
347 614 397 670 spe
423 600 589 670 iamiamque
608 601 693 672 erepit
714 601 840 659 dilatare.
862 605 956 676 ltaque
980 621 1025 664 ex·
1065 604 1203 678 quoslibet
1216 606 1335 664 annales
1353 619 1385 663 ae
1409 606 1583 678 antiquorum
1597 611 1736 680 gestorum
1751 606 1886 664 Historias

203 695 269 748 tuuc
283 688 387 746 salubri
403 702 466 745 rore
485 701 583 745 omues
600 697 708 762 segetes
733 692 853 750 confota.
876 703 1024 767 assurgant
1065 695 1207 752 recitando
1244 709 1423 767 percurrens,
1461 708 1611 766 eorumque
1647 695 1786 767 discerpta
1821 709 1885 767 quse

202 779 277 835 auris
304 776 484 848 spirantibus,
505 791 537 834 ac
553 779 608 847 jani
637 784 750 837 matura
778 783 871 851 messi,
901 784 1024 855 quamvls
1064 784 1268 856 investigationi
1296 790 1399 841 nostrai
1417 782 1580 841 ridebantur
1604 789 1759 857 opportuna
1791 783 1885 842 conle-

202 869 310 940 ingens,
342 868 388 925 rix
415 865 517 924 suflicit
549 869 737 939 operariorum
765 884 906 939 numerus,
934 879 964 931 ul
983 875 1024 930 iu·
1065 885 1129 928 reus
1162 886 1212 944 pro
1245 878 1348 930 nostrae
1380 873 1522 943 parvitatis
1551 872 1663 930 modulo
1686 877 1886 932 commentatus

202 957 301 1014 stantis
315 957 380 1014 anni
405 961 512 1014 rotatus
534 957 687 1028 terrigenas
709 959 758 1016 liei
776 962 863 1030 gratia
882 964 957 1020 omni
980 978 1023 1020 se·
1065 975 1124 1017 sum
1157 962 1211 1018 boc
1244 975 1343 1033 magno
1375 953 1476 1018 diuina
1506 961 1722 1032 dispensationis
1749 962 1885 1035 presagio

201 1055 293 1119 getum
310 1047 441 1104 educaret
456 1044 632 1104 suibclentia.
1064 1048 1185 1119 iactum;
1214 1051 1322 1108 scilicet
1347 1051 1504 1108 uenerabile
1527 1064 1629 1122 eorpus
1647 1064 1731 1123 opera
1759 1051 1886 1124 praedicti

235 1137 264 1194 5.
281 1137 328 1192 llis
342 1137 380 1194 ita
395 1135 488 1205 dictis,
508 1151 616 1195 sacrum
635 1153 737 1212 corpus
751 1141 807 1210 jam
829 1140 976 1199 revelatum
991 1157 1024 1201 ac
1065 1137 1203 1209 pontilicis
1217 1139 1252 1196 de
1267 1146 1334 1196 uoto
1348 1140 1411 1198 loeo
1426 1141 1454 1196 iu
1473 1141 1608 1198 secretius
1626 1145 1752 1212 penetrat
1769 1141 1886 1199 transla-

200 1224 339 1283 detectum
355 1225 449 1283 eadem
464 1239 533 1282 urna
547 1241 595 1284 sua
611 1229 708 1300 retegi,
728 1235 756 1286 et
780 1229 896 1297 loculus,
918 1237 948 1287 ut
966 1231 1023 1303 pri·
1065 1231 1132 1282 illm·
1148 1225 1225 1295 Quod
1245 1231 1276 1282 ¹1²
1302 1226 1452 1285 dilucidius
1470 1229 1619 1300 limittit.
1652 1215 1812 1286 edfflmddm
1840 1243 1885 1286 ΒΧ·

200 1315 262 1371 dem
281 1312 381 1383 iuerat,
394 1315 499 1386 jussum
515 1321 557 1371 est
571 1317 714 1385 remuniri,
731 1330 874 1388 quousque
890 1321 1023 1390 majorum
1065 1321 1221 1387 eerptorum
1241 1315 1352 1373 collatio
1371 1318 1520 1388 aperiatur.
1544 1317 1598 1376 Sed
1622 1331 1657 1375 ne
1685 1323 1783 1390 coeptan
1803 1318 1887 1376 ratio-

200 1402 329 1460 consultu
349 1403 415 1475 quid
435 1417 519 1474 super
542 1403 595 1460 boc
616 1405 677 1476 ipso
700 1404 772 1462 ioret
790 1405 925 1478 agendum
951 1413 1024 1464 esset
1064 1405 1108 1460 nis
1121 1404 1192 1462 ordo
1207 1404 1404 1476 aliquantulum
1424 1407 1567 1464 intermitti
1585 1406 1719 1477 videatur,
1744 1408 1803 1464 baec
1818 1407 1886 1464 allas

201 1492 359 1549 deliberari.
384 1491 498 1560 Quantis
526 1493 636 1550 interim
665 1495 866 1563 vexationibus,
895 1495 1024 1567 blaspbe-
1065 1492 1174 1564 plenius
1188 1495 1304 1551 texenda
1320 1503 1528 1553 consecrentur.

200 1580 367 1639 miisaiieeti
382 1595 486 1647 sumus,
507 1582 588 1639 nobis
602 1583 636 1638 ad
657 1585 847 1656 purgationem
871 1593 969 1642 noscat
991 1599 1024 1643 ac
1099 1581 1127 1636 b.
1155 1582 1281 1640 Glorioso
1309 1585 1394 1656 igitur
1425 1585 1589 1656 imperatore
1622 1585 1761 1644 luderico
1794 1586 1885 1645 caroli

199 1670 395 1738 illlsignoseat
409 1671 550 1728 Dominus.
571 1672 627 1728 liae
647 1678 809 1745 tempestate
822 1673 939 1731 domnus
954 1689 1023 1746 papa
1065 1671 1151 1744 llagri
1167 1680 1250 1745 atque
1265 1674 1440 1744 imperatoris
1455 1675 1511 1732 lilio
1526 1682 1668 1747 regnante,
1688 1689 1749 1733 cunr
1772 1681 1886 1734 eatenus

200 1763 266 1828 Leo,
287 1767 472 1832 cognomento
487 1761 589 1828 Brnno,
610 1767 712 1819 sancta
732 1764 863 1820 llomanae
885 1759 1119 1834 preside-Broc
1134 1761 1274 1834 antiquum
1295 1771 1322 1821 et
1341 1771 1406 1820 tunc
1426 1765 1517 1836 regale
1541 1765 1698 1822 cenobium
1713 1779 1747 1821 ex
1761 1769 1886 1836 tempore

199 1850 247 1907 bat
268 1849 412 1917 Ecclesia,
445 1851 523 1920 culus
546 1850 703 1922 sagacitatis
727 1866 759 1908 ac
784 1852 930 1923 probitatis
953 1851 1024 1911 iama
1065 1849 1217 1906 beatissimi
1231 1852 1336 1908 Ber-tini
1349 1853 1472 1924 ejusdem
1491 1852 1645 1910 fundatoris
1659 1853 1794 1926 praeclpui
1809 1867 1887 1911 sacra

198 1953 250 2010 per
267 1943 355 1996 toturn
374 1938 468 1996 orbem
485 1938 608 2009 spirabat
622 1939 735 1997 odorem
750 1942 841 1998 suavis
855 1941 1022 2014 fragrantias.
1065 1939 1209 1994 monastici
1225 1938 1331 1996 ordinis
1349 1940 1483 2014 religione
1500 1941 1647 1998 admodum
1671 1941 1884 2012 nobilitaretur,

199 2029 238 2087 ad
259 2042 340 2101 quem
356 2027 521 2086 necessitate
536 2036 651 2101 urgente
667 2045 722 2102 quo
741 2034 875 2103 majorum
899 2033 1023 2089 auctori·
1064 2033 1147 2097 aliiue
1175 2028 1326 2086 secundum
1355 2029 1479 2087 insiliunt
1512 2043 1669 2098 canonum,
1699 2031 1813 2088 sitifim
1838 2031 1887 2089 id·

199 2123 255 2174 tate
284 2119 538 2186 corroboraremur,
569 2117 659 2176 idelis
686 2119 792 2192 legatus
820 2123 974 2192 exquisitus
996 2127 1024 2178 et
1065 2117 1178 2186 optione
1188 2117 1289 2188 lspsiu
1303 2119 1424 2191 regimen
1439 2121 1687 2188 commendaretur,
1699 2127 1763 2178 tuuc
1778 2119 1887 2178 cuidam

200 2213 336 2278 repertus.
366 2207 504 2281 dirigitur,
530 2214 666 2280 quatenus
688 2208 823 2280 quidquid
842 2210 902 2280 ipse
922 2210 956 2267 de
980 2211 1024 2266 his
1065 2204 1200 2261 calonico
1215 2219 1316 2278 genere
1336 2207 1433 2280 buslo,
1454 2208 1602 2280 Fredetlso
1621 2211 1743 2277 nomini»
1759 2210 1787 2266 ¹¹¹
1802 2210 1887 2267 bene·

199 2296 368 2367 apostoliens
401 2311 463 2353 cum
491 2297 624 2367 gravioris
652 2297 762 2354 constiti
789 2297 856 2354 virts
884 2299 1023 2371 egregium
1065 2289 1169 2358 seium,
1186 2293 1255 2362 pron
1271 2292 1368 2352 dolor!
1388 2295 1462 2363 ean,
1483 2309 1515 2354 ae
1530 2297 1615 2352 torius
1628 2287 1736 2354 mucre·
1746 2296 1889 2370 relictionis

198 2386 325 2452 sentires,
346 2385 428 2441 noers
447 2398 496 2454 pro
516 2385 627 2441 contine
649 2384 757 2441 nemim
777 2386 907 2443 mancare
926 2387 1024 2444 eonem
1065 2380 1185 2436 candore
1211 2395 1392 2451 marcescere,
1422 2386 1449 2440 in
1478 2392 1606 2442 externas
1632 2399 1730 2442 manus
1757 2385 1886 2443 devenire

144 2509 148 2521 .
199 2473 290 2546 legato
307 2486 362 2529 non
379 2473 513 2529 differret.
533 2477 616 2542 Quem
642 2487 702 2529 cum
727 2474 842 2542 adisses,
859 2489 891 2532 ac
902 2477 957 2547 jam
978 2491 1025 2534 oq
1065 2474 1092 2523 et
1107 2469 1238 2527 minorari
1253 2485 1269 2526 a
1283 2485 1333 2527 sua
1347 2473 1432 2544 coepit
1448 2473 1618 2546 integritate.
1642 2475 1766 2546 lienique
1792 2488 1887 2532 nume-

199 2575 256 2616 ram
277 2575 311 2618 no
330 2562 450 2618 admisso
470 2562 522 2618 sibi
551 2562 614 2618 data
640 2563 721 2633 copia
750 2562 824 2619 tandi
854 2571 937 2634 esser,
966 2581 1024 2624 rem
1065 2571 1124 2614 rum
1145 2561 1341 2618 monachorum
1363 2561 1464 2619 ibidem
1493 2564 1608 2620 Domino
1637 2563 1811 2621 militantium
1838 2565 1886 2636 qul

199 2655 304 2723 gestam
324 2665 374 2722 per
391 2650 515 2707 ordinem
540 2651 642 2707 domno
667 2665 745 2722 papae
766 2653 917 2722 succincte,
942 2661 1026 2726 prout
1066 2648 1206 2720 octogiuta
1221 2657 1278 2706 tres
1301 2658 1390 2720 eraut,
1419 2652 1454 2709 ad
1481 2654 1623 2726 sexaginta
1641 2653 1779 2722 diminuit,
1809 2653 1887 2710 villas

200 2740 227 2796 in
257 2739 351 2796 multis
372 2748 436 2797 tuuc
465 2747 620 2812 occupato,
646 2743 783 2812 exposuit,
812 2745 1025 2818 testimoniaque
1065 2743 1093 2793 0¹
1108 2735 1242 2796 fertiliori
1257 2740 1360 2810 lraedil
1379 2741 1463 2798 licini
1490 2743 1685 2799 ¹¹10¹¹²⁰h0i1¹¹¹¹
1702 2743 1842 2813 deputata,
1858 2741 1886 2800 ¹1¹

199 2830 346 2900 scriptura
368 2834 396 2885 et
414 2843 523 2886 crucem
548 2845 609 2887 cum
630 2844 709 2888 sacro
738 2845 856 2903 corpore
876 2841 1022 2906 repertam,
1065 2824 1217 2883 dmidium
1241 2827 1295 2884 Sibi
1320 2829 1472 2900 usurillst·
1496 2831 1688 2886 fl⁰¹¹³⁵l⁰f¹11111
1708 2844 1773 2887 l01'0
1792 2831 1820 2886 S·
1834 2833 1886 2888 du·

199 2933 261 2990 quse
286 2931 377 2974 sccum
407 2932 457 2989 pro
481 2920 641 2976 testimonio
666 2920 776 2989 tulerat,
799 2923 943 2980 obtutibus
966 2926 1026 2996 elus
1066 2914 1172 2972 d⁰ffl²¹¹1
1188 2917 1263 2988 (aliod
1278 2933 1340 2976 cum
1355 2920 1522 2976 monisterio
1541 2920 1567 2976 S·
1583 2919 1687 2976 Berlissi
1710 2919 1783 2975 idem
1807 2924 1885 2987 elii,

201 3007 386 3080 presentavit.
406 3008 510 3077 quinus
524 3009 590 3066 rests
604 3015 632 3066 ee
651 3011 694 3066 ms
708 3011 832 3083 quitum
846 3011 917 3070 rorte
932 3027 1024 3071 secun
1066 3007 1299 3076 penituseveun,
1323 3009 1453 3079 quoniam
1477 3009 1657 3082 qnaomgum
1680 3007 1822 3067 monachis
1840 3008 1888 3066 ett-

200 3096 324 3164 aderant‚
341 3097 381 3153 uti
396 3098 444 3168 qul
466 3097 501 3154 ad
524 3099 676 3156 Romanum
695 3101 843 3158 concilium
863 3109 928 3158 cunc
953 3117 1022 3160 con·
1036 3077 1187 3162 Cminatis,
1203 3096 1316 3168 triginta
1335 3099 1483 3157 canonicos
1511 3098 1573 3156 loco
1601 3113 1695 3156 eorum
1725 3098 1886 3168 substituit,

200 3191 343 3253 uenerant,
359 3185 465 3243 scilicet
485 3187 648 3258 patriarchae
667 3189 811 3260 aquileiae,
834 3192 1023 3263 archiepisco·
1067 3183 1232 3256 limamque
1260 3193 1363 3256 partem
1384 3188 1504 3244 Omnium
1532 3188 1667 3245 b⁰¹l⁰i¹¹m
1688 3188 1722 3245 Μ
1749 3193 1888 3244 mmm·

200 3274 254 3344 pis,
275 3273 450 3346 presulibus,
480 3275 636 3345 abbatibus,
657 3277 774 3335 ducibus
799 3293 832 3335 ac
858 3279 1026 3351 primoribus
1066 3273 1136 3329 lilim
1154 3275 1181 3330 S·
1197 3275 1302 3332 Berlini
1321 3275 1517 3348 pertinentium
1539 3291 1634 3334 0⁰ffl¹1¹
1658 3277 1754 3334 usibus
1774 3277 1888 3347 delium·

201 3363 405 3432 dcmonstratis,
422 3364 523 3421 talibus
537 3365 575 3422 ait
588 3366 713 3423 ueritatis
727 3367 839 3424 indiciis
853 3382 1025 3441 nequaqnam
1066 3363 1114 3418 vll.
1130 3363 1199 3432 Quid
1218 3365 1303 3436 igitur
1326 3365 1378 3422 iste
1405 3364 1479 3422 aliud
1509 3378 1591 3436 quam
1619 3364 1701 3436 lrujns
1728 3363 1887 3421 monasterii

200 3452 302 3510 debere
317 3451 416 3519 diffidi,
431 3453 480 3510 sed
496 3455 582 3510 tutius
596 3469 628 3511 ac
648 3456 752 3513 llrmius
766 3457 853 3525 credi,
872 3460 1025 3529 prasertim
1067 3451 1203 3523 flagellum
1219 3451 1270 3520 filil
1280 3459 1292 3508 i
1304 3454 1355 3522 Qui
1370 3455 1451 3510 ellim
1467 3467 1482 3509 ²
1497 3455 1578 3510 beaw
1601 3455 1713 3510 Βθῐῑίῦθ
1728 3454 1756 3509 ῑῦ
1771 3465 1886 3510 numero

200 3555 261 3597 cum
276 3541 304 3598 lu
320 3541 413 3598 multis
426 3541 566 3598 actualium
590 3545 676 3615 gestis
699 3545 767 3600 satis
795 3547 881 3616 possit
909 3547 1026 3603 inveniri
1066 3540 1194 3597 abbatum
1211 3543 1309 3598 melito
1325 3542 1486 3599 undecimus
1510 3543 1624 3611 exstitit,
1641 3543 1705 3614 (1⁰¹²
1720 3542 1748 3599 ¹ss
1763 3539 1886 3613 ⁶⁰(l110‘l

201 3636 317 3687 cunctos
344 3644 414 3700 pene
441 3630 535 3688 Gallie
564 3632 707 3699 terminos,
737 3634 907 3705 maximeque
936 3643 1026 3692 restra
1066 3641 1098 3684 ea
1113 3643 1176 3699 quse
1194 3643 1209 3685 a
1225 3630 1319 3687 decem
1336 3631 1657 3702 pradeoessoribussuis
1675 3631 1746 3688 bene
1761 3629 1887 3688 ordinata

201 3731 234 3773 ar
267 3726 368 3776 caetera
402 3718 537 3775 maritima
565 3719 625 3775 loca
654 3719 845 3791 frequentibus
887 3723 1024 3778 llauorum
1066 3715 1175 3773 fuerant
1207 3721 1329 3786 evellii,
1363 3719 1489 3791 Decimii
1519 3727 1606 3776 melas
1641 3719 1769 3776 dicessit·
1802 3720 1887 3776 ⁰ffl⁰⁰

201 3807 416 3873 incursionibus,
433 3806 698 3877 depredationibus,
719 3809 909 3881 incendiisque
933 3824 1026 3881 popu·
1066 3806 1138 3862 enim
1154 3814 1295 3876 peecatum
1315 3809 1493 3866 undenarium
1518 3809 1630 3875 dieitur,
1654 3808 1782 3880 quoniam
1802 3821 1887 3879 quan·

200 3895 274 3962 lata;
291 3903 318 3952 et
332 3898 368 3954 ob
389 3896 416 3952 iel
431 3897 516 3952 multa
540 3900 698 3952 sanctorum
723 3910 841 3968 corpora
865 3898 1025 3969 quaedamu
1067 3896 1214 3967 docunque
1242 3898 1355 3969 aliquod
1386 3899 1510 3956 illicitum
1539 3899 1730 3964 committitur,
1759 3897 1887 3970 Deealogi

200 3986 272 4042 locis
286 3985 377 4043 minus
400 3988 467 4042 tutis
485 3985 628 4054 translata,
644 3985 769 4057 quadam
785 4001 850 4044 vcro
870 3988 1024 4045 clanculum
1066 3999 1181 4054 summa,
1195 3993 1327 4057 qnantum
1342 3988 1370 4044 in
1395 3995 1527 4058 peccante
1551 3995 1604 4056 est,
1633 3989 1760 4045 violatur.
1789 3987 1887 4044 llerito

203 4075 331 4148 (sicutde
345 4083 443 4133 saneto
466 4075 578 4131 Bertiuo
603 4073 704 4131 iactum
729 4077 847 4148 constat)
869 4077 911 4134 vel
936 4092 1026 4135 mace
1066 4075 1151 4146 igitur
1166 4083 1349 4148 presumptor
1363 4077 1424 4136 iste.
1455 4077 1620 4149 Fredegisus
1646 4076 1786 4144 videlicet,
1809 4077 1887 4148 quasi

202 4163 253 4221 riis
264 4164 306 4221 rel
322 4167 405 4222 terris
418 4165 475 4220 sint
497 4163 650 4221 recondita.
673 4165 777 4233 Quibus
799 4167 940 4237 responsis
959 4181 1027 4238 apo-
1067 4164 1193 4236 Frigidns
1206 4172 1319 4223 uocatus
1338 4174 1389 4234 est,
1405 4166 1469 4238 quia
1485 4167 1537 4223 nisi
1553 4167 1646 4224 cordis
1660 4169 1720 4238 eius
1734 4167 1827 4238 aquilo
1841 4166 1888 4223 ille

201 4252 309 4310 stolicis
327 4254 408 4310 nobis
424 4259 521 4310 nostro
538 4255 635 4310 nuntio
650 4255 755 4323 relatis,
780 4271 813 4312 ex
837 4255 891 4312 boc
909 4256 943 4311 ari
965 4270 1026 4312 me·
1067 4268 1212 4323 possessor
1242 4255 1403 4322 exstitisset,
1432 4255 1466 4312 ad
1481 4255 1638 4327 hujusmodi
1658 4255 1889 4326 presumptiones

202 4343 347 4413 metipsum
363 4357 488 4398 reversus
507 4342 663 4399 meminisse
677 4344 749 4413 coepi
766 4344 834 4400 Vitae
853 4345 880 4400 S.
898 4343 1024 4415 Folquiui
1066 4343 1224 4401 nullalenus
1245 4345 1403 4416 aspirasset.
1429 4344 1496 4412 Quia
1515 4357 1581 4414 ergo
1605 4343 1783 4414 praesumptio
1807 4343 1888 4412 buius

202 4430 332 4502 quiddam
348 4431 492 4502 superbos
504 4432 566 4502 ipso
577 4432 734 4502 loquentis;
750 4447 837 4504 eaque
847 4432 938 4501 allata,
950 4433 1024 4503 quod
1034 4425 1170 4506 Dirigidi
1186 4433 1352 4491 monasterio
1368 4433 1432 4489 huie
1446 4433 1515 4489 tanti
1534 4432 1635 4489 excidii
1659 4439 1741 4503 caput
1759 4438 1788 4487 et
1805 4445 1888 4488 causa

202 4519 327 4577 uolebam
364 4519 530 4591 exquisitum
568 4520 737 4575 recitabatur
773 4521 914 4591 quomodo
953 4521 1026 4578 idem
1067 4523 1182 4588 exstitit,
1206 4523 1280 4579 actio
1303 4524 1362 4594 elus
1388 4536 1515 4593 perversa
1543 4527 1571 4578 et
1599 4529 1741 4591 peccatum
1767 4518 1830 4586 luit,
1859 4525 1888 4576 et

203 4615 314 4666 sanctus
334 4607 456 4678 pontifex
476 4609 661 4665 venerandum
676 4608 764 4664 sancti
789 4623 891 4680 corpus
914 4609 1026 4667 transis·
1067 4623 1148 4681 poena
1162 4611 1279 4682 peceati,
1295 4617 1323 4668 et
1350 4625 1432 4668 causa
1458 4610 1572 4668 alterius
1597 4611 1713 4682 peccati.
1742 4611 1887 4668 Peccatum

204 4705 261 4756 tum
294 4697 493 4766 recondiderit,
528 4703 556 4752 et
587 4697 662 4767 qnod
682 4695 804 4768 ejusdem
838 4698 1027 4755 translationis
1067 4700 1168 4756 etenim
1182 4702 1224 4758 rel
1239 4701 1320 4758 etiam
1348 4700 1521 4772 saerilegium
1543 4698 1606 4768 luit,
1626 4712 1688 4755 cum
1715 4697 1783 4756 illud
1811 4696 1886 4769 quod

204 4785 328 4844 restitum
344 4786 417 4844 diem
432 4786 548 4860 singulis
566 4788 646 4842 auris
660 4786 704 4857 agi
718 4799 769 4858 per
792 4800 899 4844 omnem
924 4787 1026 4847 dioece-
1066 4801 1168 4846 mensae
1183 4789 1378 4848 monachornm
1394 4788 1547 4863 delegatum
1572 4795 1641 4858 erat,
1666 4789 1693 4845 iu
1710 4790 1756 4860 lus
1774 4785 1888 4844 alterius

203 4877 255 4934 sim
281 4889 358 4934 suam
385 4877 547 4933 instituerit.
576 4874 653 4944 Quod
684 4875 801 4946 exempli
833 4877 914 4933 etiam
944 4893 1027 4936 eausa
1066 4879 1159 4936 cessit.
1180 4882 1262 4937 Poena
1282 4893 1392 4952 quoque
1416 4879 1522 4951 peccati
1539 4878 1655 4948 exstitit,
1684 4877 1749 4950 qula
1777 4875 1830 4933 uisi
1857 4875 1885 4932 ln

205 4966 250 5023 bic
264 4965 390 5022 denotari
406 4965 519 5037 placuit,
539 4966 566 5022 S.
587 4965 690 5022 liertim
715 4977 816 5038 corpus
834 4968 975 5025 transtulit
998 4977 1027 5026 et
1066 4967 1214 5041 fredegiso
1242 4967 1354 5039 aliquod
1378 4973 1520 5039 peccatum
1548 4967 1737 5040 grauissimum
1767 4977 1886 5037 praeees-

202 5055 389 5124 recondidit,
418 5054 623 5127 solemnemque
654 5056 728 5112 bunc
756 5055 828 5114 diem
857 5057 938 5115 nobis
965 5073 1026 5117 esse
1065 5058 1158 5126 sisset,
1174 5057 1248 5114 unde
1262 5070 1323 5114 cum
1347 5057 1476 5115 sordidus
1503 5063 1577 5114 esset
1595 5057 1681 5129 magis
1708 5055 1799 5116 adbuc
1825 5067 1886 5112 ser·

203 5147 329 5214 sancivit,
347 5147 395 5218 qui
410 5150 453 5204 est
466 5147 584 5219 septimo
608 5145 716 5204 decimo
740 5146 877 5204 Kalendas
900 5150 1024 5222 Augusti.
1066 5149 1179 5206 descere
1194 5147 1319 5215 deberet,
1338 5160 1476 5219 uunquam
1495 5161 1557 5204 eum
1585 5146 1715 5203 Dominus
1743 5145 1813 5202 aden
1841 5158 1885 5202 ex·

203 5237 254 5294 liiu
269 5235 310 5293 rel
324 5235 407 5293 etiam
420 5235 475 5292 boc
488 5232 608 5308 uulgaris
622 5235 717 5307 opinio
735 5235 847 5308 adiecit,
863 5237 938 5308 quod
957 5253 1027 5310 pra⁴
1066 5239 1164 5294 caecari
1185 5238 1354 5310 permisisset
1371 5243 1402 5294 ut
1424 5237 1459 5294 de
1486 5242 1564 5293 muto
1577 5235 1723 5307 sacrilegio
1738 5235 1882 5308 cogitaret.

202 5325 306 5382 libatus
320 5323 420 5396 praesul
439 5324 467 5380 iu
492 5323 575 5381 nullis
602 5329 705 5395 praeter
731 5338 835 5396 paucos
852 5327 1027 5398 agnoscenti·
1065 5327 1179 5382 Causam
1193 5338 1258 5382 vero
1273 5325 1387 5382 alterius
1410 5323 1517 5395 peccati
1545 5323 1611 5380 illuc
1639 5323 1712 5380 idem
1741 5329 1883 5395 peccatum

203 5413 256 5472 bus
269 5411 424 5470 clanculum
442 5411 551 5479 iecerit,
576 5425 609 5469 ae
632 5425 667 5470 ne
694 5412 783 5484 palam
806 5426 918 5486 quoquo
942 5415 1025 5473 modo
1066 5413 1206 5486 Fredegisl
1219 5412 1427 5471 successoribus
1441 5409 1606 5484 propinarit,
1635 5411 1700 5483 quia
1724 5410 1799 5483 quod
1824 5413 1884 5484 lpse

202 5501 282 5560 deret
305 5502 433 5574 grauibus
456 5500 567 5559 eosdem
592 5501 863 5560 interminationibus
885 5517 917 5560 ac
936 5517 1027 5561 sacra-
1067 5505 1095 5561 in
1110 5503 1261 5560 dominium
1279 5502 1333 5558 sibl
1347 5499 1506 5570 vindicarit,
1530 5500 1603 5571 apud
1629 5513 1725 5558 omues
1742 5515 1885 5560 successo·

203 5590 305 5648 mentis
314 5590 519 5650 constrinxerit.
532 5591 589 5650 lloe
603 5590 687 5664 igitur
700 5591 759 5649 riso
772 5598 799 5648 et
816 5591 931 5649 necdum
947 5595 1027 5664 cujus
1066 5607 1112 5650 res
1125 5592 1212 5664 ipsius
1225 5605 1312 5666 usque
1330 5589 1364 5648 ad
1379 5589 1541 5648 modernum
1563 5595 1671 5664 tempus
1694 5590 1883 5650 inextricabile
