4108 6164
280 335 333 394 ses
747 305 1519 403 'everterenturturstanumcorssrarvmeusrs¹
1899 353 1944 409 au

283 469 423 522 ternarum
448 476 559 520 surarum
584 461 705 535 plenaria
727 461 848 529 libertas,
865 464 888 520 si
912 464 938 520 ei
962 463 1214 524 oumnxathclero
1229 476 1257 525 et
1271 471 1375 540 populo
1398 472 1635 542 reclamante,le
1658 475 1812 547 appositus,
1827 479 1945 537 1181111-

281 554 385 624 absque
406 551 481 611 omui
504 551 593 624 palam
617 550 831 620 conditionale
855 551 908 610 boc
930 567 992 608 eum
1011 553 1098 610 hono·
1139 555 1218 614 11111
1242 560 1397 628 ordinatus,
1415 569 1459 620 set
1482 564 1509 621 in
1535 564 1659 634 proxima
1682 572 1816 638 sequente
1838 569 1945 628 hamana

282 642 430 710 niteantes,
450 642 484 698 ad
503 641 672 698 deditionem
691 640 834 711 pervenire
855 653 910 706 non
929 641 1096 700 dubitarent.
1139 647 1245 718 synodo
1260 649 1297 706 ob
1316 649 1387 708 idat
1409 652 1636 710 inobendientiam
1651 654 1843 726 deponendus,
1856 659 1946 717 substi-

279 731 402 803 llenique
421 736 484 802 post
503 729 658 800 huiusmodi
678 729 771 800 plures
787 736 842 786 tarn
857 729 920 788 ildei
935 731 1097 803 veritatique
1138 741 1215 794 tutus
1228 742 1279 794 est.

277 819 429 878 simillimas
465 819 657 890 promissorias
692 819 859 876 assertiones
890 820 975 878 nichil
1008 821 1098 878 miuus
1174 827 1277 884 Eodem
1301 832 1425 900 tempore
1448 831 1562 888 estivali
1581 831 1699 889 domnus
1721 847 1792 904 papa
1815 836 1869 907 regi
1890 843 1947 908 post

278 925 358 984 quam
374 910 454 967 dolos
472 914 519 966 aut
538 905 678 979 perlldiam
697 916 851 978 sperantes,
866 923 947 967 suasu
967 924 1098 982 praesum-
1138 919 1180 972 tot
1207 923 1364 988 contempta
1391 919 1465 976 illius
1493 920 1628 992 promissa
1652 927 1680 978 et
1708 923 1845 992 mandata,
1866 926 1946 983 adhuc

277 1000 368 1072 ptibili
401 1000 592 1070 episcoporum
624 997 776 1068 llogontini
804 999 920 1055 maxime
948 1005 976 1055 et
1002 1003 1097 1072 hugu-
1137 1006 1289 1076 apostolica
1311 1009 1521 1066 mansuetudine
1538 1010 1598 1083 (17)
1619 1011 1810 1082 attemptando
1833 1027 1946 1072 commo.

276 1091 387 1156 stensis,
404 1103 453 1146 nee
480 1101 535 1144 nou
560 1087 638 1144 ducis
661 1085 787 1144 Gotitridi
807 1092 835 1144 ot
858 1094 1032 1158 caeterorum,
1048 1091 1095 1161 qui
1137 1094 1252 1152 nitorias
1275 1095 1376 1153 direxit
1399 1098 1504 1156 litteras
1521 1099 1594 1172 (78),
1618 1101 1749 1172 quatinus
1771 1103 1837 1173 quid
1859 1109 1884 1160 et
1904 1107 1946 1162 cui

275 1191 388 1250 prorsus
411 1176 463 1232 nisi
487 1190 591 1233 summa
615 1177 778 1234 necessitate
805 1178 920 1236 coartati
943 1177 999 1235 illis
1020 1178 1095 1236 bello
1137 1185 1303 1254 promiserit,
1318 1187 1497 1258 recogitando
1510 1189 1676 1259 meminerit,
1688 1204 1818 1262 nequese
1832 1189 1947 1252 falsarius

273 1267 460 1324 detrectarent
474 1265 616 1338 congredi,
632 1279 692 1322 sese
708 1265 857 1336 complices
871 1267 928 1338 regi
940 1267 1017 1338 juxta
1032 1281 1094 1327 con·
1135 1279 1182 1330 ant
1206 1275 1421 1332 contumeiiosus
1444 1278 1473 1333 in
1496 1279 1544 1334 bei
1568 1283 1597 1334 et
1624 1279 1786 1350 apostolicae
1814 1281 1947 1354 diguitatis

274 1357 376 1414 dictum
402 1357 599 1428 promissorum
620 1369 651 1411 ac
670 1354 838 1412 deditionem
854 1357 957 1426 pariter
971 1358 1095 1415 contule·
1135 1367 1320 1434 contemptum
1337 1371 1364 1422 et
1379 1366 1506 1436 injuriam
1525 1368 1704 1438 pertinaciter
1723 1371 1850 1442 erigeret,
1863 1385 1947 1444 neque

272 1452 343 1502 rant.
368 1446 419 1514 Qui
447 1459 511 1502 mox
539 1444 703 1502 malesuadis
727 1444 953 1502 auriculariomm
981 1460 1093 1505 suorum
1133 1452 1229 1520 boum,
1251 1454 1297 1524 qui
1318 1468 1347 1510 se
1363 1468 1419 1526 prae
1438 1457 1547 1513 ceteris
1571 1463 1625 1514 tam
1645 1458 1810 1516 honoratum
1828 1459 1946 1519 sublima·

271 1537 344 1592 beu!
361 1534 509 1606 perfidiose
524 1535 687 1604 conspirans
700 1534 841 1602 susurriis,
858 1535 1008 1594 indiverso
1023 1552 1094 1608 prae-
1134 1545 1187 1609 ret,
1203 1547 1349 1599 contumax
1363 1549 1391 1599 et
1410 1543 1607 1618 incorrigibilis
1625 1548 1789 1616 annullaret,
1805 1555 1846 1606 ε11
1862 1559 1945 1608 mente

270 1627 341 1682 sidia
362 1631 390 1682 et
413 1625 442 1681 iu
465 1625 631 1682 custodiaria
654 1623 717 1683 illos
739 1624 887 1695 disportari
913 1639 1016 1698 eosque
1039 1627 1093 1686 lide
1133 1629 1279 1700 plurimum
1304 1631 1493 1690 sollertissima
1517 1634 1546 1690 ld
1570 1649 1680 1708 semper
1705 1639 1867 1708 attenderat,
1887 1641 1946 1712 quia

271 1716 468 1786 promissorum
484 1728 517 1771 ex
532 1715 639 1785 integro
659 1713 812 1784 postposita
830 1716 935 1785 pariter
949 1717 1091 1787 captivari,
1132 1718 1261 1789 superbis
1279 1721 1393 1788 resistit,
1409 1721 1559 1780 humilibus
1572 1730 1662 1782 autem
1679 1725 1727 1783 dat
1740 1727 1863 1798 gratiam

270 1811 366 1876 utpote
390 1805 486 1861 durius
507 1803 615 1860 illomm
641 1803 839 1874 perduellionis
866 1804 981 1876 iniurias
1004 1799 1125 1866 ultumB
1169 1809 1231 1878 lpse
1244 1813 1335 1867 autom
1350 1824 1401 1882 pro
1416 1811 1541 1882 victoria,
1557 1825 1611 1885 qua
1625 1818 1680 1872 tam
1695 1816 1837 1888 magnifice
1851 1819 1947 1890 potitus

270 1895 305 1951 iri
329 1893 613 1966 percupientissimus,
639 1898 729 1950 mente
753 1893 887 1964 pertinaci
908 1901 1089 1967 praeceperat.
1132 1901 1184 1966 est,
1206 1911 1260 1956 non
1283 1900 1394 1970 quidem
1418 1902 1549 1959 maximas
1569 1904 1636 1971 beo,
1661 1905 1709 1976 qni
1733 1907 1821 1976 ipsum
1844 1909 1947 1967 vinens

270 1985 304 2040 Et
316 1984 376 2054 ipse
391 1984 492 2042 dehinc
503 1985 565 2055 jure
580 1983 699 2054 quodam
713 1984 884 2054 majestativo
901 1985 1091 2055 possessiones
1131 1992 1160 2044 et
1177 1988 1346 2059 triumphare
1364 1989 1452 2059 dedit,
1468 1997 1570 2063 grates,
1587 2001 1617 2048 ut
1638 2001 1790 2065 oporteret,
1807 1994 1946 2066 referebat,

270 2073 441 2144 quorundam
459 2073 569 2130 illorum
583 2073 728 2140 invaserat,
741 2079 769 2130 et
783 2072 896 2130 castella
910 2075 1012 2143 omnia,
1027 2089 1090 2145 quae
1129 2091 1222 2134 verum
1246 2079 1347 2148 potius,
1362 2080 1483 2150 qualiter
1501 2095 1531 2138 se
1555 2081 1708 2140 secundnm
1732 2098 1763 2141 se
1788 2085 1947 2145 delectatum

269 2164 351 2220 etiam
366 2169 445 2219 antea
461 2162 514 2218 sibi
528 2161 675 2232 rapinatim
689 2176 739 2234 per
753 2167 838 2220 totam
852 2163 996 2220 saxoniam
1011 2178 1090 2222 usur·
1131 2173 1157 2223 et
1183 2167 1361 2236 jocundatum
1390 2168 1515 2237 baberet,
1543 2175 1619 2228 totos
1645 2185 1756 2244 semper
1783 2175 1945 2234 attendebat.

268 2258 388 2324 paverat,
406 2251 497 2308 denuo
517 2256 629 2308 econtra
651 2249 726 2308 nullo
750 2251 846 2309 saltem
865 2252 908 2310 vel
931 2253 1088 2324 musitante,
1129 2256 1231 2313 llonita
1248 2255 1309 2328 (70)
1334 2259 1400 2315 vero
1424 2260 1585 2329 apostolice
1609 2259 1745 2331 lenitatis,
1767 2264 1866 2336 quibus
1888 2279 1946 2324 eum

269 2342 407 2412 praesidiis
429 2342 487 2398 suis
512 2341 640 2413 inpositis
656 2340 685 2374 ¹⁸⁵
713 2342 877 2413 imperiosus
892 2341 923 2374 ¹⁸⁸
959 2350 1090 2416 regnator
1130 2341 1290 2399 multotiens
1306 2347 1386 2398 autea
1403 2343 1556 2414 arguendo,
1571 2345 1754 2414 obsecrando,
1772 2347 1946 2421 increpando,

267 2438 458 2504 occupaverat.
1129 2429 1163 2486 ad
1188 2429 1402 2486 ostendatlorem
1425 2432 1508 2488 vitam
1532 2431 1694 2490 adhortatus
1717 2441 1769 2502 est,
1790 2439 1867 2507 quasi
1890 2453 1948 2511 gra

304 2523 481 2580 llerimounas
511 2518 735 2590 Bobenherqenris
767 2519 858 2577 (111111
889 2521 1025 2594 episcopas
1056 2521 1088 2580 oi
1129 2519 1233 2576 tissima
1256 2519 1310 2576 sibi
1333 2518 1503 2578 simulatorie
1529 2523 1690 2593 acceptavit,
1715 2530 1847 2583 caetemm
1869 2541 1899 2584 re
1921 2533 1948 2586 et

271 2611 457 2684 senecionem
476 2610 587 2666 lterealm
606 2625 624 2665 c
638 2624 711 2681 pepo
724 2611 857 2681 Gregorio
875 2610 973 2668 ordine
987 2619 1016 2670 11
1031 2613 1089 2682 epi·
1129 2609 1232 2665 erroris
1244 2608 1454 2680 exaggeratione
1469 2610 1581 2668 omuino
1596 2611 1776 2670 conculcavit.
1797 2614 1948 2686 hliqaoties

266 2704 382 2771 scopato
405 2699 541 2772 depositus
561 2704 589 2754 et
611 2698 862 2755 excommunicatus
885 2705 936 2756 est.
956 2701 1007 2769 Qui
1022 2715 1089 2758 con·
1128 2700 1210 2755 etiam
1234 2698 1347 2758 devotas
1371 2705 1484 2756 econtra
1508 2699 1560 2769 ipsi
1584 2701 1764 2759 salutationes
1791 2709 1819 2759 et
1847 2703 1949 2763 litteras

266 2791 392 2847 versione
410 2788 546 2855 simulata,
562 2789 597 2844 ab
620 2788 774 2858 apostolico
795 2802 858 2845 mox
881 2791 1086 2859 reconciliatus,
1128 2787 1231 2844 direxit
1254 2787 1441 2844 excusatorias
1458 2786 1532 2860 (80),
1558 2789 1625 2845 satis
1647 2790 1805 2848 conlitendo
1826 2805 1949 2864 conque-

265 2880 461 2936 monasterium
484 2880 600 2934 suarzaa
622 2877 712 2948 petiit,
729 2876 786 2934 illio
799 2891 830 2934 se
845 2879 1009 2935 monachum
1027 2879 1087 2936 lieri
1128 2889 1202 2944 rens,
1227 2881 1283 2933 tum
1307 2880 1388 2933 aetate
1411 2877 1485 2947 quod
1509 2876 1582 2934 buxa
1604 2884 1678 2935 esset
1701 2884 1730 2936 et
1751 2879 1867 2952 fragilis,
1892 2887 1946 2940 tum

265 2967 413 3039 protessus.
436 2968 484 3024 Oui
498 2981 560 3024 mox
574 2980 589 3022 a
604 2979 673 3036 rege
692 2967 839 3038 llouperlas
857 2966 979 3038 quidam,
994 2967 1087 3024 Gosla-
1128 2965 1201 3036 quod
1222 2965 1256 3021 ab
1270 2965 1313 3021 his
1328 2964 1356 3021 in
1371 2979 1487 3036 qnorum
1507 2967 1633 3024 manibus
1651 2968 1727 3024 curia
1748 2971 1948 3038 1111111111-

262 3055 364 3112 riensis
378 3056 569 3126 praepositurae
584 3060 612 3111 et
626 3052 739 3111 aliarum
752 3055 927 3126 plurimamm
945 3056 1085 3128 praelatus,
1127 3053 1199 3110 tiens
1217 3055 1270 3111 sihi
1291 3054 1361 3111 male
1380 3068 1489 3112 suasum
1509 3062 1538 3112 et
1554 3056 1710 3114 consultum
1730 3059 1777 3115 sit.
1796 3059 1949 3131 aliquoties

263 3147 352 3217 ipsius
365 3143 562 3202 consecretalis
580 3143 703 3210 intimus,
719 3147 881 3214 peueomni
901 3145 976 3202 clero
991 3153 1019 3202 ct
1035 3129 1205 3217 pollentam
1226 3143 1365 3215 supplices
1384 3143 1446 3215 (81)
1468 3151 1496 3200 11
1514 3145 1588 3201 omni
1608 3145 1762 3202 humilitate
1781 3148 1878 3218 plenas
1897 3151 1948 3221 ipsi

264 3236 330 3308 pulo
353 3235 495 3307 ingratus,
518 3232 739 3304 salpouebator,
768 3238 796 3289 et
818 3246 882 3292 mox
904 3238 933 3292 lu
959 3235 1084 3294 natalitio
1125 3232 1225 3289 direxit
1254 3231 1369 3299 litteras,
1394 3232 1422 3288 iu
1445 3233 1546 3304 quibus
1573 3247 1603 3290 se
1630 3235 1687 3292 beo
1709 3241 1738 3292 et
1760 3237 1843 3296 beato
1866 3240 1947 3298 Petro

263 3325 351 3384 sancti
378 3324 494 3382 hndreae
517 3338 533 3380 a
561 3322 720 3395 llogontino
748 3323 880 3394 episcopo
904 3324 982 3395 iussn
1011 3324 1084 3396 regis
1124 3321 1202 3379 valde
1216 3320 1381 3392 culpabilem
1400 3327 1428 3378 et
1446 3322 1624 3380 criminosum
1643 3323 1784 3395 protessus
1802 3331 1855 3393 est,
1873 3329 1948 3386 insu·

263 3417 407 3474 ordinator
427 3412 501 3486 (to).
526 3414 578 3470 Per
600 3413 672 3470 idem
696 3419 804 3484 tempus
829 3416 920 3482 Anno,
944 3413 1033 3470 ildelis
1055 3419 1084 3470 et
1124 3423 1175 3481 per
1189 3423 1286 3480 preces
1306 3408 1434 3478 ollerens,
1450 3415 1482 3466 nt
1495 3411 1569 3482 quod
1585 3425 1619 3468 ex
1637 3427 1686 3469 sua
1700 3412 1781 3484 culpa
1801 3416 1949 3474 1111111-

263 3506 385 3578 prudens
402 3503 503 3562 Christi
521 3505 585 3561 lesu
603 3504 738 3572 minister,
754 3503 927 3560 coloniensis
944 3504 1082 3575 archiepi·
1123 3498 1243 3556 siastieis
1261 3498 1351 3556 causis
1369 3504 1465 3556 contra
1481 3501 1643 3558 canonicam
1659 3502 1793 3572 iustitiam
1807 3507 1837 3560 et
1850 3503 1950 3563 deere-

261 3591 743 3666 111111111111111111111111
766 3592 889 3649 liberalis
913 3607 1004 3650 rerum
1029 3593 1081 3650 sibi
1123 3589 1188 3646 talia
1211 3595 1368 3646 sanctorum
1387 3590 1496 3646 Patmm
1519 3595 1620 3648 statuta
1640 3591 1818 3663 depravatum
1837 3593 1947 3664 luisset,

261 3685 467 3744 commissarum
495 3682 523 3738 in
552 3695 687 3752 pauperes
709 3681 810 3738 Christi
836 3682 1030 3754 dispeusator,
1055 3690 1083 3740 et
1123 3677 1275 3748 apostoliea
1297 3680 1357 3750 ejus
1385 3678 1557 3750 providentia
1580 3687 1608 3738 et
1633 3682 1797 3740 auctoritate
1822 3685 1949 3758 corrige·

261 3774 448 3833 aecclesiarum
467 3773 589 3842 quinque
608 3771 778 3828 novellarum
799 3771 952 3830 industrius
970 3780 998 3832 et
1011 3787 1083 3832 sum·
1124 3774 1210 3834 retur,
1230 3773 1258 3825 θῑ
1279 3769 1312 3824 in
1333 3769 1387 3826 11⁰⁰
1409 3781 1487 3825 suam
1512 3769 1718 3838 Oboedltssiiamt
1747 3773 1898 3830 0003111011
1922 3783 1950 3833 el

262 3868 377 3932 ptuosus
394 3862 538 3918 institutor
551 3865 580 3916 et
597 3861 733 3931 provisor,
750 3867 895 3931 postquam
914 3864 1006 3920 omnia
1020 3878 1082 3934 qnae
1123 3857 1289 3929 adiutorium
1304 3857 1357 3914 sibl
1372 3870 1428 3914 non
1448 3856 1574 3915 defutura
1593 3851 1743 3917 eficaciter
1761 3861 1949 3933 experiretur.

260 3951 362 4008 habere
390 3950 535 4006 videbatur
566 3949 774 4020 temporaliter,
802 3950 831 4006 in
859 3951 971 4010 coeleste
1003 3967 1082 4025 gazo-
1122 3948 1201 4004 Nunc
1214 3951 1304 4004 autem
1319 3944 1476 4018 hujusmodl
1490 3947 1533 4005 sul
1549 3947 1675 4019 ipsiuset
1690 3949 1879 4009 ecclesiarum
1895 3959 1952 4010 mm

261 4040 404 4114 philatium
434 4043 564 4109 congesta
596 4038 811 4108 thesaurizavit,
840 4038 929 4097 ielicis
960 4040 1082 4099 elieacia
1124 4037 1268 4108 perplures
1290 4036 1472 4094 correctionis
1494 4039 1678 4107 sponsiones,
1702 4053 1771 4110 quas
1794 4043 1954 4100 tantotiens

261 4127 557 4188 consummationiset
580 4128 639 4197 ipse
662 4127 728 4184 illuc
752 4135 928 4198 prosecutus,
953 4132 1082 4203 gaudium
1123 4126 1292 4198 perlegales
1310 4131 1338 4183 ot
1357 4125 1464 4182 litteras
1482 4125 1586 4184 domno
1605 4141 1684 4199 papae
1699 4135 1754 4185 tarn
1769 4130 1952 4188 multifariam

260 4219 370 4278 bomini
393 4219 435 4277 sni
458 4231 543 4288 snper
566 4217 650 4275 multa
675 4216 904 4285 constituendus,
933 4227 962 4276 et
987 4221 1082 4278 indeli-
1122 4215 1197 4284 lecit,
1218 4215 1330 4272 omnino
1356 4220 1503 4272 contumax
1521 4217 1706 4288 parvipendit,
1727 4224 1755 4275 et
1782 4231 1954 4277 exeommu-

260 4309 397 4369 cieutibus
420 4321 566 4378 numquam
590 4306 712 4378 praemiis
733 4307 958 4376 remunerandus,
983 4310 1083 4368 beatis·
1123 4307 1221 4364 nicatls
1243 4305 1271 4362 in
1298 4305 1422 4377 proxima
1444 4307 1566 4362 llomana
1595 4308 1701 4379 synodo
1725 4309 1900 4367 consiliariis
1925 4317 1955 4368 et

260 4403 345 4458 simus
368 4414 385 4457 o
408 4399 530 4458 utinam!
557 4397 678 4455 intravit.
706 4398 757 4465 011
787 4397 860 4469 apud
888 4399 1080 4472 sigibergense
1122 4396 1301 4454 familiaribus
1328 4395 1385 4452 suis
1412 4401 1648 4466 presumptuosus
1669 4399 1897 4465 communicavit,
1926 4406 1956 4456 et

258 4489 453 4549 monasterium
473 4487 607 4559 sepultus,
628 4485 721 4544 mulbs
739 4501 835 4544 revera
854 4488 993 4545 miraculis
1012 4490 1080 4548 inibi
1090 4473 1253 4545 Decelestas
1265 4486 1323 4554 llei,
1339 4492 1370 4542 ut
1383 4484 1418 4541 ab
1432 4484 1498 4551 olim
1512 4486 1661 4554 assolebat,
1677 4486 1848 4546 contundere
1864 4497 1897 4546 ot
1913 4489 1955 4547 dl

258 4580 448 4640 sanctissimus
471 4577 617 4634 claruerat.
632 4575 813 4648 Gui¹quidam
833 4576 970 4635 llildullus
982 4580 1080 4637 Gosla·
1121 4577 1212 4650 ripere
1227 4588 1283 4634 uon
1298 4574 1415 4632 cessavit
1431 4573 1505 4646 (82).

259 4671 358 4730 riensis
380 4667 540 4736 canonicus,
555 4679 651 4723 servus
668 4665 728 4736 lpse
747 4665 816 4738 regi,
833 4668 973 4739 maiestate
992 4671 1078 4742 regia,
1156 4667 1205 4724 llls
1227 4663 1376 4736 compertis
1398 4663 1516 4722 domnus
1539 4676 1619 4736 papa,
1636 4678 1697 4722 cum
1721 4677 1752 4722 se
1775 4671 1830 4724 1111
1856 4667 1958 4740 palam

934 4825 1048 4884 VARIAE
1074 4824 1266 4885 bannonis.

294 4926 326 4960 ¹⁸⁰
343 4927 383 4984 t'lb
400 4926 428 4984 2.

1047 5025 1156 5084 NOTAE.

296 5180 357 5255 (ae)
373 5177 413 5236 ci.
430 5175 559 5234 bernoldi
574 5187 670 5245 opusc.
686 5189 706 5241 t,
716 5173 744 5242 2,
757 5186 784 5244 p.
796 5171 863 5243 207;
878 5187 907 5242 x,
921 5171 949 5242 2,
966 5187 994 5245 p.
1007 5172 1075 5244 37ος
1115 5173 1172 5243 tam
1186 5181 1259 5228 aueo
1273 5167 1367 5242 priore
1381 5166 1446 5225 librl
1461 5183 1481 5224 tt
1496 5181 1561 5239 epp.
1575 5165 1714 5224 301131.
1728 5167 1791 5250 ¹tiss.

257 5267 306 5320 ru,
322 5253 350 5320 0,
366 5266 393 5322 p.
410 5249 474 5304 305.
499 5247 559 5305 vid.
583 5246 707 5316 Gregorii
730 5246 777 5302 llll
800 5244 904 5316 llegist.
929 5260 971 5315 111,
996 5245 1021 5315 l,
1041 5246 1076 5301 ad
1154 5241 1207 5314 (70)
1231 5259 1245 5294 e
1268 5240 1370 5298 bontra
1384 5253 1450 5297 vero
1473 5269 1509 5280 -
1531 5239 1687 5300 consultum
1710 5245 1757 5296 stt.
1783 5257 1798 5294 u
1826 5239 1964 5314 Gregor.

257 5325 490 5394 Bambergenses;
515 5335 556 5386 111,
582 5317 610 5386 2,
635 5317 669 5374 ad
697 5314 855 5388 sigifridum
881 5317 952 5388 llog.
978 5317 1076 5386 arch.;
1118 5315 1199 5385 epist.
1216 5311 1250 5368 ad
1263 5311 1353 5368 Germ.
1370 5311 1454 5368 hunsl
1474 5317 1493 5369 t.
1509 5311 1565 5380 llll,
1582 5325 1610 5382 p.
1625 5309 1689 5368 378.

258 5410 300 5463 ru,
314 5394 342 5462 3,
358 5396 391 5450 ad
407 5391 564 5449 lleinricum
579 5401 682 5461 regem.
1155 5383 1208 5456 (80)
1226 5383 1286 5440 l'id.
1303 5383 1440 5439 llelnriels
1458 5382 1575 5453 epistola
1593 5383 1667 5440 inter
1679 5381 1870 5455 Gregortauas
1889 5391 1964 5455 post

295 5465 356 5538 (77)
387 5483 401 5518 1
429 5463 587 5535 apostolica
624 5459 833 5516 mansuetudine
864 5489 901 5500 ·-
932 5458 980 5516 dat
1015 5473 1078 5530 gra·
1117 5457 1199 5528 epist.
1215 5469 1235 5522 r,
1250 5454 1296 5510 29.
1312 5456 1373 5512 Uss.

256 5539 331 5594 tiam.
348 5555 362 5588 1
381 5535 504 5606 Gregorii
520 5533 566 5590 llll
585 5545 630 5602 ep.
650 5531 684 5588 ad
703 5534 863 5589 Germanos.
883 5531 967 5587 hausi
982 5536 1003 5587 t.
1020 5532 1075 5600 llll,
1153 5527 1212 5654 (81)1
1226 5526 1400 5656 &supplices
1414 5533 1442 5582 et
1455 5525 1530 5583 omni
1545 5555 1579 5567 -
1593 5525 1770 5596 adjutorium.
1789 5527 1966 5600 »Gregorii

264 5625 282 5666 1.
300 5607 363 5663 315.
1117 5613 1192 5656 c.a
1265 5611 1329 5665 rm..
1356 5635 1399 5654 ..

255 5625 264 5681 Ι
294 5678 362 5753 (78).
377 5677 450 5735 Libri
470 5691 501 5732 111
521 5675 602 5748 epist.
622 5673 651 5745 7,
675 5672 717 5744 10,
734 5679 762 5730 et
780 5671 845 5732 libri
863 5687 891 5730 1v
909 5673 991 5744 epist.
1011 5673 1033 5744 l,
1049 5679 1077 5732 et
1134 5613 1206 5742 p(82)
1225 5669 1349 5740 Gregorii
1363 5683 1408 5738 ep.
1424 5669 1458 5726 ad
1473 5670 1575 5740 Germ,
1591 5668 1610 5725 l.
1626 5668 1647 5725 1.
