4016 6160
94 237 140 295 593
594 255 751 318 HISTORIA
769 261 1011 325 dnsncnlnltSm
1027 266 1241 328 nnlllsvniul.
1706 287 1762 345 nat

395 375 503 434 CAPUT
521 379 566 436 lll.
903 393 1045 465 Aplenam
1074 408 1153 466 aequs
1176 395 1292 454 salutem
1312 398 1368 470 lam
1387 412 1471 456 sanus
1493 403 1624 464 obtinuit.
1645 413 1710 480 sed,
1731 417 1764 471 at

89 452 155 521 duod
174 467 251 526 super
270 455 346 528 buius
359 459 414 517 loci
433 470 625 528 restauratione
638 474 727 532 diuae
746 477 894 535 admonitus
934 497 1009 554 saepe
1023 484 1094 542 solet
1108 485 1223 543 lubricis
1246 501 1307 544 cum
1326 487 1414 545 salute
1433 492 1525 548 carrds
1544 495 1696 568 subrepere
1719 502 1762 558 in-

373 551 408 606 sit
426 554 593 616 redemtione.
934 571 1048 629 firmitas
1068 576 1178 642 mentis,
1194 576 1358 634 adolescens
1382 579 1535 638 marchisus
1559 583 1588 639 in
1613 585 1658 642 die
1674 587 1762 646 buno-

116 629 174 684 dum
191 632 371 702 agratissima
389 642 515 708 pueritiae
525 660 582 703 suae
594 649 688 708 indole
698 652 892 714 adolescentiae
934 674 1005 726 rum,
1026 659 1113 720 iactus
1131 663 1275 720 immemor
1301 665 1444 735 malorum,
1469 667 1534 726 dum
1562 676 1672 742 portum
1698 689 1764 732 cor·

86 717 265 788 ingrederetur
291 737 389 794 annos,
414 729 547 802 languore
565 739 640 808 gravi
664 754 719 797 non
749 743 837 801 solum
857 747 892 802 ad
934 763 1027 818 porea
1036 751 1111 806 subit
1125 752 1231 820 salutis,
1243 759 1307 823 post
1322 753 1492 827 naufragium
1502 758 1644 832 languoris
1658 763 1759 824 divine

86 805 183 872 lectum,
200 807 251 864 sed
260 808 294 864 ad
305 811 525 883 desperationem
540 837 626 895 usque
638 831 761 899 corruit;
778 839 806 890 et
820 834 894 891 sicut
934 851 1015 908 quam
1034 837 1140 896 viderat
1158 841 1331 898 obliviscitur
1349 844 1472 902 visionis.

86 892 154 950 lacile
172 897 243 965 patri
262 912 338 967 spem
367 910 395 960 et
418 908 547 977 gaudium
568 915 621 983 sui,
651 922 743 989 quoad
771 923 838 980 uixit
866 930 894 981 et
1257 932 1365 989 CAPUT
1383 933 1429 988 lll.

85 983 166 1050 valuit,
184 984 226 1040 sic
241 986 366 1047 amorem
392 1007 447 1052 non
474 997 535 1056 sine
553 1002 650 1062 dolore
669 1008 759 1067 eidem
774 1019 894 1084 agnotus
934 1015 1010 1084 Quod
1041 1017 1095 1072 ictu
1122 1015 1183 1073 beili
1214 1021 1359 1088 sauciatus,
1386 1027 1410 1077 et
1438 1023 1471 1078 de
1503 1025 1557 1081 vita
1576 1027 1753 1100 periculatus,

84 1072 222 1142 suscitavit,
239 1075 309 1134 adeo
320 1087 350 1136 ut
360 1079 425 1140 blnc
435 1084 484 1143 lilii
502 1088 646 1162 languore,
657 1095 722 1154 hinc
732 1102 819 1170 patris
828 1117 893 1161 mse·
969 1104 1057 1160 diuina
1070 1119 1162 1162 rursus
1189 1107 1289 1164 usumve
1310 1123 1392 1179 super
1412 1110 1462 1167 hoc
1478 1109 1535 1169 loco
1557 1114 1592 1171 sit
1615 1130 1760 1176 commone·

84 1172 254 1219 rorcomnem
269 1167 374 1225 curiam
388 1169 670 1250 dolerescondolere;
681 1186 731 1242 sed
742 1195 818 1246 anto
828 1191 893 1248 huic
967 1193 1063 1264 tuctus..

83 1249 195 1318 periculo
204 1251 345 1313 inclinatis
356 1258 434 1316 coelis
444 1263 624 1327 inclinavisse
639 1273 730 1331 divina
739 1277 890 1347 miseratio,
968 1281 1133 1338 succedenti
1165 1288 1290 1353 tempore
1316 1285 1350 1341 ad
1383 1287 1471 1343 robur
1497 1287 1576 1346 virile
1600 1299 1758 1364 provectus,

82 1343 284 1412 sanctorumque
296 1344 446 1406 llarcellini
458 1359 486 1408 et
504 1354 578 1413 Petri
592 1373 653 1416 cum
668 1362 768 1421 Sancto
778 1374 891 1426 sancto-
933 1384 994 1426 eum
1013 1371 1174 1428 Nerviorum
1194 1373 1366 1442 comitatum,
1387 1381 1418 1431 nt
1432 1377 1665 1450 praescripsimus,
1686 1389 1760 1440 esset

82 1439 134 1481 rum
147 1427 279 1498 visitatio,
291 1447 353 1504 qua
364 1443 392 1492 et
411 1438 552 1512 languoris
568 1446 596 1501 in
606 1447 673 1517 lilio,
690 1456 891 1514 etrnoerorisin
932 1459 1059 1529 adeptus,
1075 1461 1237 1518 flammantis
1247 1461 1395 1520 discordiae
1409 1464 1546 1536 llagcllum
1564 1467 1669 1527 immite
1684 1471 1758 1529 inter

81 1521 148 1584 patre
166 1519 297 1578 abstersit
312 1523 526 1588 incommodum.
546 1535 613 1593 Nam
633 1545 891 1618 egrotosernivigi-
932 1547 1084 1605 Orientales
1115 1555 1143 1606 et
1162 1549 1344 1608 Flandrenses
1364 1553 1575 1611 movitbellum.
1608 1557 1759 1616 Undelial·

80 1603 137 1660 lanti
159 1606 268 1676 praeiati
282 1619 416 1685 martyres
436 1620 486 1676 visi
505 1629 570 1679 sunt
592 1627 723 1697 astitisse,
739 1635 767 1688 et
787 1634 816 1690 in
831 1635 892 1694 baec
933 1634 1034 1693 duivvus
1060 1637 1198 1709 gloriosus
1230 1640 1392 1708 marchisus,
1427 1643 1524 1698 accitis
1551 1658 1620 1713 quas
1648 1650 1758 1716 poterat

81 1695 268 1754 consolationis
294 1703 377 1760 verba
403 1711 581 1780 prorupisse:
607 1717 663 1773 llac
682 1721 845 1790 egritudine
864 1713 1033 1794 teBcopiis,
1060 1727 1275 1797 antuerpienses
1299 1727 1366 1784 iuves
1395 1730 1473 1800 regni
1491 1731 1534 1785 sui
1554 1732 1671 1789 termino
1691 1748 1758 1791 con·

81 1796 151 1852 posse
168 1785 282 1845 liberari
302 1795 421 1863 noveris,
450 1798 475 1854 si
503 1803 530 1856 te
557 1800 677 1862 iuturum
696 1809 893 1872 hasnoniensis
933 1813 1034 1883 tigucs,
1051 1828 1139 1886 eoque
1163 1817 1249 1886 magis
1268 1815 1393 1884 infestos,
1413 1817 1526 1889 aggredi
1546 1824 1643 1888 parat;
1665 1826 1693 1877 et
1711 1823 1756 1878 di·

80 1869 126 1926 loci
148 1883 337 1937 renovatorem
356 1886 473 1942 voveris.
503 1889 600 1948 Mansit
619 1897 685 1952 tunc
711 1902 843 1969 temporis
857 1918 892 1961 eo
932 1901 997 1958 visis
1016 1903 1193 1970 exercitibus,
1225 1904 1289 1960 hinc
1318 1904 1416 1972 navali,
1436 1905 1501 1962 hinc
1525 1909 1648 1978 equestri
1668 1915 1758 1968 certa·

79 1957 133 2016 loco
152 1963 338 2025 winthericus
363 1973 484 2044 quidam,
516 1993 572 2036 ncn
600 1983 691 2040 minus
718 1987 791 2046 vitiis
816 1993 890 2061 quod
931 1990 1015 2058 mine,
1052 1999 1140 2049 semet
1171 1993 1296 2063 navibus,
1322 1994 1461 2064 juniorem
1492 1996 1659 2054 marchisum
1692 1999 1755 2056 Bal·

79 2046 337 2126 (filifflssbttssdssss,
353 2060 381 2117 t'n
398 2069 516 2136 utroque
534 2082 690 2142 perversus,
707 2075 771 2135 dum
791 2079 819 2135 in
835 2096 890 2140 unc
931 2076 1045 2135 duinum
1065 2094 1184 2150 preesse
1203 2081 1290 2137 voluit
1304 2083 1459 2152 equitibus:
1475 2082 1524 2139 sed
1535 2084 1632 2142 eodem
1645 2087 1756 2157 juniore

78 2149 163 2194 corum
183 2153 278 2211 posset
301 2160 361 2206 esse
382 2155 522 2226 utcunque
536 2158 647 2231 bonus;
667 2164 695 2220 in
720 2179 775 2223 unc
794 2182 890 2228 eorum
932 2168 1069 2225 marchiso
1089 2169 1260 2239 equitatuum
1284 2176 1374 2226 castra
1397 2185 1431 2227 eo
1450 2185 1506 2242 quo
1530 2173 1689 2232 intenderat
1707 2175 1758 2232 du·

75 2225 139 2283 enim
154 2243 293 2303 quemque
313 2250 502 2307 possessorem
517 2260 626 2319 semper
642 2253 752 2322 malum,
764 2257 890 2317 inaltern
931 2263 1022 2325 cente,
1052 2265 1159 2314 etcum
1180 2260 1332 2329 paucisne
1354 2265 1420 2316 tunc
1444 2267 1558 2317 euentus
1571 2261 1677 2331 habuit,
1698 2263 1757 2322 lon-

71 2327 137 2384 sape
157 2323 277 2394 contigit
296 2338 355 2382 esse
375 2329 487 2386 bonurn.
511 2335 578 2392 Nam
602 2342 691 2398 omnis
719 2345 891 2419 circumque·
931 2346 1054 2418 giuscule
1078 2362 1093 2403 a
1118 2348 1319 2417 posterioribus
1338 2354 1491 2405 castrorum
1513 2350 1568 2405 iter
1588 2355 1697 2422 agente,
1727 2352 1756 2408 in

69 2415 115 2471 que
142 2409 225 2478 regin
255 2411 303 2466 tali
322 2414 381 2470 viro
405 2420 484 2486 quasi
503 2427 580 2492 peste
601 2426 755 2499 laborabat,
785 2440 812 2491 et
839 2451 891 2507 pro
932 2435 1039 2492 hostem
1070 2437 1099 2492 in
1127 2436 1235 2493 insidiis
1262 2437 1496 2494 succenturiatum
1525 2437 1689 2509 improvisus
1717 2439 1757 2496 ln·

65 2489 213 2552 allictione
238 2512 288 2555 sua
312 2503 397 2560 totius
421 2510 588 2568 terraeillius
607 2529 659 2572 vox
678 2519 712 2574 ad
727 2521 812 2578 ileum
831 2526 890 2581 cla-
932 2525 1010 2592 cidit,
1026 2539 1110 2596 seque
1126 2541 1246 2597 suosque
1266 2527 1404 2584 constanti
1419 2527 1535 2583 audacia
1549 2542 1611 2585 cum
1626 2529 1755 2599 consilio,

63 2583 170 2652 mahat;
187 2591 222 2641 et
237 2601 302 2645 ecce
317 2591 344 2646 in
360 2593 456 2650 mdem
475 2597 526 2654 hac
552 2603 720 2663 revelatione
741 2619 890 2684 martyrum
933 2619 963 2668 ut
989 2615 1088 2683 potuit,
1108 2617 1240 2671 armavit:
1262 2616 1388 2673 cominus
1406 2617 1544 2688 utrimque
1565 2618 1755 2690 congreditur,

64 2683 183 2740 sucrum,
225 2679 387 2736 recordatus
412 2691 454 2740 est
486 2686 618 2748 boninus
649 2696 762 2753 scabelli
791 2703 891 2772 pedum
934 2699 1036 2756 bellum
1050 2704 1215 2772 conseritur,
1235 2704 1407 2775 witlilsww
1424 2718 1479 2760 non
1495 2705 1646 2762 missilibus
1665 2719 1756 2778 pugna

66 2773 192 2818 suorum:
209 2777 278 2820 mam
303 2767 419 2837 praelato
442 2774 577 2834 balduino
596 2786 742 2853 egrotanti
761 2803 792 2845 ae
807 2793 891 2848 semi·
932 2788 1048 2859 geritur.
1083 2804 1200 2860 cumque
1233 2791 1371 2862 ulfifflwlss
1400 2792 1448 2848 (ΠΗ
1476 2797 1613 2860 certatur,
1646 2793 1755 2850 hOSiem

71 2847 189 2918 vigilanti
208 2855 299 2910 sancti
324 2870 395 2928 quos
417 2865 636 2936 prescripsimus
661 2881 794 2946 martyres
812 2879 891 2950 adje·
933 2875 1075 2934 fortiorem
1130 2878 1356 2952 infestioremque
1409 2881 1560 2936 liuberlum
1611 2881 1757 2953 quemdam

75 2944 165 2995 cerunt
193 2940 343 3014 inculcare,
373 2953 402 3004 ut
427 2951 625 3014 winthericum
649 2964 759 3020 nomine
783 2976 811 3023 et
828 2975 891 3027 actu
932 2967 1086 3024 marchisus
1101 2969 1216 3038 invadit,
1231 2971 1346 3038 sauciat,
1367 2970 1506 3026 saussaius
1529 2975 1557 3026 θῑ
1575 2970 1635 3041 19⁵0
1650 2971 1756 3042 dejicit,

76 3029 235 3085 contrarium
254 3045 340 3104 regno
370 3039 549 3109 compelleret
571 3045 637 3104 inde
665 3052 792 3124 migrare.
813 3035 1011 3124 hanocouius
1038 3057 1158 3127 00100110
1178 3067 1205 3114 et
1234 3059 1357 3129 reliquos
1379 3057 1499 3115 hOSlt'fflfl
1528 3058 1600 3130 sudae
1619 3058 1707 3127 dedit,
1728 3064 1757 3116 θῑ

76 3113 260 3173 revelationem
284 3120 395 3179 Bruchii
419 3124 528 3198 iacmm,
553 3134 618 3203 quia
647 3136 768 3198 iidelium
800 3145 888 3204 relatu
930 3158 1049 3216 pugnam
1073 3149 1184 3202 exemit.
1201 3148 1326 3204 Manibus
1353 3161 1465 3204 suorum
1489 3148 1585 3217 junior
1603 3148 1756 3205 marchisus

76 3200 224 3275 didicimus,
241 3207 349 3266 lidelem
364 3211 483 3272 fideliter
496 3221 675 3296 credidimus,
686 3230 887 3307 credentesque
927 3233 1083 3291 Gandavum
1107 3236 1225 3304 vehitur,
1250 3251 1283 3292 ac
1306 3249 1362 3293 non
1381 3236 1499 3292 modicis
1513 3237 1611 3292 diebus
1625 3250 1682 3294 non
1697 3251 1753 3294 mo·

74 3291 174 3362 scriptis
188 3296 363 3355 tradidimus.
926 3322 981 3378 dici
1010 3323 1131 3380 vulneris
1156 3324 1287 3396 languore
1305 3323 1446 3396 allligitur.
1470 3326 1592 3396 Cumque
1604 3325 1661 3395 iam
1680 3338 1752 3394 pene

392 3391 499 3452 CAPUT
518 3398 550 3454 X·
926 3411 1034 3468 devita
1064 3413 1278 3483 periclitaretur,
1307 3412 1407 3469 divinae
1430 3425 1516 3481 super
1542 3412 1683 3468 llasnonio
1706 3425 1752 3467 re·

74 3465 138 3532 Quod
160 3473 278 3530 misaelem
292 3473 376 3534 meum
397 3483 482 3552 poids
502 3489 676 3560 munimentis
694 3495 882 3570 impetraveris,
924 3500 1069 3556 velationis
1098 3516 1147 3570 per
1170 3500 1331 3556 salakonem
1358 3500 1401 3554 sui
1417 3499 1482 3555 olim
1512 3503 1631 3554 tutorem
1654 3497 1750 3555 admo-

166 3561 214 3617 sed
228 3563 416 3624 admonitionis
430 3571 524 3630 urina
541 3575 674 3637 immemor
686 3585 775 3653 [nent.
924 3594 1025 3657 netur;
1045 3595 1151 3660 patrem
1175 3589 1223 3660 qui
1247 3593 1313 3644 tunc
1332 3593 1446 3643 moestus
1464 3587 1569 3655 aderat,
1589 3600 1675 3656 super
1692 3586 1746 3644 hoc

103 3647 159 3704 Erat
178 3665 211 3708 eo
230 3654 410 3714 revelationis
431 3666 555 3732 tempore
574 3666 712 3738 gloriosus
731 3676 883 3737 marchisus
924 3691 1051 3735 sermone
1075 3693 1130 3749 quo
1154 3677 1255 3748 potuit,
1282 3676 1422 3741 convenit,
1447 3688 1509 3731 curn
1533 3689 1599 3746 quc,
1620 3677 1651 3731 ut
1668 3676 1746 3732 win-

73 3731 208 3798 lialduinns
230 3743 358 3802 assidam
378 3746 445 3816 ilio,
475 3752 522 3821 qui
543 3755 599 3823 lam
625 3759 812 3820 conclamatus
841 3769 883 3838 ja·
923 3766 1070 3833 thericum,
1100 3766 1144 3822 cui
1168 3765 1336 3821 hasnonium
1369 3770 1435 3820 tunc
1468 3764 1652 3834 competebat,
1681 3778 1745 3823 evo·

73 3822 149 3890 cahat,
164 3829 208 3885 cui
227 3830 265 3886 ad
279 3831 478 3894 observandum
502 3848 652 3902 extremum
667 3849 793 3918 spiritum
808 3856 881 3914 velut
922 3863 1008 3924 caret,
1024 3855 1168 3912 consilium
1191 3854 1306 3912 invenit.
1326 3855 1461 3912 Evocatus
1475 3867 1560 3924 super
1581 3855 1744 3912 concambio

70 3909 115 3976 itm
141 3917 254 3992 jamque
282 3923 429 3994 exiturum,
459 3943 568 3988 cereum
597 3935 739 3996 ardentem
762 3951 882 4012 praeten-
922 3945 1064 4013 llasnonii,
1085 3945 1185 4002 blande
1204 3944 1377 4012 convenitur,
1397 3943 1444 4000 sed
1474 3942 1521 4000 diu
1541 3943 1744 4014 postulantibus

72 3996 162 4062 debat:
182 4011 231 4066 sed
263 4009 335 4068 nlius
353 4013 400 4070 diu
420 4017 516 4074 oculos
548 4021 576 4077 in
608 4027 713 4084 extasin
743 4031 824 4090 simul
853 4042 881 4094 ct
921 4050 1002 4092 aures
1021 4041 1135 4102 tantum,
1151 4047 1207 4092 non
1221 4046 1373 4101 assensum,
1390 4033 1518 4104 prebuit.

72 4083 214 4160 linguosum
246 4098 357 4158 clausos
374 4107 499 4174 aperuit:
519 4109 641 4184 linguam
663 4116 692 4172 in
716 4121 799 4179 verba
818 4123 878 4182 bal·
1235 4124 1343 4180 CAPUT
1362 4123 1419 4178 ΧΠ·

72 4172 189 4240 hutientia
208 4187 306 4257 potius
332 4192 377 4248 vix
405 4195 490 4252 movit
508 4213 588 4269 quarn
608 4210 773 4279 composuit,
794 4217 879 4284 patri·
918 4217 958 4271 lie
971 4219 1058 4271 castro
1072 4213 1255 4270 Hmnouierue
1282 4212 1424 4282 sicciore
1442 4209 1573 4268 liuidum
1599 4211 1659 4280 uate
1681 4226 1742 4268 cre-

71 4277 114 4332 quc
126 4269 231 4332 blandis
251 4291 283 4332 se
310 4284 484 4341 sermonibus
499 4301 583 4358 super
605 4292 692 4350 salute
717 4300 759 4355 sui
778 4304 877 4361 scisci·
1008 4307 1089 4370 ructo,
1104 4302 1151 4358 sed
1166 4302 1282 4358 dmuoa
1308 4299 1466 4355 Wintherico
1480 4297 1651 4366 reaedificato.

71 4355 136 4423 anti,
152 4363 216 4431 quid
232 4364 335 4423 viderit
354 4359 464 4428 retulits
477 4376 585 4446 adjecit
599 4380 713 4454 insuper
731 4402 760 4444 se
780 4357 909 4449 salutisD
955 4393 1040 4464 lgitur
1058 4406 1132 4462 saepe
1147 4395 1314 4447 memoratus
1328 4386 1477 4443 balduinus
1491 4383 1621 4483 cicatrice
1643 4383 1742 4482 vulnus

69 4453 117 4499 suae
130 4463 207 4516 posse
226 4453 289 4513 lieri
308 4467 473 4530 compotem,
485 4465 509 4520 si
527 4480 557 4522 se
572 4469 629 4526 voti
647 4473 690 4529 sui
705 4473 797 4534 divina
816 4481 876 4538 ins·
918 4481 1074 4537 obducente
1089 4479 1237 4546 convaluit,
1262 4484 1348 4547 utque
1367 4473 1476 4531 ellectui
1500 4471 1620 4572 divinam
1634 4485 1740 4572 manci·

71 4529 139 4596 pirati
164 4544 333 4602 revelatione
354 4555 433 4618 pater
451 4550 554 4610 laceret
572 4566 738 4629 compotem.
755 4567 877 4640 Cumque
918 4576 996 4640 paret
1018 4569 1245 4634 admonitionem,
1275 4565 1417 4622 elaborare
1439 4561 1570 4660 instituat.
1600 4559 1654 4660 Sed
1673 4558 1739 4630 quid

70 4619 153 4681 salutis
170 4629 217 4686 dlii
243 4639 324 4703 pater
343 4640 486 4708 tantopere
510 4644 638 4714 cupidus,
658 4650 725 4721 quid
740 4660 805 4712 voto
823 4657 876 4716 sibi
917 4663 1022 4730 ageret,
1037 4658 1085 4728 qui
1100 4657 1173 4712 nulla
1194 4656 1301 4712 ratione
1320 4655 1349 4710 in
1369 4649 1483 4723 prelato
1498 4648 1669 4748 wintherico
1688 4660 1740 4703 nec

70 4710 165 4771 sederet
191 4723 357 4793 requisisset
379 4727 532 4798 sollicitus;
554 4738 584 4789 ut
603 4736 818 4800 llasnnniensem
837 4747 878 4804 lo-
918 4748 1082 4806 obstinatam
1102 4751 1232 4811 mentem,
1261 4757 1313 4800 nec
1339 4742 1438 4798 surdas
1463 4739 1498 4795 id
1522 4735 1738 4838 assentiendum.

70 4807 121 4855 cnm
141 4805 191 4862 sihi
210 4809 287 4868 dono
311 4813 450 4874 conierret
464 4822 569 4892 rogavit
587 4829 614 4880 et
629 4825 794 4897 impetravit.
809 4835 876 4892 Nam
918 4851 953 4894 ne
981 4838 1069 4894 dicam
1092 4835 1127 4892 ad
1156 4833 1333 4912 audiendum,
1361 4835 1443 4888 aures
1470 4827 1604 4885 inclinare
1618 4830 1740 4927 'potuita

70 4885 297 4957 circumstantibus
325 4904 487 4973 quibusdam
521 4911 679 4981 curialibus,
705 4933 776 4990 quos
804 4937 876 4980 mar·
916 4927 1009 4982 virtus
1032 4924 1126 4998 igitur,
1147 4923 1262 4980 rationis
1284 4922 1327 4977 via
1346 4934 1380 4977 ex
1404 4917 1529 5017 obliquo,
1555 4915 1589 4972 ad
1616 4914 1739 4985 idquod

70 4973 149 5036 rhisus
175 4987 208 5042 ad
239 4994 427 5059 spectaculum
453 4999 495 5053 sui
526 5003 653 5060 moeroris
684 5007 803 5078 admisit,
833 5029 877 5072 ce·
916 5015 1003 5074 voluit
1029 5013 1172 5086 pervenire
1198 5010 1344 5082 disposuit.
1359 5008 1501 5064 iuniorem
1516 5010 1609 5075 itaque
1627 5002 1739 5104 fratrem

70 5076 134 5125 reum
147 5075 289 5135 ardentem
312 5080 368 5138 illio
391 5083 419 5140 in
434 5100 530 5144 manus
543 5089 630 5160 dedit,
646 5107 702 5164 quc
721 5097 747 5153 ei
767 5101 876 5160 blasnc-
916 5103 1079 5161 Wintberici
1097 5101 1239 5158 blanditiis
1262 5105 1289 5156 et
1304 5096 1425 5168 praemiis
1442 5095 1477 5151 ad
1500 5093 1664 5194 tradendum
1685 5091 1739 5148 subu

70 5152 132 5212 nium
150 5162 222 5220 relut
240 5169 434 5240 astipulatione
466 5176 581 5233 subnixa
613 5180 770 5243 donativum
799 5188 873 5249 iecit.
916 5193 1057 5251 castellum
1073 5186 1340 5248 llasnonienseclam
1355 5183 1572 5250 suasit,etlicet
1590 5180 1741 5239 dulilculter

70 5239 123 5298 irat
139 5262 251 5310 cernere
270 5269 325 5314 uno
344 5259 497 5333 eodemque
511 5273 650 5325 momento
663 5270 747 5330 ilium
766 5291 781 5332 a
796 5285 874 5349 patre
916 5281 1044 5341 tradendi
1059 5285 1168 5351 pactum
1187 5277 1361 5348 imbellililt
1378 5287 1434 5346 tl1¹⁰
1449 5279 1529 5345 pacto
1549 5272 1737 5372 Wlfflsflum

69 5325 222 5408 ionadvum,
241 5351 269 5400 et
287 5360 302 5401 a
321 5350 424 5406 mactis
444 5351 531 5408 morbi
551 5357 700 5417 remedium
718 5369 873 5438 suscepisse
915 5359 998 5430 armis
1018 5375 1149 5433 armatus,
1169 5381 1232 5424 cum
1264 5377 1320 5421 non
1339 5363 1432 5420 multis
1451 5375 1562 5420 suorum
1587 5373 1676 5430 copus
1694 5373 1738 5416 ca·

69 5419 214 5486 redivivum.
247 5433 352 5494 Exinde
385 5439 413 5494 in
442 5439 502 5498 dies
531 5443 660 5512 paulatim
698 5453 875 5516 meliusculus
914 5460 1022 5518 stellam
1038 5472 1071 5515 ox
1085 5456 1235 5528 improviso
1250 5453 1359 5520 invasit.
1375 5449 1736 5554 1⁰⁰⁰11ffl0i1¹0l¹ff¹0¹1⁵⁵⁰¹⁰

70 5514 204 5588 convaluit,
221 5521 386 5599 plenumque
404 5530 533 5600 gaudium
547 5534 714 5609 multicipse
732 5539 793 5611 luit,
809 5546 873 5606 dum
916 5548 1051 5620 aquavit:
1080 5545 1129 5603 scd
1159 5559 1189 5602 re
1217 5549 1304 5616 gosis,
1329 5542 1482 5601 marchisus
1505 5541 1650 5600 eonsilium
1674 5553 1737 5611 90¹·
