4034 6152
219 255 282 315 1031
747 258 774 313 S.
795 257 938 312 ennato}
958 249 1095 310 nubtiis
1113 253 1369 311 sitve-butorus
1838 257 1903 312 tota

213 385 290 455 poris
308 383 426 439 sanitate
446 381 619 452 desperatos,
636 381 733 437 anime
758 381 900 450 quaerebat
918 379 1142 441 salutemAcom
1170 379 1280 436 assidue
1299 379 1419 434 babebat
1448 380 1477 435 ct
1499 378 1646 446 intentum,
1675 379 1750 436 nulla
1768 381 1903 438 existente

214 472 355 539 attentius,
376 470 558 541 eleemosynis
573 471 686 535 instare,
703 469 870 538 pauperibus
884 468 1033 537 deservire,
1081 480 1208 523 mensura
1222 469 1372 534 veniarum,
1390 469 1418 524 in
1438 474 1544 525 tantum
1563 475 1594 526 ut
1611 469 1774 540 digitalibus
1793 472 1905 540 junctu·

215 561 341 618 ecclesiis
363 560 510 628 inbaerere,
540 560 646 624 missas,
661 558 741 628 quia
767 558 875 614 noviter
893 557 1037 615 ordinatus
1081 557 1120 612 ris
1134 557 1199 614 nodi
1215 557 1399 629 insurgerent,
1426 565 1453 614 et
1479 564 1557 629 petra
1584 559 1682 615 durius
1708 559 1819 615 callum.
1839 561 1903 628 Que

213 650 312 716 luerat,
332 648 492 719 frequenter
511 647 671 714 celebrare;
689 659 804 716 quarum
834 647 916 702 ctiam
936 646 1037 703 eucba·
1081 645 1153 701 enim
1169 651 1242 702 esset
1255 659 1383 702 mensura
1403 647 1437 702 ad
1452 648 1537 703 Deum
1557 646 1704 713 clamandi,
1728 649 1809 718 cujus
1835 648 1902 719 [ed.,

215 739 301 795 ristiat
332 738 395 796 dum
426 741 538 798 astaret,
568 735 605 789 ita
634 749 690 804 prae
716 736 840 805 angustia
870 735 1036 791 infirmitatis
1081 733 1141 806 cui]
1163 734 1237 791 nulla
1256 741 1316 790 erat
1337 735 1515 808 indrmandit
1543 736 1780 806 vidensdcoique
1808 752 1904 809 preces

214 827 385 900 stupetactus
403 823 570 880 reddebatur
589 828 619 878 ut
634 823 687 880 nisi
710 823 758 879 bei
778 823 933 892 clementia,
954 839 1034 895 quem
1081 836 1145 878 suas
1159 822 1228 877 nibil
1242 821 1333 879 adbuc
1349 823 1495 893 prolicere,
1516 830 1544 880 ct
1567 838 1663 881 omues
1687 824 1798 882 labores
1817 841 1903 893 suos,

213 920 286 975 inter
301 929 396 972 manus
411 914 531 980 tenebat,
552 919 694 969 teneretur
711 912 776 984 [ui.,
793 913 944 986 tueretur],
961 918 1036 970 totus
1081 917 1213 981 quantum
1237 912 1271 967 ad
1296 912 1445 980 bominem,
1475 915 1613 970 ineassum
1641 916 1693 982 ire,
1725 914 1816 972 diviua
1842 918 1903 972 ani-

214 1015 290 1063 extra
304 1004 435 1060 selreret.
1081 1004 1170 1056 matus
1201 1000 1392 1070 inspiratione,
1426 1009 1551 1058 sanctum
1583 1002 1768 1059 adalberdum
1804 1011 1906 1075 praeter

252 1093 292 1148 12.
327 1093 370 1149 Fit
401 1091 535 1159 eucrasia,
569 1089 704 1146 coauctam
733 1095 856 1147 ecorum.
876 1120 913 1132 -
934 1091 1036 1148 Taliter
1081 1102 1177 1145 omncs
1192 1094 1220 1145 et
1248 1104 1332 1160 super
1351 1104 1448 1148 omues
1475 1091 1633 1148 omnimoda
1657 1092 1817 1163 aggreditur
1836 1094 1905 1163 peti-

213 1183 323 1255 oxpleto
339 1195 411 1238 auno
427 1188 572 1251 postquam
591 1181 707 1236 aRoma
726 1179 818 1247 rediit,
835 1185 928 1236 custos
942 1178 1035 1235 eccle·
1081 1177 1156 1235 tione
1168 1199 1176 1246 ;
1190 1180 1270 1248 cujus
1287 1179 1419 1235 assistens
1448 1178 1539 1248 altari,
1566 1181 1706 1251 usque-ad
1735 1181 1906 1251 desperatio

160 1275 167 1286 '
213 1275 272 1340 siae,
289 1272 336 1342 qui
352 1277 418 1327 lunc
437 1275 506 1337 erat,
527 1270 654 1326 humanis
672 1269 810 1326 decessit:
837 1269 881 1325 cui
904 1269 1036 1325 Geraldus
1081 1281 1143 1322 nem
1156 1269 1211 1337 jam
1226 1266 1367 1336 confusus,
1392 1268 1542 1326 miserabili
1570 1270 1794 1340 cumpunctionis
1817 1270 1905 1326 bumi-

213 1360 417 1418 inobedientia
435 1360 579 1418 suecessit.
610 1357 749 1414 Successit
777 1357 950 1425 obedienter,
970 1357 1036 1413 licet
1081 1354 1157 1412 litate
1186 1355 1213 1412 in
1242 1369 1338 1412 omnes
1368 1370 1466 1427 preces
1496 1357 1624 1414 redditur
1651 1357 1776 1415 diffusus.
1805 1360 1905 1414 Verum

213 1450 326 1520 abipsa
346 1447 713 1519 impedireturinlirmitatc,
738 1460 794 1502 non
818 1447 919 1516 aliqua,
940 1452 1036 1516 utpote
1081 1445 1129 1502 illo
1149 1446 1269 1515 desuper
1287 1445 1435 1502 miserante
1459 1446 1506 1517 qui
1526 1448 1732 1518 appropinquat
1758 1449 1905 1504 contribu-

214 1540 262 1610 qui
280 1538 402 1607 seipsum
421 1549 476 1593 uon
496 1535 626 1603 babebat,
656 1535 766 1591 illectus
794 1535 956 1604 cupiditate,
986 1534 1035 1590 scd
1081 1532 1144 1590 latis
1163 1533 1257 1602 corde,
1272 1536 1397 1606 pervenit
1415 1534 1449 1590 ad
1465 1536 1528 1604 boe,
1544 1537 1620 1606 quod
1644 1538 1667 1592 si
1683 1537 1761 1607 prius
1782 1535 1904 1602 lecisset,

214 1634 245 1684 ut
264 1627 310 1682 tali
326 1624 483 1682 obedientia
498 1625 802 1695 promerereturabco
826 1624 940 1692 gratiam
966 1622 1037 1678 salu·
1083 1622 1130 1678 bei
1160 1623 1305 1678 clementia
1332 1625 1387 1694 jam
1417 1624 1549 1682 liberatus
1576 1623 1682 1681 luisset.
1702 1627 1805 1682 Sancto
1833 1629 1905 1682 enim

215 1717 251 1772 tis
266 1714 474 1786 recuperande.
491 1715 547 1770 Neo
562 1712 658 1769 decrat
677 1718 760 1769 tantae
784 1710 934 1769 voluntatis
958 1707 1238 1768 occe-Bndaibardo
1266 1718 1345 1768 vovet
1368 1713 1507 1770 laudabile
1534 1719 1638 1780 votum,
1669 1729 1699 1770 sc
1726 1713 1838 1770 scilicet
1858 1728 1905 1784 pro

214 1807 267 1873 sio,
298 1803 497 1861 obsistentibus
529 1802 701 1872 temporibus
734 1801 856 1872 priorum
883 1799 1039 1870 proposito.
1079 1813 1160 1868 posse
1183 1814 1294 1870 semper
1322 1807 1349 1856 et
1378 1801 1480 1872 ubique
1510 1802 1684 1873 magnificare
1716 1816 1820 1859 nomen
1848 1805 1907 1872 ejus

204 1894 355 1964 'Templum
371 1893 478 1964 ,quippe
504 1891 613 1948 noviter
630 1889 774 1946 fundatum
803 1903 837 1945 cx
855 1894 915 1946 toto
944 1888 1040 1944 deser·
1078 1889 1239 1960 gloriosum,
1255 1890 1278 1945 si
1298 1889 1352 1946 sibi
1371 1891 1546 1961 impenderet
1562 1891 1729 1962 dignationis
1747 1905 1808 1948 suae
1828 1892 1906 1947 auxi·

215 1987 347 2040 tumeret
366 1980 414 2053 (6),
429 1980 527 2037 oribus
542 1984 570 2034 ct
594 1979 687 2048 porcis
701 1983 730 2034 ct
753 1977 902 2048 pecoribus
916 1977 1037 2047 patebat,
1078 1977 1163 2046 lium;
1184 1992 1240 2049 quo
1255 1993 1284 2034 se
1300 1979 1347 2035 ubi
1360 1985 1426 2036 voto
1444 1979 1548 2050 ligarit,
1574 1979 1715 2050 paulisper
1736 1981 1905 2038 solutionem

215 2073 294 2143 quasi
323 2071 413 2142 platea
443 2067 523 2139 aquis
548 2067 713 2138 pluvialibus
741 2067 779 2122 ita
798 2066 908 2136 plenum
925 2070 984 2122 erat
1009 2071 1041 2121 ut
1078 2067 1245 2125 iulirmitatis
1273 2069 1375 2124 sentire
1399 2069 1494 2139 coeplt.
1520 2069 1620 2140 sicque
1648 2069 1740 2126 diviua
1759 2067 1906 2126 clementia

215 2175 327 2218 anseres
341 2165 369 2215 ct
382 2164 477 2214 anates
493 2162 619 2213 natarent
634 2170 684 2226 per
701 2155 781 2223 iilud,
807 2169 858 2224 pro
882 2155 1038 2225 prarimcnto
1078 2157 1113 2212 ad
1132 2157 1293 2226 petitionem
1323 2158 1448 2227 quotidie
1468 2158 1554 2230 magis
1580 2173 1613 2214 ac
1634 2159 1722 2229 magis
1748 2159 1904 2227 animatus,

214 2251 320 2307 babens
349 2249 431 2305 unius
459 2246 545 2304 cubiti
573 2244 798 2315 sterquilinium,
819 2244 947 2308 omnibus
980 2247 1039 2300 erat
1078 2243 1227 2315 aliquando
1242 2251 1304 2314 post
1323 2245 1487 2316 completam
1506 2247 1549 2318 (7)
1569 2261 1660 2303 coram
1675 2247 1801 2303 altarise
1821 2248 1907 2304 eduo-

212 2338 334 2404 lastidio‚
361 2349 457 2394 omnes
475 2339 651 2392 transeuntes
670 2333 816 2390 movebant
844 2337 927 2402 caput
954 2345 1039 2401 super
1079 2335 1149 2392 deos
1163 2335 1190 2390 in
1216 2335 1337 2391 omnium
1357 2335 1514 2392 orationum
1533 2335 1657 2404 effectus,
1682 2337 1829 2406 usquead
1848 2338 1906 2392 sio·

213 2441 257 2484 eo.
279 2426 347 2483 Huic
367 2425 445 2495 operi
458 2423 567 2493 juvenis
587 2421 671 2491 coepit
686 2421 800 2486 instare,
821 2420 844 2474 sl
870 2433 925 2490 quo
955 2417 1038 2475 modo
1077 2421 1170 2495 goltos
1197 2424 1280 2479 verba
1299 2423 1546 2494 interrumpentes,
1575 2439 1644 2495 pene
1674 2425 1850 2495 liquescebat
1878 2427 1905 2482 iu

213 2516 335 2572 divinum
363 2517 519 2584 respectum
547 2511 582 2566 ad
606 2523 682 2565 suam
710 2509 914 2564 miserationem
944 2512 1039 2578 posset
1078 2517 1223 2568 currentes
1256 2513 1437 2584 lacrymarum
1465 2513 1585 2581 lluctus;
1606 2513 1720 2570 tandem
1738 2514 1834 2570 laxata
1857 2529 1909 2572 uox

213 2604 367 2669 inclinare;
397 2607 425 2657 et
443 2600 509 2656 iicet
527 2599 709 2668 impediretur
737 2597 854 2667 penuria
869 2603 1037 2668 temporum,
1078 2601 1183 2657 invenit
1201 2601 1274 2668 iter,
1301 2602 1474 2674 gemitusque
1498 2602 1583 2659 soluti
1602 2603 1631 2659 in
1658 2605 1719 2660 baec
1737 2603 1824 2660 verba
1845 2617 1907 2673 pro

214 2701 306 2750 tamen
321 2691 375 2748 sibi
391 2687 555 2761 providente
570 2689 636 2753 beo,
657 2685 941 2760 purgavittemplum,
963 2699 1037 2742 com·
1078 2696 1230 2760 rumpunt:
1251 2691 1350 2747 Sancte
1368 2691 1534 2758 Adatharde,
1555 2691 1656 2748 christi
1675 2693 1776 2758 amice,
1795 2693 1906 2762 suscipe

213 2782 306 2854 posuit
320 2778 464 2846 sedilibus,
484 2783 512 2832 et
526 2776 634 2832 ornavit
649 2775 770 2845 desuper
793 2775 959 2831 columnulis
974 2789 1035 2830 cum
1078 2792 1120 2833 me
1140 2779 1268 2835 miserum
1283 2785 1347 2835 ante
1370 2793 1466 2836 omues
1494 2786 1599 2850 etpost
1620 2793 1717 2836 omrrcs
1744 2779 1907 2852 confugies

213 2871 325 2928 basibus
343 2869 469 2934 eborum,
486 2863 613 2936 purgavit
627 2869 750 2936 cryptam
766 2869 794 2919 et
808 2862 1036 2931 deambulatoria,
1077 2873 1132 2922 teor
1148 2866 1182 2922 ad
1198 2873 1234 2923 te.

212 2957 430 3032 aptavitinsuis
449 2954 519 3011 iocis
542 2953 675 3009 decenter
698 2952 806 3010 altaria.
826 2952 896 3019 Quid
916 2950 1035 3021 amplius
1115 2955 1483 3026 raptumrapturn
1506 2955 1599 3012 leudes
1623 2956 1754 3014 waldus
1778 2957 1904 3013 celebrari.
2009 2973 2010 3026 ,

211 3053 325 3105 moror?
343 3043 536 3101 blonastcrium
551 3040 694 3111 quodiam
720 3040 769 3094 diu
787 3040 821 3094 ab
841 3039 970 3096 omuibus
993 3039 1035 3096 di·
1053 3038 1119 3098 c-
1142 3043 1194 3099 Ubi
1221 3057 1287 3115 ergo
1313 3046 1380 3100 satis
1408 3051 1451 3100 est
1475 3045 1549 3101 visus
1576 3045 1629 3101 sibi
1655 3045 1787 3101 idoneum
1806 3045 1910 3102 iustnr·

212 3137 324 3193 missum
340 3138 409 3197 crat,
429 3130 499 3186 inira
514 3137 623 3200 tempus
637 3133 679 3184 sat
702 3127 840 3184 modicum
864 3129 903 3184 lta
926 3135 1035 3199 coapta·
1082 3132 1294 3190 rissesanctum
1306 3131 1490 3189 ndaibardum
1513 3133 1586 3204 apud
1603 3132 1725 3203 judicem
1744 3133 1904 3200 Cbristum,

212 3226 262 3294 vit,
281 3229 312 3281 ut
330 3221 365 3278 ad
394 3223 450 3276 beo
478 3217 652 3275 serviendum
671 3217 812 3273 videretur
840 3217 981 3284 idoneum,
1008 3223 1036 3274 et
1080 3221 1211 3288 surrexit,
1220 3219 1319 3278 taciem
1330 3221 1453 3287 tersit‚et
1463 3220 1652 3292 gemebundus
1661 3221 1745 3278 rediit
1754 3221 1789 3277 ad
1802 3221 1905 3278 lectum

211 3320 296 3371 tautae
329 3307 537 3381 congregationi
569 3305 648 3362 valde
685 3305 881 3382 necessarium.
915 3305 1035 3373 Quadam
1081 3321 1306 3379 suum;cumquc
1315 3309 1354 3364 ibi
1365 3308 1905 3379 sederet,adbuosingultiensctamens,

211 3416 277 3459 vero
297 3401 343 3457 die
365 3398 475 3465 iratres,
496 3395 544 3467 qui
569 3395 683 3465 majoris
710 3394 739 3449 in
767 3394 897 3451 coenobio
925 3394 1034 3451 consilii
1081 3410 1115 3451 cx
1129 3405 1206 3466 parte
1225 3397 1319 3452 aitaris
1337 3397 1430 3467 speeie
1448 3395 1573 3468 iulgurca
1592 3396 1728 3453 advolavit
1742 3397 1907 3467 splendoris

212 3496 300 3559 eraut,
320 3488 447 3546 videntes
474 3483 684 3550 monasterium,
713 3489 754 3566 ut
773 3483 902 3550 diximus,
931 3484 1034 3553 optime
1080 3484 1189 3555 globus,
1205 3485 1253 3556 qui
1269 3485 1452 3541 reverberatis
1467 3485 1527 3554 eius
1541 3484 1639 3552 oculis,
1654 3485 1804 3541 illustrarit
1816 3491 1906 3542 totum

211 3583 382 3652 apparatum,
403 3576 529 3633 abbatem
543 3571 657 3642 adeunt,
684 3571 718 3627 ad
747 3571 895 3628 ridendum
915 3586 977 3642 quae
996 3571 1036 3627 ui·
1080 3586 1181 3643 eorpus
1200 3575 1270 3643 clus.
1291 3575 1325 3629 nt
1347 3573 1393 3630 ilic
1417 3572 1587 3643 stupetactus
1605 3573 1695 3641 baesit,
1724 3587 1786 3629 cum
1810 3574 1906 3630 subito

211 3669 308 3725 derant
338 3666 497 3732 adducunt;
532 3661 677 3719 consilium
705 3660 839 3727 tribuunt,
869 3665 899 3716 ut
917 3673 1035 3730 corpora
1080 3663 1170 3732 ruptis
1201 3662 1390 3718 infirmitatum
1423 3661 1523 3729 nodis,
1557 3663 1631 3718 inter
1659 3669 1761 3730 cutem,
1777 3667 1807 3718 ct
1827 3663 1906 3732 quasi

211 3762 369 3814 sanctorum
394 3755 441 3825 qui
466 3752 494 3808 in
517 3750 685 3807 monasterio
713 3754 821 3806 vetusto
851 3755 929 3804 eraut
956 3748 1035 3804 tolle·
1080 3749 1243 3820 quibusdam
1259 3749 1412 3817 chordulis,
1428 3755 1511 3820 caput
1535 3750 1626 3820 ipsum
1649 3750 1749 3820 ingens
1772 3752 1905 3821 crepuit;

209 3851 316 3912 rentur,
346 3851 373 3900 et
390 3843 419 3897 in
433 3841 506 3907 loco,
527 3852 608 3909 quem
623 3835 755 3894 Geraldus
769 3842 812 3893 sat
836 3838 1035 3893 convenienter
1080 3845 1108 3894 et
1121 3851 1178 3894 non
1192 3836 1284 3895 terens
1302 3839 1444 3895 dolorem:
1464 3839 1563 3894 Sancte
1577 3837 1742 3906 bdalbardc,
1758 3853 1905 3902 succurre,

210 3932 337 3988 mundari
360 3930 474 3996 iecerat,
494 3940 555 3983 cunr
575 3940 679 3982 summa
705 3925 882 3982 veneratione
910 3926 1033 3982 colloca·
1080 3926 1229 3983 miserabili
1243 3941 1310 3983 voce
1339 3926 1485 3994 clamavit,
1505 3939 1625 3996 moxque
1652 3923 1704 3982 sub
1732 3925 1907 3983 silentiose

211 4025 317 4078 rentur.
333 4017 483 4075 Consilium
496 4015 590 4072 datum
613 4018 655 4070 est
679 4019 707 4070 et
726 4014 881 4084 probatum,
907 4019 935 4070 ct
959 4029 1035 4086 que·
1080 4016 1223 4085 repressit,
1239 4015 1374 4086 quiscum
1390 4016 1452 4085 ipso
1464 4014 1561 4071 dolore
1575 4016 1703 4071 virtutem
1715 4015 1743 4070 in
1758 4029 1789 4071 se
1804 4013 1906 4071 iactam

212 4123 321 4180 cunque
338 4107 452 4164 deerant
471 4103 505 4160 ad
533 4104 587 4160 boc
608 4101 796 4170 inquiruntur,
826 4110 854 4159 et
872 4103 974 4169 omnia,
1004 4107 1034 4158 ut
1079 4104 1176 4160 sensit.
1206 4105 1306 4172 Sicque
1325 4103 1458 4160 liberatus
1485 4103 1519 4158 ab
1546 4103 1606 4175 ipsa
1634 4103 1803 4170 inormitate,
1825 4105 1906 4173 cuius

212 4200 351 4265 diximus,
385 4209 446 4253 cum
465 4193 567 4266 gaudio
599 4198 627 4248 et
659 4191 851 4262 episcoporum
880 4191 1032 4247 vicinorum
1079 4190 1251 4247 liberationis
1270 4191 1410 4248 desiderio
1431 4196 1506 4247 tanto
1526 4196 1584 4246 erat
1604 4189 1731 4261 latigatus
1755 4198 1903 4262 tempore,

211 4286 421 4346 coodrmaliooc
454 4289 482 4340 et
500 4281 597 4353 populi
629 4280 706 4336 llrrna
735 4281 911 4336 attestatione
943 4281 1032 4336 adiro·
1079 4278 1199 4335 laudavit
1222 4278 1398 4336 liberatorem
1422 4280 1508 4336 libera
1530 4293 1618 4348 voce;
1639 4293 1690 4336 nec
1710 4277 1799 4336 deluit
1818 4287 1904 4347 voto,

211 4378 339 4449 pientur;
372 4375 468 4444 sicque
489 4372 597 4444 juvenis
624 4370 710 4441 magis
726 4384 759 4425 ac
778 4369 864 4440 magis
890 4369 918 4424 io
948 4359 1152 4438 operchuod
1177 4367 1337 4438 pauloantc
1355 4373 1467 4426 voverat
1495 4373 1609 4433 saucto;
1640 4369 1800 4438 ubicunque
1829 4371 1904 4425 euim

211 4472 341 4537 suscepto
360 4462 511 4529 desudans,
531 4459 659 4516 omnibus
683 4458 848 4513 necessariis
870 4457 1033 4526 adornavit,
1076 4458 1176 4527 potuit,
1187 4456 1303 4528 gloriam
1320 4459 1380 4527 ejus
1394 4457 1534 4524 exaltavit,
1550 4457 1697 4514 exaltando
1711 4458 1794 4528 etiam
1810 4458 1907 4514 taliter

210 4555 260 4612 illo
274 4551 511 4618 subministrante,
537 4549 616 4619 cujus
644 4547 704 4603 baec
723 4547 822 4617 agebat
850 4544 988 4604 desiderio
1007 4554 1036 4603 ct
1076 4545 1269 4616 magnificavit.
1299 4546 1387 4602 Vitam
1402 4546 1490 4617 ipsius
1517 4546 1695 4616 apostropbis
1723 4544 1859 4616 elegiacis
1877 4554 1905 4602 et

210 4658 313 4701 eruore.
1074 4634 1264 4704 superfluitate
1283 4634 1327 4689 sui
1347 4632 1531 4690 offendentem
1550 4633 1658 4689 animos
1671 4632 1836 4704 legentium,
1857 4648 1906 4690 cx-

249 4733 291 4788 13.
311 4733 343 4788 S.
363 4727 514 4787 ltabordi
542 4723 666 4798 imploret
696 4739 779 4796 opem.
808 4753 844 4763 -
869 4723 1034 4782 Proliciebat
1074 4723 1186 4795 stirpari
1213 4722 1279 4779 iecit
1307 4737 1340 4778 ex
1359 4721 1427 4792 ipsis
1457 4722 1584 4778 sentibus
1611 4721 1847 4792 superornatam,
1876 4727 1905 4776 et

211 4824 323 4896 quidem
351 4822 380 4876 in
408 4826 484 4888 voto,
504 4817 553 4873 sed
574 4814 651 4873 nullo
670 4814 761 4870 adbuc
780 4813 945 4868 infirmitatis
959 4812 1033 4868 leva·
1075 4812 1155 4882 piane
1174 4811 1316 4868 reductam
1344 4810 1378 4867 ad
1405 4811 1500 4867 liorem
1528 4812 1654 4867 bistoriae
1682 4811 1798 4882 mystice
1819 4811 1906 4867 bexa-

211 4912 292 4969 batur
306 4907 448 4974 remedio;
466 4920 521 4962 non
532 4903 595 4961 ideo
610 4909 700 4970 tamen
711 4901 870 4968 desistebat,
882 4906 909 4956 et
921 4914 1033 4956 somme
1074 4908 1162 4958 metro
1182 4901 1324 4958 decoravit
1340 4899 1397 4972 (8).
1413 4901 1581 4956 festivitatis
1599 4900 1685 4972 ipsius
1709 4913 1808 4969 parum
1834 4899 1904 4971 quid

210 5000 360 5059 sacrarium
380 4995 492 5067 pietatis
506 4994 629 5066 pulsans,
651 5005 736 5063 regno
759 4990 808 5046 bei
826 4992 880 5046 vim
903 4988 1031 5046 iaciebat.
1073 4990 1156 5046 tiebat
1174 4989 1324 5056 memorie,
1354 4987 1403 5046 sed
1432 4990 1593 5059 compositis
1619 4987 1781 5058 antiphonis
1806 4995 1837 5044 et
1854 5003 1903 5044 re-

211 5087 410 5160 0pportunitas
424 5098 535 5156 quoque
560 5081 686 5140 ecciesiae
705 5085 733 5136 et
757 5079 911 5137 orationum
931 5083 1032 5149 praesto
1074 5079 1239 5150 sponsoriis,
1259 5078 1314 5135 alta
1338 5086 1366 5136 et
1385 5078 1467 5150 digua
1486 5077 1551 5136 lecit
1569 5078 1694 5135 venerari
1713 5076 1901 5145 celebritate,

247 5229 280 5300 (bt
309 5227 430 5286 Ecclesia
458 5225 585 5283 corbeie
614 5221 776 5295 principalis
803 5223 866 5306 igue
899 5235 1033 5277 succensa
1073 5227 1164 5278 tamen
1183 5221 1251 5277 Vitae
1265 5227 1372 5288 auctor,
1392 5221 1439 5291 qui
1451 5219 1552 5277 nullam
1567 5221 1594 5276 S.
1611 5216 1761 5275 adalbaldi
1775 5220 1902 5276 meudo-

211 5301 301 5358 iuerat
325 5305 449 5371 tempore
468 5297 598 5353 Richardi
623 5294 740 5361 abbatis,
766 5299 797 5349 ut
818 5306 878 5363 rpse
902 5292 1034 5348 Geraidus
1074 5307 1136 5350 orm
1164 5291 1240 5359 lacit,
1269 5291 1299 5347 id
1324 5297 1388 5362 post
1409 5291 1577 5348 celebratum
1604 5289 1755 5347 aderaldo
1784 5291 1902 5348 missam

211 5378 305 5428 narrat
330 5371 402 5428 libr
422 5371 515 5426 tiirac.
545 5370 572 5425 S.
602 5365 752 5423 adalhardi
771 5362 983 5434 supralaudato
1003 5363 1032 5418 in
1073 5363 1222 5436 contigisse
1236 5362 1343 5419 scribit.

211 5445 286 5499 notis
300 5443 334 5500 ad
353 5456 428 5498 uum.
447 5440 474 5496 5.
1111 5434 1157 5507 (s
1173 5436 1259 5491 Vitam
1274 5435 1302 5490 S·
1317 5433 1465 5491 ndalbardi
1479 5433 1569 5504 primo
1588 5431 1700 5502 scripsit
1722 5433 1751 5488 S.
1777 5433 1903 5489 Pascha-

250 5513 339 5585 (t)1d
364 5517 407 5570 est
421 5517 484 5582 post
502 5509 724 5583 completorium,
740 5507 793 5565 uisi
809 5505 899 5564 ialior.
914 5504 1033 5563 Alterius
1072 5507 1143 5564 sius-
1184 5505 1299 5562 dbertus
1324 5505 1412 5562 abbas
1435 5504 1560 5562 corbeie
1575 5503 1704 5570 celebris,
1720 5517 1805 5574 quam
1824 5505 1902 5560 sicut
