4024 6174
145 285 194 341 ⁵⁰⁵
802 289 843 344 na
863 287 969 343 eltuto
987 283 1161 340 saxonico.
1768 283 1822 338 505

141 413 196 480 jure
215 407 427 478 pertinentibus,
452 410 506 465 sibi
530 425 580 480 per
608 411 734 481 injuriam
758 411 866 477 ablatis,
891 406 1065 469 iecitAtalia
1083 405 1252 472 retulissent,
1277 404 1396 476 ipsique,
1421 403 1545 476 quamvls
1567 405 1681 462 multum
1706 413 1822 478 tempta-

143 495 286 568 querelam.
324 495 507 554 llerimannns
543 513 646 564 comes,
676 500 751 570 quod
779 513 868 570 nuper
900 503 958 554 erat
999 502 1070 563 rent,
1092 497 1128 564 ei,
1148 509 1204 566 quo
1227 499 1323 566 rogata
1346 492 1478 561 lacerent,
1505 493 1671 565 persuadere
1696 508 1751 552 non
1772 509 1824 566 po·

141 584 234 642 lactum
258 585 389 653 narrauit,
414 587 478 656 qnia
501 585 522 618 ⁹¹
546 587 642 644 urbem
665 603 741 646 snam
757 586 956 658 biuniburg·’⁸,
1000 585 1134 652 tuissent;
1165 585 1225 654 ipsc
1254 583 1310 654 iam
1339 596 1389 639 neo
1416 583 1511 638 amicis
1538 581 1727 650 familiaribus
1758 585 1823 653 quia

142 673 290 730 bereditate
322 673 457 745 relictam,
491 675 589 733 callide
618 692 665 733 rex
698 677 860 748 occupavit;
877 681 914 741 et,
935 675 959 731 si
999 685 1055 729 non
1071 672 1290 729 utrolebatsibi
1304 671 1449 727 eonsilium
1463 669 1699 738 dederant,iidem
1714 670 1821 739 babuit,

142 777 196 819 eam
209 762 330 818 retinere
346 761 491 833 potuisset,
516 769 601 820 totam
616 764 690 822 illam
705 767 856 837 regionem,
877 777 958 834 quam
999 761 1047 818 sed
1077 761 1205 818 omnibus
1232 761 1346 818 semotis
1363 759 1440 818 solus
1453 774 1545 817 seeum
1561 759 1627 830 quid
1642 763 1737 830 ageret
1754 759 1825 815 deli-

141 851 189 906 sibi
222 857 351 922 parentes
376 852 438 921 jure
466 853 637 921 dimiserant,
654 868 709 910 non
733 854 807 926 regia
823 857 958 925 potestate
1000 849 1109 917 berane,
1138 863 1198 906 cum
1226 863 1277 905 nec
1308 849 1456 906 honestum
1482 854 1592 919 putaret
1617 853 1657 915 nt,
1686 846 1765 918 quasi
1797 847 1824 902 ai

140 939 185 996 sed
200 939 302 1010 injusta
317 939 459 1010 possidere
472 940 569 998 uoluit.
586 943 744 1000 l'riderieus
758 956 851 999 eomes
865 941 959 1012 palatii
1000 948 1122 1008 coactus,
1151 939 1244 996 subito
1269 939 1382 996 castella
1400 953 1449 995 sua
1468 937 1634 1009 permultos
1651 951 1739 994 annos
1753 950 1825 994 con·

140 1033 305 1100 conquestus
328 1035 370 1085 est
393 1031 458 1099 quia
482 1031 646 1087 beneficium
670 1033 744 1102 quod
760 1033 795 1088 de
809 1032 920 1087 abbatia
938 1029 960 1062 ’ὅ
1000 1034 1103 1084 structa
1119 1026 1284 1095 destrueret,
1305 1041 1357 1084 nec
1383 1033 1471 1084 tutum
1492 1028 1619 1085 crederet
1637 1034 1743 1084 uicum
1758 1041 1825 1098 pau-

140 1116 335 1174 llerolieslelde
367 1117 389 1150 ⁸⁸
421 1133 546 1190 magnum
584 1120 721 1188 babuerit,
770 1122 870 1191 injusta
906 1120 959 1175 sibi
1000 1118 1050 1184 eis,
1070 1116 1171 1187 quibus
1197 1116 1278 1172 etiam
1294 1117 1349 1186 lam
1365 1117 1584 1174 miuuscredere
1603 1125 1734 1188 coepcrat,
1762 1129 1823 1172 cum

136 1207 258 1277 iussione
286 1208 359 1278 regis
381 1207 512 1275 ablatum,
537 1213 646 1265 centum
673 1211 774 1265 mansis
802 1223 959 1280 agroruma
1001 1213 1077 1262 tanto
1105 1205 1228 1262 exercitu
1257 1205 1292 1260 ad
1322 1206 1414 1261 omnia
1443 1212 1538 1277 parato
1554 1205 1684 1276 placitum
1712 1204 1824 1275 aliquod

138 1309 198 1364 rege
225 1295 364 1350 redimere
388 1295 507 1363 volebat,
527 1311 579 1352 nee
607 1297 725 1354 valebat.
755 1299 911 1354 blidericus
925 1299 960 1354 de
1001 1294 1090 1351 adiret
1116 1294 1238 1366 :paucis
1261 1294 1362 1363 quibus
1394 1295 1483 1365 ipsum
1512 1295 1654 1352 castellum
1687 1307 1825 1351 commen·

138 1385 237 1451 llonle,
273 1389 300 1439 et
338 1383 537 1452 ll'illebelmus,
567 1400 616 1441 rex
648 1386 804 1458 agnomine,
843 1400 959 1456 quorum
1002 1385 1085 1440 dabat
1107 1384 1268 1450 scientibus,
1294 1390 1378 1440 noctu
1406 1385 1550 1441 saxoniam
1570 1385 1703 1452 deseruit,
1729 1389 1757 1440 et
1776 1397 1827 1454 per

138 1471 220 1542 priori
247 1471 413 1540 libertatem,
430 1473 510 1530 alteri
526 1488 574 1530 rex
593 1475 701 1546 eripere
716 1475 803 1532 volarit
817 1475 959 1531 beredita—
1002 1471 1130 1544 confraga
1162 1471 1301 1539 siluarum,
1328 1485 1390 1542 quae
1415 1485 1490 1542 saepe
1514 1471 1578 1528 dum
1604 1471 1681 1529 locos
1705 1471 1826 1528 castellis

137 1569 198 1628 tem,
214 1565 333 1631 uterque
348 1575 398 1631 pro
413 1575 443 1617 sc
460 1563 600 1632 querelam
615 1562 743 1632 iaciebat,
764 1579 826 1634 quae
845 1570 961 1620 cunctos
1002 1567 1139 1633 quaereret
1163 1565 1364 1631 peragraverat,
1384 1559 1502 1631 lugiens,
1518 1562 1551 1617 ad
1568 1562 1708 1617 l'raneiam
1729 1562 1825 1617 orien-

137 1651 195 1720 plus
213 1649 278 1706 aliis
305 1651 487 1720 querimoniis
516 1652 550 1708 ad
571 1653 787 1710 misericordiam
802 1668 960 1711 commove·
1001 1649 1083 1706 talem
1116 1649 1212 1718 paucis
1234 1647 1430 1704 comitantibus
1462 1649 1546 1704 venit.
1578 1649 1662 1716 Cujus
1685 1646 1775 1717 lugam
1796 1654 1827 1702 ut

136 1739 188 1805 bat,
209 1737 276 1809 quia
295 1739 323 1793 in
343 1738 398 1794 illis
417 1738 526 1796 duobus
544 1741 611 1812 qnid
637 1743 771 1798 rrrriversis
793 1741 884 1798 iacere
909 1737 1145 1809 conprincipes
1170 1737 1218 1807 qui
1241 1750 1302 1792 cum
1325 1749 1360 1792 eu
1382 1735 1491 1791 inerant
1514 1741 1695 1806 agnoverunt,
1710 1734 1824 1790 male'se

135 1825 248 1896 girabat,
265 1827 455 1896 aestimabant;
471 1829 652 1898 quiescillcet
667 1831 805 1899 omnibus,
817 1831 839 1886 si
856 1837 959 1900 posset,
1001 1827 1127 1884 desertos
1146 1827 1282 1893 dieentes,
1307 1826 1342 1881 ad
1357 1839 1406 1882 sna
1433 1827 1551 1896 quisque
1576 1824 1659 1880 simili
1674 1824 1737 1895 luga
1751 1823 1826 1880 lesti-

137 1911 292 1970 libertatem
311 1915 392 1972 simul
417 1923 445 1972 et
459 1918 650 1986 possessiones
661 1918 769 1975 auferre
784 1919 958 1988 disponebat.
1000 1923 1143 1974 naverunt.
1159 1918 1225 1974 llaec
1239 1921 1329 1971 autem
1345 1913 1409 1986 suga
1422 1913 1493 1970 lacta
1507 1918 1550 1971 est
1564 1927 1636 1970 anno
1651 1905 1686 1970 ab
1701 1915 1825 1970 iucarna-

136 2003 240 2060 beinde
272 2004 358 2060 ceteri
386 2019 450 2061 suas
477 2007 596 2076 quisque
615 2005 802 2077 proterebant,
818 2022 887 2078 quas
900 2013 960 2063 erat
1001 2009 1075 2065 tione
1091 2006 1198 2062 bomini
1216 2004 1294 2061 1073.
1630 2015 1631 2020 ¹

136 2104 242 2160 passus,
276 2092 410 2163 injurias;
444 2094 479 2150 ad
517 2109 586 2166 quas
625 2096 880 2152 commemorandas
907 2109 959 2152 nec
1035 2095 1081 2150 28.
1106 2096 1253 2165 Postquam
1277 2105 1343 2149 vero
1367 2093 1442 2164 regis
1465 2090 1567 2163 lugam,
1592 2105 1654 2162 quae
1669 2092 1716 2148 diu
1740 2091 1824 2147 celari

135 2180 235 2251 pagina
253 2181 354 2238 scilicit
382 2196 433 2239 nec
459 2185 602 2240 memoria.
637 2186 737 2242 Omnes
765 2199 831 2257 ergo
856 2187 904 2255 qui
919 2186 959 2242 ibi
999 2198 1056 2240 non
1071 2186 1189 2254 poterat,
1214 2184 1336 2238 &nones
1354 2187 1534 2251 agnoverunt,
1551 2181 1589 2236 nil
1609 2188 1758 2247 morantes,
1775 2194 1823 2236 eos

134 2277 322 2326 convenerant
335 2302 370 2314 -
385 2279 552 2328 convenerat
567 2279 658 2329 autem
673 2275 806 2330 maximus
821 2276 959 2332 exercitus
999 2274 1048 2344 qui
1062 2274 1116 2329 boe
1137 2271 1291 2338 castellum,
1316 2270 1390 2341 quod
1415 2268 1495 2325 iacile
1510 2270 1616 2325 destrui
1632 2283 1688 2326 non
1703 2275 1822 2339 poterat,

129 2385 164 2394 —-
178 2357 343 2428 singiliatim
356 2361 526 2429 juraverunt,
543 2362 668 2431 episcopi
684 2363 805 2432 quidem,
818 2371 857 2432 nt,
873 2378 959 2434 quan·
999 2361 1170 2428 obsiderent,
1199 2359 1239 2416 ibi
1267 2359 1458 2430 reliquerunt;
1483 2357 1569 2414 ceteri
1593 2371 1659 2414 vero
1682 2357 1717 2412 ad
1732 2364 1823 2413 cetera

125 2451 183 2500 tum
194 2445 958 2516 salvoordinesnopossent,totisviribuseeelesiarum
999 2449 1178 2516 destruenda,
1203 2463 1266 2519 quae
1291 2460 1348 2503 non
1372 2447 1442 2504 adeo
1466 2453 1544 2503 erant
1574 2445 1666 2514 lortia,
1696 2459 1824 2516 perrexe-

125 2547 247 2588 snamrm
263 2546 370 2590 necnon
386 2541 413 2591 et
428 2537 513 2591 totius
541 2538 666 2593 Saxomm
692 2538 847 2594 libertatem
863 2547 959 2595 eontra
999 2545 1074 2596 runt.
1097 2537 1213 2606 Quidam
1235 2543 1327 2593 autern
1355 2551 1388 2593 ex
1417 2537 1486 2606 ipsis
1515 2535 1550 2592 ad
1573 2536 1729 2606 'thuringus
1751 2540 1824 2590 tran-

130 2633 234 2677 omues
250 2621 376 2678 homines
390 2622 589 2691 defenderent;
614 2624 678 2682 laici
694 2639 758 2681 vero
773 2631 813 2693 ut,
830 2628 959 2696 quamdin
999 2629 1116 2695 sierunt,
1155 2634 1183 2684 et
1218 2629 1260 2684 eis
1286 2633 1371 2685 totam
1408 2628 1449 2683 rei
1478 2626 1579 2683 seriem
1606 2625 1822 2689 innotescentes,

132 2711 267 2776 viverent,
284 2710 438 2767 libertatem
453 2725 529 2768 suam
544 2727 600 2769 non
619 2716 787 2783 amitterent,
803 2721 960 2786 terramque
1000 2715 1077 2785 ipsos
1104 2716 1132 2771 in
1160 2730 1237 2772 suam
1264 2717 1424 2774 societatem
1447 2715 1627 2771 sacramentis
1645 2713 1717 2768 datis
1735 2718 1763 2767 et
1781 2726 1824 2766 ac-

133 2813 211 2855 suam
222 2798 327 2855 nullum
337 2800 468 2870 deinceps
481 2801 617 2858 violenter
628 2803 746 2873 praedari
758 2805 960 2874 permitterent.
1001 2804 1089 2874 ceptis
1112 2803 1306 2875 adiunxerant.
1335 2805 1505 2874 Quicumque
1533 2804 1614 2858 etiam
1644 2801 1730 2872 prius,
1760 2799 1823 2854 duur

167 2887 214 2943 27.
231 2888 287 2944 Nec
313 2888 400 2944 multo
423 2895 485 2958 post
515 2889 559 2961 (cc
584 2890 661 2958 1073,
678 2893 756 2962 Aac.)
774 2899 848 2948 reeta
863 2893 906 2949 via
924 2892 959 2947 ad
1000 2905 1049 2948 rex
1068 2898 1126 2948 erat
1154 2893 1182 2947 in
1212 2892 1362 2962 prouincia,
1383 2905 1478 2948 seeum
1498 2893 1592 2960 jurare
1612 2903 1668 2946 non
1687 2888 1746 2944 ausi
1766 2887 1825 2943 lue-

135 2976 303 3047 llartesburg
329 2975 361 3043 ⁹⁶,
390 2977 437 3032 ubl
467 2992 515 3034 rex
547 2986 616 3046 erat,
642 2993 704 3036 cum
718 2993 816 3051 magno
836 2980 959 3037 exercitu
1000 2986 1071 3048 rant,
1091 2994 1141 3037 eos
1169 2982 1225 3050 jam
1245 2995 1310 3051 rege
1324 2979 1417 3051 fugato
1432 2985 1480 3036 aut
1498 2994 1513 3036 e
1533 2987 1606 3034 terra
1624 2993 1673 3034 sua
1692 2975 1823 3048 fugiendo

135 3071 326 3132 perrexerunt,
357 3072 385 3120 et
411 3069 508 3120 eontra
536 3066 641 3133 urbem,
662 3067 700 3123 ita
715 3073 746 3124 ut
764 3067 829 3123 inde
844 3067 1091 3140 possenturegem
1109 3071 1198 3140 sequi,
1219 3077 1268 3126 aut
1285 3083 1378 3126 seeum
1389 3083 1440 3139 pro
1456 3076 1528 3124 terra
1547 3081 1596 3124 sua
1615 3075 1711 3124 eontra
1730 3079 1822 3136 regem

134 3153 231 3220 uideri,
262 3159 353 3209 castra
382 3161 544 3224 posuerunt.
573 3156 648 3222 Quos
666 3169 727 3212 cum
755 3170 804 3212 rex
831 3157 955 3224 vidisset,
995 3159 1089 3228 iurare
1108 3157 1130 3190 ⁹⁸
1149 3159 1362 3229 compellebant.

132 3242 221 3298 subito
251 3241 364 3312 quidem
392 3249 505 3312 stupore
532 3244 676 3314 perculsus
703 3245 829 3314 expavit;
850 3245 898 3300 sed
927 3251 958 3301 ut
1033 3247 1079 3305 29.
1091 3249 1139 3304 llis
1153 3249 1282 3305 omnibus
1300 3249 1353 3304 rite
1368 3249 1498 3318 peractis,
1518 3248 1595 3305 brevi
1615 3255 1740 3315 tempore
1760 3257 1821 3299 eum

134 3337 190 3386 erat
221 3329 422 3398 dissimulator,
457 3331 534 3401 qnasi
572 3332 658 3388 nichil
696 3333 806 3400 timeus,
846 3335 958 3390 numios
998 3337 1168 3407 llartespurg
1187 3336 1328 3393 castellum
1358 3350 1457 3407 capere
1476 3335 1573 3391 luisset
1591 3333 1781 3389 diidcillimum
1801 3329 1823 3360 ⁹⁹

134 3418 205 3474 misit
232 3417 284 3489 qul
311 3418 438 3475 dicerent
464 3433 494 3475 se
513 3432 569 3476 non
585 3433 680 3490 parum
708 3420 801 3476 mirari
816 3422 883 3490 quid
897 3421 957 3478 uel·
997 3453 1034 3464 -
1052 3437 1114 3479 nam
1142 3425 1166 3479 si
1186 3425 1214 3479 in
1238 3423 1301 3479 loeo
1320 3424 1489 3493 competenti
1508 3427 1604 3489 staret,
1620 3419 1705 3490 regali
1720 3417 1822 3488 palatio

134 3507 169 3563 let
183 3514 260 3564 tanta
275 3507 490 3578 ”congregatio
505 3508 620 3578 popull;
645 3523 674 3564 se
699 3520 754 3564 non
770 3514 866 3577 putare
882 3509 957 3579 quod
999 3510 1077 3568 locus
1091 3511 1292 3568 idoneusesset
1304 3517 1378 3565 -et
1395 3509 1464 3565 illud
1483 3509 1621 3564 dimittere
1635 3505 1734 3562 luisset
1748 3506 1822 3561 omrri

134 3596 283 3666 quiequam
320 3601 417 3652 contra
453 3609 503 3652 eos
547 3603 654 3652 tantum
690 3596 837 3652 meruisset
873 3611 958 3666 quare
999 3600 1126 3655 salomae
1146 3598 1342 3668 periculosum,
1380 3597 1491 3668 quiesi
1529 3596 1585 3651 illic
1618 3609 1689 3650 esem
1717 3600 1823 3650 tautum

135 3687 229 3741 merito
260 3685 342 3740 civile
356 3685 459 3741 bellum
487 3685 611 3755 incipere
626 3684 796 3747 debuissent,
812 3685 959 3742 Discedere
1000 3695 1179 3758 comportatae
1190 3693 1293 3755 esseut,
1305 3685 1571 3756 quamlibetmgemi
1591 3682 1725 3740 exercitui
1743 3683 1823 3739 insu-

136 3785 181 3828 eos
194 3774 228 3829 ab
243 3775 341 3829 armis.
368 3774 398 3829 Si
425 3773 492 3843 quid
508 3773 687 3844 quaerendum
714 3774 842 3840 babeant,
863 3789 892 3830 so
909 3788 959 3844 pa·
1000 3776 1122 3848 perabile
1142 3781 1274 3843 maneret,
1292 3775 1367 3832 aliud
1386 3775 1529 3832 castellum
1546 3788 1624 3844 aeque
1635 3773 1740 3828 llrmum
1756 3785 1823 3828 eon-

135 3866 219 3918 ratum
248 3861 343 3918 animo
366 3868 464 3931 pacato
479 3875 660 3932 cognoscere,
677 3862 742 3918 etsi
757 3863 824 3932 quid
839 3862 875 3918 sit
894 3876 958 3919 cor·
1000 3871 1159 3922 struxerunt
1175 3865 1215 3932 ¹⁰⁰,
1238 3867 1267 3922 in
1281 3879 1336 3935 quo
1353 3865 1451 3936 positis
1465 3878 1515 3935 per
1533 3863 1607 3920 vices
1621 3862 1759 3933 praesidiis
1773 3861 1824 3918 bo·

136 3951 290 4020 rigandum,
324 3950 441 4008 consilio
474 3951 630 4022 principum
665 3956 694 4007 et
717 3951 867 4008 amicorum
890 3966 959 4008 suo·
999 3956 1089 4012 stibus
1107 3954 1208 4010 auxilia
1222 3954 1264 4010 uel
1284 3954 1414 4011 alimenta
1431 3954 1524 4010 uenire
1544 3952 1756 4023 prohibuerunt.
1769 3951 1822 4008 Sed

136 4053 191 4094 rum
216 4039 371 4109 corrigere.
391 4040 485 4094 Nuntii
513 4044 604 4095 autem
632 4049 711 4096 erant
725 4039 882 4096 l'ridcricus
897 4041 959 4111 epi·
999 4045 1040 4101 illi
1059 4057 1267 4114 nonnunquam,
1292 4045 1358 4100 dum
1376 4045 1530 4101 saxonibus
1552 4044 1586 4099 ad
1610 4057 1710 4099 nonum
1725 4042 1824 4099 castel·

135 4141 242 4198 imbus.
270 4126 436 4183 bertholdus
454 4126 520 4193 dib.
535 4126 688 4198 Sigeiridns
701 4129 775 4199 regis
790 4129 957 4199 capellanus.
999 4135 1055 4190 lum
1074 4133 1249 4192 deferrentur
1266 4133 1406 4202 alimenta,
1421 4133 1513 4190 subito
1528 4138 1688 4203 emperunt,
1709 4139 1737 4187 et
1750 4131 1823 4187 intra

135 4216 197 4272 llam
211 4220 342 4274 mortuus
361 4217 417 4285 iam
440 4229 530 4285 nuper
544 4222 603 4271 erat
619 4215 784 4272 odelbertus
805 4217 960 4274 bremensis
1001 4223 1029 4255 ¹⁰¹
1050 4237 1115 4279 suos
1143 4236 1237 4279 muros
1266 4236 1298 4278 ea
1325 4222 1466 4290 deportari
1488 4221 1624 4276 iecerunt.
1644 4223 1743 4275 lerum
1763 4219 1823 4274 lraec

136 4305 292 4376 episeopus.
315 4305 418 4372 Quibus
443 4304 564 4360 omnium
580 4307 716 4360 Saxonum
735 4305 813 4362 dedit
827 4306 883 4362 dux
896 4309 961 4364 itttu
1000 4311 1136 4379 iaciendo,
1148 4311 1276 4368 damnum
1294 4310 1405 4380 quidem
1423 4308 1535 4378 aliquod
1554 4309 1611 4363 sive
1630 4306 1823 4362 contumeliam

137 4407 300 4464 responsum
321 4414 329 4450 ε
348 4407 445 4450 senon
461 4393 554 4449 hostili
570 4395 672 4460 animo,
689 4408 741 4450 nec
756 4401 786 4450 ut
801 4395 880 4451 civile
896 4382 1060 4456 bel-Dsuis
1078 4400 1205 4458 hostibus
1232 4399 1394 4464 intulerunt,
1424 4395 1472 4452 sed
1500 4395 1599 4450 exinde
1618 4393 1704 4464 magis
1727 4399 1824 4449 cautos
1889 4431 1895 4441 .

139 4480 189 4537 lum
203 4483 310 4538 uellent
332 4481 466 4551 incipere,
481 4481 522 4536 ibi
548 4495 609 4536 esse
623 4487 824 4552 congregatos;
844 4497 874 4540 se
889 4483 958 4554 regi,
1001 4500 1050 4544 eos
1064 4497 1092 4544 et
1110 4487 1263 4544 industrios
1290 4500 1351 4542 esse
1383 4486 1547 4542 docuerunt.
1568 4485 1640 4552 Ergo
1654 4496 1688 4538 ex
1706 4487 1823 4551 utraque

138 4568 159 4624 si
178 4585 225 4626 rex
259 4583 321 4625 esse
340 4569 432 4635 vellet,
462 4570 537 4625 omni
569 4569 702 4626 tidelitate
731 4571 901 4639 servituros;
930 4585 960 4628 se
1002 4583 1079 4646 parte
1099 4588 1169 4645 pene
1196 4573 1313 4646 singulis
1337 4573 1435 4629 diebus
1456 4571 1566 4628 lortiter
1598 4575 1753 4640 pugnatur,
1773 4567 1823 4624 sed

140 4663 230 4726 delere
260 4665 292 4714 1¹1
319 4657 442 4722 castella·
458 4672 520 4727 (11¹ae
549 4671 604 4714 1¹0ss
628 4658 663 4713 ³1¹
682 4659 863 4716 muniliffllem
882 4660 960 4731 regni
1001 4669 1122 4722 Saxones
1136 4664 1201 4720 inde
1215 4662 1345 4720 fortiores
1360 4669 1448 4728 erant,
1463 4661 1527 4731 quia
1546 4665 1574 4715 et
1588 4657 1730 4714 castellum
1744 4671 1824 4712 suurn

140 4748 185 4803 sed
200 4749 234 4806 ad
259 4747 476 4804 destructionem
489 4747 681 4815 fabricaverat,
700 4748 783 4804 vellet
797 4749 958 4817 destruere;
1002 4754 1030 4809 in
1056 4753 1147 4810 altiori
1163 4761 1255 4810 monte
1275 4751 1394 4822 positum
1416 4755 1485 4815 erat,
1501 4749 1539 4804 ita
1553 4755 1583 4804 ut
1602 4748 1631 4805 in
1646 4735 1694 4803 illo
1709 4745 1825 4802 iuferius

140 4837 162 4890 si
175 4851 240 4893 nero
271 4836 367 4904 nollet,
383 4841 448 4891 tunc
472 4850 502 4892 se
525 4836 681 4908 intelligere
700 4852 785 4908 quare
802 4845 961 4896 constructa
1002 4844 1152 4900 constituto
1167 4843 1259 4898 nullus
1273 4841 1326 4896 nisi
1340 4841 1392 4896 sub
1407 4839 1488 4896 tectis
1502 4844 1578 4894 tutus
1586 4842 1661 4894 esset
1674 4852 1689 4893 a
1704 4836 1825 4907 jactibus

141 4923 275 4993 inissent;
291 4925 340 4981 sed
355 4924 512 4980 libertatem
531 4939 608 4980 anam
633 4925 691 4982 siue
714 4927 787 4984 bona
801 4941 851 4984 sua
865 4936 961 4986 contra
1002 4931 1134 5004 lapidum,
1150 4937 1178 4987 et
1196 4930 1315 5002 fatigatis
1333 4929 1397 4986 nori
1412 4927 1512 4984 milites
1530 4926 1726 4992 succedebant,
1743 4931 1770 4981 ct
1784 4924 1825 4980 eis

140 5015 260 5071 omnium
284 5013 425 5070 bominum
443 5013 602 5070 violentiam
631 5027 693 5071 eum
721 5014 822 5072 divinae
852 5017 961 5086 pietatis
1002 5019 1131 5077 alimenta
1160 5019 1272 5089 copiose
1297 5017 1463 5085 veniebaut;
1488 5030 1549 5087 quae
1578 5015 1670 5071 omnia
1698 5013 1823 5070 bostlbus

140 5103 239 5160 auxdio
263 5103 333 5160 velle
348 5101 507 5160 deiendere.
536 5104 658 5174 Cumque
678 5105 767 5163 nuntii
781 5107 884 5164 reuersi
903 5110 961 5180 regi
1003 5115 1082 5166 erant
1100 5114 1223 5164 econtra.
1239 5109 1306 5162 Nam
1326 5119 1416 5175 neque
1442 5103 1523 5161 iacile
1541 5101 1647 5173 lapides
1666 5102 1694 5158 in
1726 5101 1824 5158 altiora

816 5316 925 5371 vmtldl
944 5317 1136 5373 ductiones,

174 5459 195 5491 ⁹¹
210 5474 239 5530 q.
257 5475 305 5529 per
326 5459 350 5517 l.
388 5459 541 5530 ⁹‘squam
556 5459 704 5530 liunburglr
722 5461 746 5517 l.
783 5461 806 5494 ⁹⁸
818 5464 914 5520 abacia
931 5465 954 5521 l.
993 5464 1014 5496 Ν
1029 5462 1239 5521 llerasdesielde
1257 5460 1280 5517 l.
1302 5459 1565 5518 Heroidesieldedi.
1604 5461 1744 5518 lleresield
1761 5460 1787 5514 2.

141 5531 381 5600 '‘hertesburgl
419 5529 573 5586 ”tentet
612 5529 706 5599 ⁹⁸jnra
728 5532 752 5587 l.
791 5533 1006 5591 ⁹''diiileilimum
1025 5536 1048 5588 l.
1088 5535 1118 5566 ¹⁰⁰
1137 5531 1354 5590 ostruxeruntl.
1394 5530 1549 5586 ¹⁰¹inlra2.
