4036 6162
275 322 325 376 911
816 323 982 380 nonnulii
1001 321 1267 378 nhblbhlliidtsls
1284 321 1417 378 ctilidcl
1911 317 1962 370 oie

272 449 411 521 Numquid
426 455 456 505 tn
474 449 551 506 solus
572 449 657 506 multa
679 453 836 506 sanctorum
860 447 975 505 consilia
1000 447 1199 518 parvi-Anam
1218 460 1281 517 quae
1295 447 1330 502 ab
1344 461 1393 504 ore
1411 446 1533 504 hominis
1553 445 1703 504 inhoneste
1725 443 1847 516 prolerri
1873 451 1961 515 potest

273 538 400 608 pendens
414 538 565 595 anichilare
584 537 716 594 curabisr
736 537 874 608 Numquid
903 541 933 593 tu
961 533 1037 594 solus
1065 536 1094 594 in
1136 535 1237 592 ridenti
1253 535 1356 607 populo
1375 536 1527 594 emittebat.
1544 537 1582 592 lie
1601 536 1681 605 enjus
1694 548 1744 592 ore
1764 535 1839 590 heus
1863 533 1913 590 illo
1936 535 1961 589 in

273 629 392 685 ecclesia
409 627 588 685 Ambrosiam
603 627 747 684 dissidium
761 642 812 698 per
830 625 924 683 lalsam
940 626 1094 682 castitatem
1135 631 1259 696 tempore
1273 627 1357 683 verba
1371 626 1464 682 divina
1479 627 1555 682 exire
1573 637 1630 681 non
1654 625 1792 694 permisit,
1819 622 1876 679 nisi
1895 622 1962 678 duos

272 725 357 786 tuam,
387 732 449 788 quae
481 717 546 773 olim
578 717 607 773 in
635 717 736 787 palatio
764 717 945 775 ambrosiano
968 716 1094 774 Gnidone
1134 716 1333 775 versiculosab
1349 731 1395 784 eo,
1406 723 1437 774 ut
1455 716 1523 773 mihi
1546 716 1666 784 videtur,
1685 716 1754 772 satis
1774 715 1960 780 dissonantes,

273 813 379 864 astante
407 806 522 877 probata
541 811 592 874 est,
622 807 780 876 criminose,
801 806 971 863 seminabis?
995 806 1023 862 Si
1043 806 1093 862 tibi
1134 805 1250 862 dicens:
1280 807 1369 876 «Qui
1397 805 1465 863 mihi
1483 806 1632 873 ministrat,
1665 820 1709 862 mc
1736 811 1894 874 sequatur:
1922 817 1961 857 mc

272 897 344 952 Dens
359 908 472 965 operum
501 895 637 952 bonorum
665 894 863 966 perlectionem
890 895 1000 952 eoelitus
1027 896 1094 950 ami·
1133 898 1292 970 sequimini,
1309 898 1333 953 si
1348 909 1404 953 non
1424 894 1508 952 vultis
1526 894 1678 951 oliendere.
1696 912 1711 948 o
1726 895 1792 962 Quae
1813 893 1902 950 verba
1917 893 1963 948 do

272 985 427 1052 nistrasset,
443 997 495 1040 nos
509 985 592 1041 modo
607 985 723 1056 private,
738 987 809 1042 acsi
824 1000 894 1056 opus
911 984 984 1041 ioret
1006 999 1094 1056 quan·
1133 990 1224 1045 minus
1243 991 1339 1044 noster
1350 987 1432 1043 iesus
1444 984 1572 1042 christus
1586 982 1739 1056 discipulos
1762 997 1832 1039 suos
1855 995 1962 1040 omna·

271 1072 363 1143 doque
384 1072 505 1144 publice,
521 1075 562 1131 sic
576 1073 687 1144 publice
702 1079 732 1130 ut
745 1075 775 1131 ln
793 1074 966 1145 presbyterio
984 1081 1092 1142 nostro,
1134 1092 1188 1148 que
1205 1076 1301 1133 lldeles
1315 1074 1349 1130 ad
1368 1073 1552 1132 humilitatem
1574 1073 1737 1130 servandam
1759 1071 1961 1140 karitatemque

269 1162 442 1219 emendando
457 1163 537 1219 bonis
556 1164 648 1220 verbis
662 1165 798 1234 bonisque
824 1163 956 1234 exemplis
978 1164 1092 1220 humili·
1133 1180 1195 1222 cunr
1210 1165 1339 1222 omnibus
1357 1163 1512 1220 habendam
1531 1162 1676 1219 insinuans
1687 1166 1717 1218 et
1724 1161 1826 1218 dicens
1835 1159 1958 1230 apernit:

267 1257 357 1308 torae
372 1252 471 1309 devote
487 1253 660 1324 corrigeres;
674 1253 926 1323 undehpostolus:
945 1251 1093 1310 ‹rsilrater
1133 1270 1148 1310 a
1167 1254 1218 1322 Qui
1233 1253 1300 1310 mihi
1320 1251 1468 1318 ministrat,
1483 1264 1527 1308 me
1551 1250 1689 1320 sequitur,
1713 1255 1741 1305 et
1757 1248 1807 1305 ubi
1826 1261 1881 1318 ego
1905 1261 1961 1302 sum

267 1349 331 1398 tuus
346 1343 511 1412 peccaverit,
525 1343 635 1413 corripe
650 1357 711 1399 eum
731 1343 804 1399 inter
832 1349 858 1398 te
887 1348 914 1398 et
932 1343 1023 1413 ipsum
1046 1356 1091 1399 so
1132 1343 1188 1400 illic
1202 1342 1233 1374 ⁸⁸¹
1245 1342 1299 1398 erit
1312 1347 1341 1398 et
1355 1341 1482 1397 minister
1496 1354 1573 1396 meus
1591 1339 1697 1412 (lobea.
1712 1353 1763 1407 xri,
1775 1336 1840 1410 26).
1856 1357 1872 1390 n
1889 1338 1960 1392 lianc

266 1428 322 1486 lum
339 1432 442 1502 (dietih.
454 1447 533 1500 xvrrr,
547 1430 599 1490 15).
612 1451 627 1484 »
642 1434 735 1489 Potuit
747 1433 820 1488 enim
829 1432 955 1488 Christus
963 1432 1091 1488 dominus
1131 1432 1192 1502 lpse
1223 1435 1320 1501 postea
1352 1442 1414 1486 cum
1435 1428 1601 1497 traderetur,
1626 1426 1776 1486 auriculam
1806 1427 1958 1497 amputant·

267 1521 400 1576 mundum
415 1534 471 1577 uno
484 1520 570 1576 verbo
585 1521 698 1592 suisque
722 1519 846 1591 imperiis
860 1520 1025 1591 subjugare;
1041 1519 1090 1576 sed
1131 1518 1254 1577 ostendit
1269 1518 1383 1575 dicens:
1401 1533 1416 1573 o
1431 1521 1472 1574 An
1486 1523 1567 1589 putas
1582 1517 1646 1588 quia
1661 1529 1718 1574 non
1741 1530 1857 1587 possum
1884 1528 1960 1585 roga·

267 1614 298 1663 ut
313 1622 365 1666 nos
384 1623 434 1678 per
453 1609 613 1680 patientiam
628 1615 655 1666 et
669 1610 849 1666 humilitatem
874 1623 998 1680 regnum,
1014 1610 1089 1679 quod
1132 1623 1161 1665 re
1175 1611 1284 1665 Patrem
1299 1620 1399 1674 meum,
1415 1611 1444 1663 et
1462 1606 1606 1662 exhibebit
1620 1604 1687 1662 mihi
1702 1605 1784 1662 modo
1800 1603 1867 1675 plus
1881 1617 1960 1674 quam

267 1697 405 1767 superbus
420 1697 520 1766 amisit,
540 1711 775 1770 consequeremur
789 1699 816 1754 in
832 1697 920 1767 coelis,
946 1698 1090 1754 karitative
1131 1697 1278 1755 duodecim
1297 1696 1422 1768 legiones
1440 1695 1624 1767 angelorum?
1647 1713 1662 1748 n
1691 1708 1746 1764 qua
1772 1707 1843 1750 voce
1872 1706 1958 1763 quove

267 1783 363 1840 dicens
381 1785 411 1840 in
430 1785 512 1842 terris
526 1787 667 1843 amonuit:
685 1807 699 1836 α
715 1787 794 1855 Quod
806 1787 857 1843 tibi
872 1800 928 1843 non
942 1787 992 1855 vis,
1009 1787 1089 1844 alteri
1100 1780 1274 1858 Bpraeeepto
1297 1799 1364 1843 suos
1392 1784 1508 1841 armavit
1534 1783 1688 1854 apostolos,
1717 1789 1746 1840 et
1773 1787 1902 1838 armatis
1927 1781 1959 1836 ah

267 1885 301 1928 ue
317 1871 425 1930 leceris.
438 1875 533 1942 »Quin
551 1881 578 1930 et
593 1875 668 1946 ipsos
683 1877 886 1954 crucifigentes,
903 1884 935 1933 ut
944 1877 1049 1932 bathan
1064 1881 1092 1932 ct
1133 1876 1322 1932 universorum
1337 1875 1493 1932 damonum
1504 1873 1606 1944 jaculis
1624 1871 1734 1941 tutavit,
1749 1878 1778 1928 et
1802 1877 1911 1928 tutatos
1931 1871 1957 1926 in

264 1962 380 2032 llbiron,
396 1965 486 2033 potuit
499 1964 575 2020 vivos
589 1966 738 2038 submergi.
755 1966 803 2022 liic
817 1966 896 2035 mihi,
921 1968 1000 2036 cujus
1025 1980 1090 2022 san·
1132 1971 1266 2022 aeternum
1294 1964 1445 2022 coronavit.
1475 1966 1533 2033 Qua
1556 1977 1625 2022 voce
1654 1961 1820 2019 Laurentius
1847 1969 1958 2017 sanetas

266 2058 375 2106 ctorum
400 2051 470 2107 viam
497 2053 677 2123 aggrederis?
705 2055 782 2110 Enim
810 2059 960 2110 utrorum
988 2054 1089 2121 dicam,
1132 2055 1264 2129 munitus,
1277 2053 1387 2124 tyranni
1399 2053 1566 2124 iniquissimi
1575 2067 1647 2110 saeva
1657 2059 1794 2109 tormenta
1804 2057 1833 2106 et
1853 2051 1956 2122 ignium

266 2152 412 2210 numquam
425 2139 529 2208 justum
548 2141 641 2198 inveni
668 2143 715 2213 qui
741 2156 792 2213 per
819 2144 975 2213 periculosa
1002 2155 1091 2199 saera·
1130 2143 1272 2214 superavit
1285 2141 1393 2213 globos,
1411 2147 1439 2198 et
1453 2143 1544 2213 ipsum
1566 2139 1788 2200 crudelissimum
1811 2145 1956 2209 tyrannum

263 2232 355 2282 menta
368 2241 401 2283 ac
415 2229 560 2298 pessimam
583 2229 796 2288 diffamationem
825 2233 912 2288 malos
939 2231 975 2288 ad
1003 2233 1089 2288 iteum
1130 2247 1163 2289 ac
1177 2233 1349 2300 semiustum,
1369 2231 1417 2288 liei
1432 2231 1501 2287 iram
1520 2235 1671 2288 merentem
1694 2229 1771 2285 vioit.
1799 2229 1859 2296 Qua
1889 2241 1955 2284 voce

263 2316 365 2374 invitos
392 2324 575 2386 converteret,
606 2333 668 2376 cum
692 2320 756 2376 mali
784 2321 871 2392 magis
898 2321 1005 2378 soleant
1030 2321 1089 2378 lieri
1131 2329 1243 2378 sanetus
1271 2322 1401 2378 Nazarius
1433 2325 1463 2376 et
1493 2319 1599 2389 celsus,
1627 2318 1788 2391 angelorum
1815 2319 1867 2374 bei
1895 2315 1957 2373 ireti

264 2403 392 2462 duriores
420 2419 501 2476 quam
529 2408 664 2477 mitiores,
693 2415 721 2465 ct
748 2409 857 2466 soleant
885 2410 971 2481 magis
999 2413 1090 2482 poenis
1130 2411 1303 2480 aminiculis,
1337 2409 1488 2481 procellosi
1520 2409 1603 2466 maris
1622 2408 1764 2480 planitiem
1793 2413 1825 2463 ut
1850 2405 1957 2462 aridam

264 2493 437 2551 crudeliores
468 2495 529 2552 lieri
548 2510 629 2566 quam
657 2497 789 2570 mitigari.
816 2498 894 2555 Unde
921 2499 1088 2569 Apostolus:
1131 2507 1233 2556 terram
1261 2498 1394 2569 intrepidi
1418 2497 1525 2554 calcare
1550 2502 1719 2554 meruerunt.
1748 2496 1833 2563 Quam
1861 2507 1957 2550 vocem

266 2600 280 2634 a
292 2584 364 2640 bens
374 2597 430 2640 non
440 2584 498 2640 vult
507 2591 603 2643 coacta
613 2585 735 2644 servitia.
748 2605 762 2640 o
773 2589 806 2644 lit
816 2587 882 2644 item
892 2588 993 2645 Paulus
1005 2609 1011 2644 :
1025 2607 1040 2642 u
1050 2591 1090 2647 Tu
1130 2589 1251 2660 virgines
1270 2594 1298 2644 et
1321 2592 1456 2658 martyres
1474 2587 1618 2657 sanctique
1641 2597 1738 2642 omnes
1759 2584 1862 2640 devote
1880 2597 1956 2640 snm·

267 2673 386 2743 quises,
408 2673 455 2744 qui
477 2674 718 2744 iudicasalienum
734 2684 864 2734 servum?
892 2679 947 2735 Suo
975 2677 1090 2736 domino
1130 2691 1200 2734 marn
1216 2681 1244 2733 et
1256 2690 1349 2734 veram
1367 2675 1530 2747 religionem
1543 2679 1702 2747 sequentes,
1716 2673 1747 2730 in
1767 2678 1905 2732 aeternum
1927 2679 1957 2729 et
2011 2717 2012 2720 ,

264 2768 319 2818 stat
331 2769 379 2818 aut
392 2763 476 2832 eadit,
497 2765 581 2821 stabit
595 2771 686 2823 autem
703 2767 786 2838 illem.
801 2782 858 2836 xrv,
883 2767 923 2840 4).
948 2785 963 2821 o
989 2769 1039 2825 ilis
1061 2774 1090 2826 et
1130 2780 1192 2823 cum
1206 2766 1315 2824 Christo
1330 2765 1502 2823 remunerari
1515 2769 1686 2822 meruerunt.

264 2852 327 2909 aliis
348 2851 432 2909 dictis
450 2855 581 2912 sacerdos
594 2857 740 2915 anselmus
755 2871 886 2928 ,quaereus
900 2858 991 2928 ipsum
1010 2857 1089 2914 atali
1168 2855 1210 2912 lo.
1228 2854 1280 2928 (9.)
1296 2855 1363 2912 Cum
1382 2853 1414 2887 ¹⁸¹
1439 2861 1532 2912 autem
1554 2853 1682 2910 hrialdus
1708 2851 1802 2910 verbis
1828 2852 1961 2923 turpi&-

264 2956 396 2999 revocare
412 2944 544 3015 cogitatu,
557 2945 632 3002 velut
645 2947 718 3018 ignis
731 2946 870 3004 fornacem
886 2961 919 3003 ac
929 2947 970 3003 ira
980 2946 1088 3005 leonem
1129 2943 1356 3002 mis'sacerdotes
1374 2943 1404 3000 in
1413 2942 1523 3014 populo
1539 2942 1656 3013 pessime
1669 2956 1703 2999 ac
1717 2941 1869 2999 criminose
1882 2940 1961 2998 difla-

264 3031 489 3088 inrevocabiliter
512 3035 667 3106 exagitavit.
683 3036 770 3106 igitur
784 3051 845 3092 curn
865 3037 947 3106 hujus
962 3036 1002 3092 rei
1017 3035 1087 3093 iama
1128 3033 1240 3103 mando,
1268 3032 1388 3091 orationi
1416 3032 1583 3103 turpissimae
1602 3031 1683 3088 linem
1710 3030 1901 3102 imposuisset,
1932 3037 1961 3086 et

264 3118 299 3174 ad
319 3118 482 3176 Landulium
496 3120 650 3190 volitasset,
667 3129 695 3178 et
709 3128 740 3179 ut
754 3123 840 3195 magis
854 3138 886 3180 ac
901 3125 997 3196 magis,
1013 3103 1253 3195 quodGeamdem
1278 3122 1456 3194 Landulphus
1489 3121 1572 3194 stylo,
1602 3127 1686 3193 prout
1717 3128 1777 3177 erat
1808 3119 1958 3186 iawndns,

264 3207 293 3264 in
319 3207 439 3265 obscuro
458 3208 597 3277 dixerunt,
631 3225 715 3281 super
746 3217 849 3269 tectum
882 3213 1088 3285 divulgaretur,
1129 3213 1249 3284 graviori
1265 3214 1441 3270 reiterasset:
1458 3211 1488 3267 in
1502 3225 1535 3268 ea
1553 3225 1616 3283 quae
1639 3209 1791 3282 turpissimi
1805 3209 1836 3265 in
1851 3209 1959 3280 populo
2011 3239 2012 3254 κ

266 3298 394 3368 martyris
430 3301 608 3356 veneratione
640 3300 747 3370 relicta,
780 3302 826 3359 cui
863 3314 959 3360 omnes
991 3302 1089 3360 devote
1129 3301 1252 3372 pandere
1281 3315 1314 3358 ac
1341 3300 1482 3372 divulgare
1509 3299 1783 3366 verecundarentur,
1820 3297 1957 3369 populun

266 3395 462 3458 convenerant,
491 3403 523 3445 ae
556 3390 732 3461 antiquorum
759 3392 935 3449 veneratione
963 3394 1087 3458 omissa,
1129 3391 1209 3461 quasi
1223 3391 1319 3448 leones
1332 3405 1364 3447 ac
1379 3388 1564 3446 ferocissimas
1577 3392 1673 3460 tygres
1694 3386 1789 3458 preda
1811 3391 1841 3444 et
1865 3386 1957 3444 calido

265 3485 377 3549 arrepto
396 3479 522 3535 manibus
535 3479 657 3549 hrialdo,
672 3478 776 3537 furiose
795 3495 828 3538 ac
847 3482 965 3552 pessime
988 3480 1089 3540 voclie-
1128 3480 1262 3552 sanguine
1281 3480 1369 3537 anxiae
1383 3479 1559 3536 ⁸⁸⁸adversus
1584 3478 1744 3535 sacerdotes
1770 3475 1957 3534 sollicitantes

263 3566 352 3624 raudo
367 3581 429 3624 cum
444 3568 540 3637 paucis
555 3568 589 3623 ad
600 3568 736 3626 theatrum
750 3569 829 3643 (107)
841 3571 976 3640 pervenit.
991 3572 1088 3642 ltaque
1128 3569 1347 3627 commovebant.
1382 3569 1487 3626 llorum
1515 3567 1701 3624 disseminatis
1738 3565 1832 3623 verbis
1873 3566 1958 3636 pesti

266 3657 357 3714 missis
371 3672 422 3728 per
436 3657 555 3713 civitatis
577 3655 654 3714 vicos
672 3664 701 3715 et
725 3657 831 3729 plateas
858 3659 972 3717 cartulis
999 3661 1088 3718 homi·
1127 3658 1229 3728 lenter,
1254 3658 1346 3716 subito
1371 3657 1461 3727 multi,
1487 3657 1588 3730 quibus
1606 3655 1725 3713 alienum
1748 3668 1788 3712 aes
1806 3654 1955 3712 durissime

266 3748 348 3804 nibus
378 3745 429 3816 ω,
459 3748 696 3817 perstrepentibus
723 3749 917 3828 tintinnabulis
942 3749 1037 3808 multis
1060 3757 1088 3809 et
1127 3747 1298 3818 exigebatur,
1322 3761 1450 3818 quosque
1473 3743 1542 3804 ioris
1564 3750 1593 3803 et
1616 3745 1691 3802 intus
1712 3743 1783 3801 dura
1806 3751 1957 3816 paupertas

265 3837 381 3906 magnis,
410 3849 443 3892 ac
461 3836 666 3907 garrulantibus
688 3837 807 3907 leminis,
837 3845 974 3912 quatenus
992 3853 1087 3898 omnes
1128 3835 1303 3904 trucidabat,
1337 3849 1541 3907 quamcumque
1569 3834 1744 3892 occasionem
1774 3841 1955 3905 merentes,

264 3931 318 3982 tam
330 3925 445 3995 juvenes
463 3939 545 3996 quam
567 3941 658 3994 senes,
678 3932 732 3985 tam
751 3929 892 3998 sapientes
914 3943 996 4000 quam
1022 3929 1087 3987 inei-
1127 3922 1202 3980 unde
1216 3925 1333 3980 miseros
1346 3922 1419 3980 lilios
1437 3928 1464 3980 et
1487 3935 1588 3981 uxores
1615 3923 1767 3995 sepissime
1795 3923 1958 3978 verberatas

264 4013 382 4082 pientes,
399 4017 454 4068 tam
473 4013 554 4081 probi
578 4027 659 4084 quam
677 4015 825 4085 improvidi
839 4015 1007 4074 unanimiter
1020 4030 1087 4074 eon·
1126 4027 1254 4071 recreare
1281 4027 1313 4069 ao
1341 4016 1498 4070 sustentare
1527 4019 1659 4088 possent,
1689 4012 1824 4068 immcmo
1856 4011 1956 4083 plausu

263 4099 494 4171 venientesque
510 4099 701 4158 aedificationis
715 4116 747 4159 ac
759 4103 857 4160 animae
872 4104 970 4162 salutis
983 4104 1084 4175 forent,
1126 4104 1203 4175 ipsos
1220 4101 1388 4170 laudabant;
1413 4101 1461 4160 alii
1483 4115 1549 4159 vero
1573 4100 1712 4172 simplices
1735 4105 1763 4156 et
1786 4099 1887 4158 idiotae
1906 4111 1957 4154 sua

262 4189 375 4246 auribus
388 4188 517 4247 audirent
532 4191 655 4259 attentis,
674 4193 844 4264 satagebant.
870 4195 965 4264 ltaque
979 4193 1085 4260 civibus
1126 4196 1239 4264 pectora
1266 4191 1456 4260 verberantes,
1484 4192 1563 4262 qnasi
1592 4190 1667 4248 Petri
1695 4194 1724 4246 et
1751 4188 1831 4246 Pauli
1859 4203 1954 4246 eorum

261 4279 421 4337 convocatis
449 4279 595 4336 universis.
622 4280 751 4338 arialdus
778 4282 858 4353 quasi
885 4281 987 4340 ardens
1010 4287 1086 4340 totus
1125 4281 1207 4338 verba
1222 4280 1361 4338 habehant
1375 4279 1463 4353 (108).
1481 4280 1551 4349 Quid
1566 4279 1673 4338 multat
1696 4291 1797 4337 omnes
1820 4277 1958 4335 condoce

261 4367 398 4440 pulpitum
413 4369 565 4427 ascendens
584 4383 739 4440 commune,
760 4370 849 4428 oculis
864 4378 895 4428 ut
908 4371 953 4429 leo
968 4372 1083 4429 hammi-
1124 4369 1273 4437 fascinati,
1292 4371 1372 4442 quasi
1391 4370 1475 4427 maris
1501 4383 1574 4428 sorva
1601 4374 1750 4439 tempestas
1769 4380 1804 4424 ac
1827 4367 1956 4425 aestual'u

260 4459 358 4528 vomis,
374 4459 512 4529 nimiaque
527 4459 568 4516 ira
592 4467 757 4528 commotus,
772 4459 858 4516 multa
877 4460 911 4518 de
935 4430 1251 4530 sacerdoti-Dlulmina,
1268 4474 1331 4531 qum
1347 4459 1449 4518 multos
1467 4460 1618 4530 imparatos
1636 4458 1794 4530 opprimere
1813 4463 1845 4514 et
1864 4456 1959 4514 mord·

261 4549 313 4605 bus
349 4548 506 4618 exprimens
543 4547 736 4616 detestabilia,
770 4550 849 4621 quasi
881 4551 970 4607 amnis
1001 4551 1085 4610 nimia
1125 4550 1208 4607 licare
1226 4549 1329 4617 solent,
1345 4550 1484 4606 civitatem
1498 4553 1692 4620 percurrentes
1711 4553 1742 4602 ut
1765 4559 1832 4604 ursa
1857 4545 1958 4603 ntnlis

260 4635 441 4695 inundatione
470 4637 614 4710 turgidus,
644 4636 760 4707 lapides,
790 4637 890 4709 sylvas,
908 4638 1086 4698 hominesue
1125 4639 1243 4707 amissis,
1257 4646 1285 4696 et
1299 4637 1459 4711 turpissime
1472 4637 1547 4696 velut
1560 4636 1679 4694 iamelici
1702 4649 1787 4692 canes
1808 4635 1955 4696 mirantes·

260 4740 362 4799 pecora
375 4726 488 4784 volvens
502 4727 645 4784 emittebat
663 4727 742 4797 quasi
766 4741 865 4784 munus
888 4727 921 4760 ⁸⁸⁰
944 4743 976 4785 ac
999 4729 1085 4787 durus
1126 4729 1301 4787 sacerdotum
1334 4728 1431 4786 domos
1463 4728 1552 4800 primo
1580 4724 1726 4799 spoliando
1758 4725 1955 4790 cursitabant:

259 4815 397 4887 parasitus
415 4814 466 4871 sub
489 4815 604 4871 obtentu
633 4813 777 4886 religionis
795 4829 904 4872 omnem
932 4815 1084 4887 turpitudi·
1126 4823 1222 4889 postea
1236 4830 1302 4875 vero
1317 4830 1424 4875 summo
1441 4831 1504 4875 cum
1527 4815 1665 4873 dedecore
1687 4813 1835 4872 mulierum
1861 4815 1956 4872 divom

932 4943 1046 4999 VthAE
1073 4944 1267 5000 anrronns

293 5040 326 5073 '¹’
339 5039 467 5097 omnibus
480 5037 524 5096 Αἱ
542 5051 568 5096 o.
586 5039 614 5095 b.
630 5035 672 5094 rt.
710 5037 743 5070 ‘⁸⁰
757 5050 829 5095 unus
845 5038 887 5095 bt.
926 5038 957 5072 ⁵⁸¹
970 5040 1036 5099 illuc
1055 5043 1085 5099 B.
1123 5039 1155 5073 ⁸⁸¹
1183 5039 1303 5097 mulus:
1328 5039 1399 5109 Quid
1421 5038 1601 5143 landulphus
1623 5046 1652 5096 et
1670 5036 1800 5096 arlaldus
1821 5037 1954 5096 oratione

258 5112 292 5168 ad
304 5112 436 5183 populum
450 5109 638 5182 proiecerunt.
655 5111 685 5166 B.
702 5109 744 5166 ol.
760 5110 798 5166 be
817 5123 867 5167 ora
880 5108 1018 5170 fucatione
1033 5114 1064 5171 L.
1081 5120 1109 5169 et
1122 5116 1154 5170 h.
1170 5112 1206 5170 ad
1220 5111 1353 5184 populum
1366 5113 1415 5170 h*.
1432 5111 1491 5170 h**.
1575 5111 1652 5168 asine
1666 5111 1696 5169 b.

1052 5229 1161 5287 holm.

295 5327 367 5399 (lor)
381 5325 588 5384 ilocvoeabulo
607 5325 676 5382 nihll
700 5324 775 5382 aliud
798 5323 916 5383 indicari
936 5341 1017 5397 quam
1041 5327 1082 5386 io·
1122 5325 1260 5384 ticcubulu
1288 5331 1474 5401 perstrepunt,
1504 5325 1672 5399 pomoeriis
1700 5337 1771 5382 παι
1795 5323 1865 5382 tabe
1887 5337 1954 5396 qu

258 5414 318 5456 rum
337 5400 463 5456 ecclesiae
482 5396 702 5468 metropolitanae
729 5397 870 5467 adjacens,
900 5398 996 5468 populi
1015 5413 1082 5457 eon·
1120 5398 1167 5456 itte
1187 5403 1236 5468 eet,
1252 5403 1307 5456 toto
1321 5400 1414 5455 cicitur
1432 5396 1600 5467 elooporibuo
1617 5398 1760 5454 mim.

259 5471 386 5527 cionibus
409 5469 577 5540 adaptatum,
606 5467 756 5540 iumagalll
780 5467 988 5535 demonstravit,
1016 5473 1079 5530 Ant.
1159 5469 1229 5542 (108)
1247 5471 1282 5528 Ut
1295 5470 1425 5528 Nararius
1443 5468 1490 5526 ille
1504 5467 1675 5526 monetarius
1708 5469 1737 5525 ui
1761 5465 1873 5525 arialdo
1896 5465 1956 5522 do-

258 5541 313 5597 llil.
334 5544 357 5611 l,
376 5540 427 5598 lot
439 5555 519 5612 seqq.
532 5542 571 5598 lie
584 5539 671 5612 signis
685 5539 785 5610 quibus
808 5539 928 5610 populus
941 5554 1081 5600 convoca·
1120 5554 1195 5599 mum
1214 5555 1291 5600 suam
1305 5541 1499 5600 commodavit.
1514 5540 1638 5599 nndmm
1651 5553 1678 5596 c.
1718 5580 1725 5596 .

258 5613 350 5680 hatur,
365 5613 403 5668 ita
427 5612 549 5683 loquitur
573 5613 670 5669 Petrus
693 5611 815 5668 Damiani
839 5625 936 5683 opusc,
956 5612 992 5669 5:
1020 5615 1082 5672 Tio·
