4106 6178
642 307 719 363 VITA
738 307 765 362 S.
786 307 963 363 SECUNDINI
982 305 1085 361 belse.
1106 305 1255 360 tuotattt.

391 583 603 714 VITA
656 583 971 714 SANCTI
1026 583 1540 716 SECUNDINI·

791 819 940 875 eruscort
959 819 1109 885 ruomut,

329 982 574 1065 AUCTORE
616 982 913 1064 GUAIFERIO
956 980 1220 1063 MONACHO
1262 981 1567 1066 CASINENSI.

503 1158 646 1237 (Ucaeuur,
668 1157 748 1214 Italic
766 1173 855 1226 sumo,
872 1158 894 1226 l,
918 1156 996 1225 13³6,
1018 1173 1052 1215 ex
1069 1159 1133 1216 cod.
1155 1174 1206 1216 ms.
1227 1159 1398 1230 casinensi.)

846 1301 1046 1316 —

827 1396 1072 1469 MONITUM.

143 1551 171 1606 S·
187 1547 360 1605 secundinus
380 1549 453 1604 AEcte
477 1548 505 1602 in
524 1546 632 1618 Apulia,
648 1546 731 1604 bodie
746 1548 849 1617 froja:
871 1549 950 1616 cujus
963 1559 1075 1617 corpus,
1092 1560 1154 1602 cum
1174 1559 1254 1603 norae
1270 1546 1392 1603 basilicae
1411 1545 1553 1603 foderetur
1571 1544 1790 1613 fundamentum,

109 1635 169 1678 cum
185 1619 377 1690 inscriptione,
394 1631 450 1676 non
464 1619 524 1674 sine
539 1632 635 1690 magua
650 1618 746 1689 populi
766 1617 871 1684 latitia,
889 1623 1028 1688 repertum
1043 1623 1095 1673 est.
1111 1619 1194 1688 Cutius
1209 1618 1378 1674 inventionis
1392 1619 1521 1675 Historia
1534 1619 1630 1674 ftomae
1645 1617 1673 1674 in
1688 1616 1791 1673 biblio·

108 1693 188 1749 tbeca
202 1691 379 1747 vallicellana
399 1695 562 1746 asservatur.
579 1691 644 1759 Ejus
663 1690 723 1746 dies
737 1687 823 1745 festus
844 1689 1000 1746 celebratur
1017 1704 1045 1744 ιι
1060 1689 1212 1746 Februarii.
1234 1691 1307 1747 AEcae
1322 1691 1395 1760 apud
1411 1689 1529 1746 Plinium
1544 1689 1592 1744 lib.
1608 1705 1650 1756 ιιι,
1666 1699 1728 1759 cap.
1749 1689 1790 1754 ll,

109 1778 175 1835 pop.
192 1765 309 1818 AEcanos
324 1775 438 1818 memor.
454 1763 552 1828 AEsca,
568 1775 617 1817 seu
637 1763 713 1818 Escae
727 1762 800 1832 apud
820 1764 921 1817 Anton.
941 1763 1009 1830 nug.
1026 1762 1054 1816 in
1073 1762 1135 1816 itin.
1153 1762 1254 1817 AEcana
1271 1762 1391 1832 posteris
1412 1761 1501 1833 (quod
1521 1761 1613 1832 potius
1630 1760 1794 1831 adjectivum

112 1839 166 1906 est)
192 1849 265 1892 nunc
289 1835 370 1903 froja
397 1833 429 1904 [et
452 1833 511 1888 ideo
534 1833 660 1902 trojana.
687 1835 719 1888 E.
743 1833 784 1902 Pl
809 1833 906 1888 civitas
933 1831 1099 1902 episcopalis
1122 1834 1228 1903 npulfae
1251 1833 1375 1900 Dauniae,
1400 1833 1463 1890 loco
1483 1833 1601 1889 editiore
1624 1836 1793 1898 constructa,

110 1908 244 1973 Luceriae,
261 1911 289 1961 et
303 1906 407 1962 Borino
422 1905 456 1960 ad
472 1919 520 1960 rur
534 1905 569 1959 ll.
585 1905 615 1960 P.
630 1904 729 1972 uicina,
745 1905 900 1960 Benevento
920 1911 1038 1974 metrop.
1054 1903 1089 1960 ad
1104 1919 1167 1973 ιιι,
1182 1919 1198 1961 ι
1213 1904 1327 1974 Neapoli
1344 1904 1429 1974 duplo
1450 1905 1592 1961 remotior.
1608 1903 1726 1974 Tempus
1740 1915 1794 1972 quo

109 1978 283 2035 secundinus
298 1975 423 2034 floruerit
441 1975 612 2032 adbucmibi
627 1976 841 2046 incompertum.

692 2255 889 2340 INCIPIT
926 2252 1215 2338 PROLOGUS

613 2399 657 2453 ab
676 2398 877 2454 substituunt
896 2398 1071 2454 ruotlttttlt
1089 2397 1278 2454 Episcopum

143 2555 181 2608 be
205 2551 279 2607 bono
299 2549 459 2606 dilectionis
485 2556 513 2605 et
530 2549 707 2617 obedientiae,
731 2549 816 2606 frater
835 2557 862 2606 et
881 2563 1035 2622 co-pcum
1059 2555 1087 2606 et
1113 2548 1154 2606 illi
1182 2550 1380 2620 obedientiam,
1408 2551 1458 2608 tibi
1482 2552 1598 2609 debeam
1621 2551 1794 2608 charitatem.

109 2643 240 2713 episcope
258 2640 299 2709 8.,
315 2655 376 2696 cum
391 2654 425 2696 ex
440 2638 486 2695 illa
501 2649 586 2710 opaca
602 2646 630 2695 ot
644 2640 784 2697 condensa
804 2640 928 2711 lapidea·
971 2639 1123 2709 aggrediar
1146 2653 1212 2710 ergo
1236 2641 1334 2696 auimae
1360 2647 1414 2698 tuae
1437 2641 1485 2698 diu
1509 2640 1694 2698 desideratum
1713 2653 1794 2711 opus,

110 2745 169 2787 runt
184 2728 373 2799 descriptione
387 2727 561 2794 Tabularum,
577 2735 634 2784 tum
650 2728 788 2799 Evangelii
802 2741 930 2784 sermone
972 2740 1024 2782 nec
1043 2725 1201 2784 formidabit
1221 2729 1300 2796 dtrra,
1327 2729 1460 2797 diflicilia,
1478 2745 1540 2801 quae
1559 2730 1678 2788 sustinet
1691 2731 1794 2794 omnia,

108 2819 250 2891 perlucido
274 2823 302 2874 et
325 2816 429 2889 patulo,
456 2817 551 2889 regula
574 2818 656 2875 nobis
679 2833 776 2874 uorma
794 2823 822 2874 et
841 2819 929 2875 disci-
971 2815 1101 2872 charitas.
1131 2818 1190 2872 Erit
1218 2817 1344 2888 profecto
1373 2824 1456 2876 tsntae
1482 2821 1523 2876 rei
1551 2821 1698 2878 maximum
1721 2831 1796 2876 emo-

108 2910 183 2980 plina
208 2907 371 2978 porrigitur.
397 2906 504 2964 Placuit
522 2907 594 2962 enim
619 2908 672 2977 ipsi
695 2921 802 2964 summo
820 2906 929 2977 Opidci,
971 2902 1122 2961 iumentum
1147 2907 1239 2962 Casini
1255 2907 1338 2963 etlam
1362 2914 1469 2965 secreta
1487 2923 1614 2966 secessus
1632 2907 1727 2976 facies,
1748 2908 1794 2964 ubi

107 3004 136 3053 et
150 2996 424 3067 incomprebensibili
439 2997 495 3052 ileo
514 2996 563 3066 qui
576 3009 684 3053 omnem
702 2996 832 3053 mundum
847 2996 928 3068 regit,
971 3006 1022 3064 pro
1040 2994 1191 3051 venerabili
1216 2993 1363 3053 fundatore
1389 2998 1501 3068 quletis,
1526 2998 1695 3056 diuturnitas
1718 2997 1794 3068 pacis

108 3087 185 3158 prius
211 3088 392 3143 instrumenta
415 3086 573 3156 hujusmodi
597 3087 649 3142 sub
676 3087 762 3158 lioysi
781 3084 868 3142 uelata
887 3084 929 3141 fa·
970 3095 1079 3140 sacrum
1101 3083 1187 3140 otium
1217 3084 1397 3142 confirmarit.
1427 3087 1583 3157 Antiquitas
1608 3088 1691 3145 etiam
1709 3085 1793 3144 refert

107 3179 150 3233 cie
169 3177 288 3247 quodam
312 3183 485 3233 sacramento
506 3177 626 3247 signare,
648 3177 749 3246 quibus
768 3177 795 3232 in
810 3191 841 3232 se
859 3189 929 3245 gen·
971 3177 999 3227 et
1027 3171 1103 3228 illum
1125 3173 1282 3241 farronem,
1312 3180 1353 3231 tot
1381 3175 1475 3232 saeculi
1504 3175 1683 3245 celebratum,
1712 3176 1795 3247 bolus

107 3265 182 3321 tibus
208 3265 366 3333 credituris,
394 3272 457 3336 post
484 3265 620 3322 incarnati
646 3265 729 3322 Verbi
758 3263 929 3336 mysterium,
971 3260 1040 3317 aedis
1062 3266 1203 3320 auctorem
1227 3261 1321 3332 fuisse,
1338 3265 1396 3336 qui,
1414 3266 1448 3322 ll.
1464 3265 1554 3322 'fullio
1566 3266 1672 3337 iudice,
1691 3268 1795 3324 Roma·

108 3354 320 3410 euidentissimae
340 3355 450 3424 pietatis
470 3355 625 3424 patrocinio
646 3353 817 3425 potissimum
833 3360 930 3424 patro·
971 3363 1070 3406 norum
1084 3351 1155 3408 allos
1168 3351 1314 3423 religione,
1334 3352 1405 3409 alios
1424 3367 1515 3410 rerum
1534 3361 1672 3426 qestamm
1693 3370 1795 3414 memo·

108 3443 257 3499 cinaretur.
282 3442 356 3499 Nibil
371 3450 414 3498 est
432 3451 522 3499 autem
537 3443 612 3512 quod
633 3445 660 3499 fn
679 3443 801 3499 terrisei
820 3441 930 3498 llatae·
971 3439 1022 3504 ria,
1053 3451 1150 3495 omnes
1177 3445 1267 3496 autem
1296 3440 1449 3496 litterarum
1481 3441 1597 3499 scientia
1624 3443 1730 3500 vicerit.
1765 3445 1795 3500 ld

108 3533 217 3603 ceptius
240 3545 321 3602 quarn
340 3537 429 3587 coetus
454 3531 606 3598 bominum,
631 3531 704 3588 unda
728 3532 815 3587 sacris
838 3530 931 3600 bapti·
972 3539 1033 3581 mea
1056 3539 1168 3596 quoque
1191 3527 1329 3585 intererit.
1345 3529 1457 3586 veniam
1476 3535 1505 3588 et
1524 3530 1558 3588 ad
1577 3532 1696 3602 froiam,
1717 3533 1796 3603 cujus

109 3623 204 3678 smatis
218 3621 333 3693 mystica
352 3621 464 3691 quidem
487 3621 642 3690 spirituque
665 3620 774 3686 sociati,
792 3619 835 3676 bis
849 3618 932 3676 rebus
972 3616 1084 3672 nomine
1099 3615 1237 3688 gloriaris.
1259 3619 1340 3676 istam
1355 3619 1389 3674 ad
1405 3619 1505 3677 undam
1524 3619 1617 3692 frlqidi
1635 3621 1794 3693 Simoentis,

109 3725 233 3783 operam,
248 3710 293 3766 bis
315 3709 449 3773 laborem,
465 3710 509 3764 bis
527 3708 646 3781 denique
668 3709 838 3780 dulgentiam
855 3720 931 3764 suam
974 3704 1148 3777 perlustrabo
1163 3706 1252 3763 oculis
1270 3706 1478 3766 famosissimam
1492 3710 1633 3780 tenedon,
1649 3713 1795 3770 ascendam

108 3801 242 3857 locantes.
973 3793 1007 3849 ad
1027 3793 1098 3862 ilias,
1118 3795 1240 3852 omnium
1259 3796 1448 3857 doctrinarum
1468 3800 1644 3869 inventrices,
1664 3801 1795 3871 ntbeuas,

146 3891 259 3947 Notarat
278 3887 351 3944 enim
371 3891 399 3944 et
420 3886 476 3944 boc
490 3887 617 3944 columna
635 3887 717 3944 oubls
740 3891 768 3942 et
786 3886 869 3958 ignis,
884 3883 1002 3943 iilassin
1017 3883 1119 3952 quibus
1136 3898 1241 3942 summa
1256 3886 1367 3944 dicendi
1381 3889 1423 3946 ris
1436 3895 1465 3946 et
1478 3890 1588 3948 inventa
1602 3896 1645 3947 est
1659 3894 1687 3946 et
1705 3891 1797 3961 perfe·

109 3978 261 4037 israelitica
284 3982 370 4034 secta.
394 3977 526 4034 iubemur
540 3989 574 4032 ex
588 3980 647 4034 toto
666 3976 751 4033 corde
770 3977 855 4033 ileum
870 3975 933 4032 dill-
974 3977 1037 4042 cta;
1058 3987 1180 4044 quaeram
1194 3976 1315 4033 ostiatim
1332 3978 1482 4048 platanum,
1499 3992 1561 4050 quae
1575 3979 1610 4036 ad
1624 3981 1795 4051 opacandum

110 4083 186 4141 gere,
203 4067 333 4139 iubemur
348 4067 490 4137 proximos
508 4065 667 4135 admonere,
688 4065 849 4137 parentibus
862 4065 931 4122 obe·
974 4061 1077 4132 putuiis
1091 4068 1134 4148 est
1147 4062 1245 4120 diffusa
1260 4067 1433 4137 ramusculis,
1448 4070 1527 4140 culus
1542 4069 1664 4126 umbram
1684 4073 1796 4127 secutus

110 4159 181 4216 dire.
206 4157 361 4229 Magisteria
384 4163 449 4214 suut
471 4157 524 4212 ista
548 4155 650 4224 diuina,
675 4161 703 4212 et
721 4156 847 4227 quaedam
869 4167 932 4227 pro·
974 4157 1016 4206 est
1029 4153 1171 4221 socratem
1188 4154 1335 4211 mutuabor
1344 4156 1379 4212 ab
1388 4154 1437 4212 iilo
1448 4157 1583 4214 rationem
1594 4157 1717 4226 dicendi,
1733 4173 1797 4216 con·

111 4248 171 4319 pria
195 4249 223 4304 iu
246 4247 372 4318 utrisque
390 4244 502 4302 Tabulis
527 4245 575 4303 ilel
590 4244 678 4316 digito
692 4244 845 4318 designata.
864 4245 933 4301 suut
973 4239 1154 4297 structionem
1176 4242 1333 4311 verborum,
1354 4243 1486 4314 leporem,
1507 4245 1693 4314 dulcedinem,
1713 4261 1796 4305 venu-

110 4340 139 4393 et
170 4336 230 4393 baec
257 4334 434 4392 fundamenta
466 4334 636 4392 aedificandae
664 4335 734 4407 spel,
763 4333 933 4391 firmamenta
973 4333 1083 4398 statem,
1097 4336 1128 4386 ut
1147 4330 1229 4386 etiam
1248 4345 1299 4402 ego
1314 4331 1349 4386 ab
1368 4333 1523 4388 urbanitate
1543 4347 1597 4390 non
1618 4334 1751 4402 excidam,
1768 4341 1796 4392 et

111 4425 323 4484 corroborandae
352 4424 440 4491 fidel,
475 4424 642 4481 nutrimenta
674 4423 785 4480 fovendi
817 4422 932 4491 cordis,
974 4432 1066 4475 rerum
1077 4419 1235 4490 cognitione
1246 4419 1373 4476 florescat
1384 4420 1500 4478 historia
1510 4426 1538 4476 et
1547 4421 1685 4478 redundet
1694 4425 1794 4480 oratio.

110 4513 296 4587 gubernacula
318 4512 457 4586 dirigendi
481 4513 600 4579 itineris,
621 4510 750 4582 praesidia
774 4510 933 4567 obtinendae
974 4509 1022 4563 Est
1036 4507 1108 4563 enim
1132 4509 1253 4565 ιιιιιιιιι
1271 4511 1344 4567 testis
1362 4515 1515 4582 temporam,
1535 4509 1583 4566 lats
1600 4512 1728 4580 conlutis,
1741 4514 1794 4570 nito

110 4602 217 4660 salutis.
244 4603 283 4657 Ex
306 4599 463 4671 hujusmodi
483 4613 582 4670 nempe
597 4598 703 4668 origine
723 4603 845 4654 torrente
866 4611 933 4668 pro·
973 4597 1117 4659 memorio,
1133 4598 1260 4667 mcqistrc
1278 4600 1347 4666 utto,
1363 4599 1454 4655 nuntio
1473 4601 1610 4656 vestutatis
1630 4600 1701 4672 (cic.
1718 4603 1793 4660 Orot.

112 4692 254 4761 pbetarum
273 4693 302 4746 et
325 4688 394 4761 legis
417 4693 560 4744 emanante
586 4686 723 4757 procedit,
740 4688 767 4741 et
781 4684 828 4740 lile
842 4697 933 4740 sermo
975 4699 1005 4750 ιι,
1021 4683 1071 4753 9);
1092 4699 1154 4755 quae
1180 4688 1349 4756 perennibus
1372 4687 1460 4744 titulis
1483 4689 1605 4745 oratoris
1626 4703 1693 4746 roce
1717 4703 1794 4747 com·

111 4779 290 4837 brevissimus
312 4779 430 4850 irrigans
454 4777 555 4845 omnia,
581 4776 686 4834 rivulus
709 4774 773 4831 lidel
798 4787 860 4844 quae
885 4787 934 4844 per
975 4772 1130 4828 mentiatur.
1146 4775 1246 4832 Contra
1259 4775 1395 4846 plerique,
1408 4790 1458 4847 pro
1473 4776 1649 4848 amplissimis
1663 4777 1797 4851 eloquen·
1849 4767 1852 4773 ’

111 4866 288 4923 dilectionem
320 4873 461 4937 operatur.
495 4865 549 4922 Sed
582 4879 632 4922 cur
664 4866 716 4920 ista
753 4863 932 4934 praemiserim
975 4860 1021 4916 tiae
1049 4863 1200 4933 propositis
1228 4863 1356 4920 laudibus
1384 4865 1418 4921 ad
1446 4866 1561 4938 gloriam
1589 4866 1795 4938 adispicendam

110 4955 184 5011 solas
206 4952 282 5010 licet.
309 4955 446 5022 Quasilsti
471 4967 549 5010 arne
574 4967 624 5024 per
647 4954 822 5009 casinensem
846 4951 933 5007 abba·
975 4949 1042 5006 nudi
1067 4951 1180 5008 veniunt
1203 4957 1232 5008 et
1254 4952 1383 5021 inermes,
1410 4953 1485 5012 nulla
1507 4955 1665 5027 cognitione
1690 4971 1794 5025 rerum,

110 5048 177 5110 tem,
192 5054 273 5112 quern
298 5055 350 5113 eqo
373 5055 455 5098 causa
474 5041 590 5099 bonoris
612 5041 785 5098 Desiderium
808 5039 932 5107 nomino,
975 5038 1048 5094 nulia
1068 5039 1183 5096 scientia
1203 5043 1304 5110 ornati,
1320 5047 1349 5098 ut
1366 5043 1450 5116 isqui
1474 5043 1545 5101 banc
1567 5045 1690 5103 eamdem
1714 5059 1794 5116 quam

110 5133 197 5189 virum
212 5131 286 5187 inter
303 5130 393 5188 bonos
411 5130 550 5187 antistites
568 5145 653 5201 opera
671 5135 699 5187 et
718 5129 851 5200 religione
871 5126 932 5184 lau·
976 5128 1003 5184 in
1023 5141 1119 5185 manus
1138 5128 1270 5186 babemus
1292 5131 1451 5200 Historiam,
1471 5141 1615 5204 postquam
1635 5133 1735 5206 attigit,
1750 5133 1795 5188 ln-

110 5222 204 5278 datum
218 5225 247 5276 et
260 5219 384 5276 moribus
400 5219 618 5290 comprobatum,
635 5224 665 5275 ut
678 5219 701 5274 sl
716 5217 783 5288 quid
800 5216 866 5272 mibi
881 5217 930 5273 otii
943 5211 964 5271 C
975 5216 1157 5274 commodarit
1177 5219 1287 5288 penitus
1301 5224 1328 5276 et
1343 5220 1471 5277 turbarit.
1488 5221 1553 5279 tlibi
1567 5236 1633 5282 uero
1648 5223 1712 5278 dum
1728 5223 1795 5278 scri·

111 5315 205 5381 posset
225 5324 275 5366 sna
297 5308 418 5366 amicitia
436 5308 563 5376 suadere,
582 5307 617 5364 ad
641 5307 818 5365 scribendum
843 5305 931 5376 potis·
976 5305 1045 5362 bens
1063 5307 1168 5377 aliquid
1193 5309 1245 5364 ista
1269 5310 1404 5382 recogito,
1424 5311 1511 5382 magis
1525 5312 1600 5368 venit
1625 5312 1652 5367 ln
1677 5317 1795 5367 mentem

111 5399 210 5462 simum
229 5399 376 5458 Historiam
403 5397 572 5456 confessoris
595 5397 744 5455 Secundini
767 5393 932 5453 conferrem.
975 5395 1187 5466 vituperationis
1209 5411 1290 5468 quam
1317 5398 1416 5455 laudis.
1443 5400 1558 5457 Constat
1579 5401 1653 5457 enim
1675 5399 1750 5471 qula,
1770 5401 1794 5456 sl

112 5487 220 5544 Faciam
248 5501 306 5546 rem
335 5487 402 5545 mlbl
434 5485 585 5554 dificilem,
609 5486 659 5544 sed
687 5499 797 5544 causam
826 5483 934 5540 facilem
974 5483 1093 5556 eleganti
1108 5485 1275 5558 eloquentie
1298 5486 1398 5560 gloria,
1414 5487 1516 5560 ineptae
1536 5489 1628 5561 potins
1644 5489 1794 5561 ignominia

112 5587 209 5648 aqam3
230 5587 320 5650 oeque
344 5575 385 5634 llll
407 5573 529 5635 bortami
552 5573 647 5646 deero,
667 5587 721 5633 nec
738 5572 789 5632 ttbi
812 5569 930 5644 meanti,
974 5571 1116 5632 debeatur.
