4024 6174
108 290 154 352 til
383 287 524 344 tarsun
545 289 589 344 ab
606 288 699 346 toan.
718 289 875 349 sisenna.
897 317 932 340 v-
950 291 1115 353 anabadi.
1135 293 1180 350 OE
1199 293 1298 353 VERB.
1318 293 1499 352 SENIORUM.
1723 299 1777 362 4⁷8

109 467 1770 498 ..ww-*mmmmm

345 618 622 758 illiniti
668 621 741 758 ib
787 623 1064 760 illiniti.
1089 625 1516 765 ilsillliisiu

467 875 757 961 PRAEFATIO
785 875 1015 962 JOANNIS
1047 878 1275 965 HOMINIS
1306 880 1397 964 DEI

319 1064 360 1126 in
377 1083 472 1128 meone
486 1065 525 1130 de
539 1064 642 1130 verbis
654 1067 823 1132 amimam
834 1067 1065 1132 delirationem
1078 1067 1285 1152 adjuratores
1300 1069 1538 1152 informandos.

634 1243 675 1316 (n.
696 1245 827 1301 narrare
843 1242 971 1300 Tbesnnr.
990 1243 1094 1300 Aneed.
1112 1241 1137 1312 l,
1156 1241 1227 1315 163.)

918 1495 1014 1564 aque
1050 1497 1153 1550 tenerae
1189 1492 1264 1550 erati
1300 1503 1396 1550 eorum
1437 1490 1596 1562 specialiter
1631 1490 1776 1548 rideantur

950 1580 1105 1638 consulere.
1130 1582 1178 1638 Est
1203 1581 1276 1638 euim
1295 1581 1373 1648 mibi,
1393 1579 1493 1649 iateor,
1509 1580 1622 1638 tristitia
1636 1593 1734 1650 magua
1748 1583 1777 1639 ct

950 1671 1098 1728 continuus
1112 1669 1193 1729 dolor
1206 1685 1290 1742 super
1309 1670 1435 1728 caecitate
1449 1669 1543 1728 cordis
1557 1683 1672 1728 eorum:
1698 1668 1774 1739 quia,
1808 1721 1812 1732 ,

950 1773 1012 1815 eum
1031 1758 1181 1818 didicerint
1196 1760 1224 1816 in
1243 1759 1338 1818 sclaola
1361 1759 1462 1818 Christi
1477 1759 1596 1829 qualiter
1610 1757 1729 1814 debcant
1748 1759 1777 1812 st

122 1838 252 1898 ilortatur
279 1841 391 1912 quidem
421 1843 542 1906 timidam
571 1847 671 1904 mentis
698 1861 766 1906 meae
795 1847 909 1918 inperi·
949 1847 1014 1906 vitia
1028 1847 1201 1920 propulsare,
1217 1853 1245 1906 et
1263 1849 1525 1908 senctisrirtutibus
1544 1846 1685 1914 insudare,
1700 1845 1772 1902 beut

92 1923 149 1980 tiam
172 1941 254 1997 quam
279 1941 353 2000 saepe
376 1929 497 1988 iratema
520 1933 649 2001 ebaritas,
670 1939 701 1990 ut
722 1934 757 1990 de
771 1935 834 1990 vitre
853 1949 910 1992 mo·
949 1936 1110 1993 rebellionis
1132 1938 1232 2008 spiritu
1246 1938 1354 2005 armati,
1375 1942 1428 1997 tarn
1453 1937 1589 2007 precipiti
1603 1936 1707 2005 impetu
1726 1945 1778 2004 per

90 2028 196 2086 mmque
209 2017 394 2078 instructione
409 2021 530 2082 breuiter
543 2023 619 2094 loqui
634 2024 765 2093 debeam;
780 2025 829 2082 sed
844 2026 907 2095 quia
949 2024 1063 2095 abrupta
1079 2026 1208 2082 vitiorum
1235 2031 1351 2086 curmut
1369 2026 1403 2082 ad
1427 2032 1554 2092 mortem,
1570 2029 1601 2082 ut
1615 2037 1663 2080 eos
1681 2021 1776 2092 auriqr

91 2109 191 2175 tempus
212 2112 256 2162 est
279 2113 319 2175 ut,
345 2109 405 2180 ipso
430 2112 477 2181 qui
496 2111 640 2182 inspiravit
658 2115 827 2184 opitulante,
855 2115 908 2171 boc
949 2113 1102 2183 presidens
1125 2114 1201 2171 nulio
1224 2113 1304 2171 irene
1332 2114 1488 2185 disciplinae
1516 2113 1605 2170 valeat
1632 2111 1775 2174 cohibere.

88 2205 152 2261 npus
165 2196 322 2266 aggrediar,
343 2201 529 2260 necessarium
552 2201 617 2259 drrxi
636 2203 780 2263 exordium
799 2217 908 2264 sumere
948 2203 1088 2262 heberent
1119 2205 1214 2274 utique
1243 2204 1271 2260 lu
1304 2204 1387 2262 domo
1419 2205 1468 2262 Dei
1495 2204 1529 2260 ad
1561 2203 1664 2260 cultum
1691 2197 1777 2260 divini
1808 2257 1813 2268 ,

86 2281 117 2341 ab
137 2282 185 2341 illa
210 2284 344 2345 laudabili
371 2289 471 2345 almuse
500 2304 562 2360 qum
591 2291 693 2348 dicitru
718 2293 906 2362 verecundia;
948 2290 1064 2347 bonoris
1086 2306 1170 2362 super
1191 2305 1301 2348 omnem
1321 2297 1446 2348 ornatum
1470 2298 1676 2360 tanquamrasa
1693 2303 1776 2352 aurea

84 2383 140 2440 qun
166 2387 232 2432 oum
256 2375 292 2433 sit
314 2377 443 2434 omnibus
465 2379 603 2445 statibus,
620 2381 757 2449 personis,
772 2381 907 2452 tempori·
948 2379 1094 2451 refulgere.
1125 2381 1180 2436 Cur
1206 2387 1297 2437 autem
1326 2381 1361 2436 ab
1389 2380 1460 2451 ipsis
1490 2379 1587 2449 primis
1614 2378 1778 2434 rudimentis

84 2457 129 2514 bus
148 2468 178 2516 et
198 2461 272 2517 locis
295 2467 368 2533 epta,
393 2469 484 2524 tamen
510 2466 702 2526 adolescentes
724 2475 752 2524 et
772 2471 908 2540 juveniles
948 2465 1071 2525 inlautiae
1095 2469 1204 2526 educati
1228 2476 1293 2529 sunt
1321 2475 1396 2528 mum
1420 2483 1490 2526 cura
1514 2474 1647 2538 tantoque
1670 2466 1775 2533 labore,

81 2549 189 2606 animos
213 2550 332 2609 maxime
355 2551 445 2610 decet.
471 2555 537 2610 Tuas
550 2568 616 2612 vero
634 2557 749 2614 virtutes
767 2563 832 2614 suut
846 2573 907 2628 quae
948 2556 1002 2612 nisi
1027 2562 1059 2613 ut
1082 2556 1169 2616 torres
1193 2559 1221 2615 ln
1241 2559 1315 2616 bello
1334 2557 1398 2618 laeti
1418 2563 1519 2614 contra
1543 2569 1653 2614 carnem
1671 2561 1699 2614 ct
1717 2557 1778 2626 ejus

82 2637 174 2703 pueris
200 2643 230 2694 et
257 2638 480 2698 adolescentibus
506 2643 593 2714 magis
620 2649 775 2716 congruunt
796 2666 802 2701 :
827 2659 907 2702 vere·
950 2643 1096 2712 desideria,
1117 2654 1213 2703 contra
1237 2647 1376 2704 diabolum
1400 2652 1428 2704 et
1451 2647 1511 2717 elus
1536 2645 1699 2715 multiplicia
1718 2649 1777 2700 teu·

82 2725 191 2794 cundia,
215 2728 391 2786 taciturnitas
410 2736 438 2788 et
465 2731 632 2791 obedientia.
661 2734 722 2790 Nou
751 2739 793 2793 cst
817 2742 908 2792 autem
950 2739 1068 2790 tamenta
1089 2733 1205 2791 viriiiter
1229 2743 1372 2807 pugnent?
1396 2735 1461 2803 Sed,
1487 2733 1562 2806 quod
1586 2733 1776 2790 admirandum

86 2812 209 2884 dubium,
236 2816 262 2872 si
290 2817 340 2874 baa
370 2819 499 2878 studeant
531 2820 653 2890 babere,
686 2822 753 2892 quin
786 2824 994 2892 persentiscat
1017 2825 1045 2878 et
1068 2821 1236 2892 dolendum,
1263 2824 1326 2896 plus
1350 2824 1390 2880 eis
1409 2837 1490 2894 quam
1514 2823 1623 2880 caeteris
1641 2821 1730 2894 gravis
1749 2823 1777 2879 et

84 2902 190 2962 libristo
210 2903 295 2975 duee,
315 2906 350 2964 ad
372 2908 480 2966 culmen
505 2908 759 2981 perfectionemque
780 2912 910 2968 virtutum
951 2913 1060 2966 austma
1075 2910 1185 2966 videtur
1209 2911 1363 2982 disciplinae
1387 2911 1492 2982 regula.
1511 2913 1601 2979 Quare
1626 2910 1700 2968 boet
1722 2909 1776 2966 uisi

85 2992 244 3048 ascendere.
272 2995 377 3051 tiorum
401 2997 474 3052 euim
493 2998 654 3068 insigniret
676 3006 837 3059 ornamenta
852 3001 910 3060 rir-
952 2997 1016 3067 quia
1047 2998 1206 3055 saecularem
1240 3001 1326 3072 magis
1354 3000 1473 3072 diligunt
1499 3001 1592 3056 vitam.
1625 3001 1705 3055 Certe
1732 2996 1775 3054 tal

87 3085 168 3136 tutum
185 3081 218 3165 in
242 3081 300 3140 illis
323 3083 419 3154 procul
444 3085 528 3156 dubio
547 3087 686 3145 ceruimus
709 3088 823 3146 senibus
850 3090 909 3158 qui,
951 3084 1043 3142 uultus
1065 3086 1108 3142 vel
1127 3101 1206 3144 rarus
1229 3089 1374 3145 intereos
1397 3089 1555 3155 invenitur,
1581 3088 1628 3159 qui
1656 3088 1776 3143 libenter

85 3167 116 3224 ab
137 3169 198 3241 ipso
220 3172 355 3230 tirocinio
379 3176 517 3244 primaevae
542 3177 631 3234 atatis
655 3178 797 3248 usquead
821 3177 911 3247 perle-
950 3178 1083 3244 sequatur
1096 3176 1185 3232 Patris
1199 3178 1364 3244 institutum,
1380 3183 1408 3234 et
1426 3177 1651 3246 maiorumnitam
1667 3174 1773 3247 diligat,

85 3263 149 3314 ctum
173 3261 266 3317 virum
295 3263 452 3334 disciplinis
479 3267 639 3323 coelestibus
668 3267 833 3335 exercitati,
861 3280 911 3336 per
951 3269 998 3320 aut
1011 3265 1076 3335 quia
1090 3264 1246 3323 laboriosus
1260 3267 1479 3335 deterretaotua,
1490 3273 1538 3323 aut
1552 3267 1616 3337 quia
1630 3265 1776 3326 inlubrico

83 3347 144 3406 rum
170 3352 286 3410 ltomiui
304 3352 415 3412 lortitcr
436 3363 627 3416 cucurrerunt.
657 3359 780 3425 Quorum
804 3357 911 3415 scillcet
952 3357 1033 3410 atate
1052 3352 1192 3412 dilicilior
1215 3360 1258 3412 est
1278 3356 1454 3422 abstinentia,
1470 3360 1517 3412 eut
1535 3355 1600 3425 qnia
1613 3354 1697 3412 alacri
1712 3352 1778 3410 adn·

83 3437 209 3506 sapientia
235 3442 295 3512 jam
323 3448 427 3500 mutum
450 3444 523 3516 viget
549 3451 578 3501 et
601 3445 687 3515 lucet,
712 3453 845 3515 quantum
869 3459 912 3500 sc-
951 3440 1214 3500 lescentiacvidetur
1232 3445 1286 3500 vita
1309 3444 1465 3510 obscurior,
1485 3449 1514 3497 et
1532 3442 1595 3497 ideo
1610 3442 1644 3497 ad
1664 3451 1777 3498 aaron·

83 3531 171 3586 nectus
194 3532 259 3602 ipsa
288 3537 369 3590 aetate
398 3533 428 3590 iit
457 3533 589 3602 doctior,
619 3549 671 3592 usn
704 3535 815 3601 tritior,
848 3547 912 3603 pro·
951 3536 1096 3586 vertuntur
1137 3530 1228 3588 studia
1264 3545 1326 3600 quae
1368 3529 1557 3599 plausibiliora
1597 3528 1776 3586 arbitrantur.

83 3626 152 3672 cesso
185 3621 326 3692 temporis
358 3621 533 3693 prudentior.
570 3625 634 3680 ileo
663 3629 754 3682 autem
787 3627 911 3679 veterum
952 3617 1103 3674 Praeseutia
1131 3619 1233 3689 qnippe
1262 3617 1355 3689 plures
1382 3631 1464 3687 quam
1492 3617 1583 3674 lutura
1605 3615 1776 3688 praeierunt3

83 3707 231 3768 studiorum
258 3709 437 3770 dulcissimos
459 3711 566 3771 tructus
589 3711 702 3780 aditet
720 3712 790 3770 elios
809 3713 910 3770 reiicit·
953 3705 1026 3763 unde
1049 3720 1105 3776 qno
1130 3706 1425 3777 praestantiorem,
1451 3719 1484 3762 0⁰
1510 3706 1593 3764 debet
1621 3719 1684 3762 0⁸⁸⁰
1711 3717 1778 3760 tuli

86 3793 153 3853 Multi
172 3813 298 3872 namque
322 3785 403 3860 senes
425 3801 474 3860 diu
487 3801 610 3858 uiuentes
631 3806 659 3858 et
678 3801 746 3858 nibil
763 3801 911 3873 proicies·
952 3795 1093 3852 sttentior.
1118 3794 1216 3852 iniciix
1239 3797 1286 3866 tilii
1311 3795 1399 3868 litem
1424 3795 1487 3853 lilae
1506 3801 1593 3864 mmet,
1620 3793 1776 3864 fflstliliflae

84 3887 129 3952 tes,
153 3888 218 3960 quia
243 3889 339 3949 nullas
357 3890 411 3950 sibi
434 3890 461 3949 iu
481 3895 640 3961 opportuno
660 3898 785 3961 tempore
799 3891 910 3948 dividas
952 3884 1065 3954 abjicit,
1089 3890 1118 3941 et
1141 3887 1274 3956 majorum
1302 3885 1450 3957 gubernari
1478 3885 1636 3957 magisterio
1665 3882 1775 3955 reiuqit.

84 3985 297 4050 congregamur,
318 3980 417 4050 inopes
435 3980 555 4040 omnium
580 3981 711 4038 virtutum
735 3981 843 4038 animos
862 3982 908 4052 ju·
951 3975 1005 4032 ists
1028 3987 1095 4030 vero
1116 3987 1172 4032 non
1195 3975 1348 4032 secundum
1366 3976 1471 4043 Deum,
1496 3976 1544 4035 red
1570 3973 1722 4032 secundum
1746 3987 1776 4029 se

83 4063 183 4124 nicrum
208 4081 279 4128 eum
301 4069 343 4126 eis
356 4069 503 4128 virentium
522 4070 649 4140 reprobae
664 4071 727 4128 vitae
746 4071 844 4129 morbo
863 4071 910 4126 in·
951 4063 1017 4119 litii
1037 4083 1044 4118 ²
1069 4064 1117 4134 qui
1143 4065 1166 4120 ⁸1
1190 4065 1322 4135 ΡθῑῦθῐΙῑ,
1338 4069 1380 4121 ⁰⁸²
1403 4077 1465 4122 cum
1484 4064 1585 4136 quibus
1598 4063 1666 4132 vult,
1686 4062 1776 4134 porgit

84 4150 181 4216 iciuut.
206 4159 293 4217 sieut
316 4159 389 4230 anim
413 4173 463 4230 por
481 4171 575 4217 senem
599 4159 728 4218 vitiosum
747 4165 775 4218 et
793 4159 1006 4230 istuum,0qun
1025 4153 1093 4222 vult,
1118 4153 1221 4212 dormit
1243 4155 1354 4226 quaudo
1378 4159 1407 4212 et
1424 4155 1546 4226 quandiu
1565 4155 1632 4223 vult,
1653 4152 1778 4224 loquitur

82 4239 116 4298 ila
136 4251 164 4302 ct
182 4261 235 4317 per
260 4245 468 4306 adolescentem
492 4247 707 4306 inverecundum
736 4252 764 4306 et
791 4255 909 4306 temera-
953 4257 1016 4313 qua
1029 4244 1097 4310 uult,
1118 4250 1146 4300 et
1166 4244 1212 4300 ubi
1236 4244 1304 4314 nult,
1324 4244 1471 4302 manducat
1485 4251 1513 4299 et
1529 4244 1600 4300 bibit
1618 4243 1730 4314 quando
1748 4247 1778 4298 nt

84 4329 147 4388 num
163 4336 267 4408 religio
289 4342 384 4392 sancta
399 4335 561 4392 destruitur.
580 4338 645 4394 Post
664 4337 793 4395 indoctos
807 4337 911 4394 malos·
954 4332 1110 4405 quodvult,
1131 4338 1158 4391 et
1180 4339 1313 4405 quantum
1332 4333 1400 4399 ruit,
1426 4331 1499 4388 ridet
1522 4339 1550 4388 et
1570 4333 1682 4400 jocatur
1703 4331 1777 4384 inter

82 4431 131 4488 lte
153 4426 294 4493 praelatos
316 4425 345 4482 iu
364 4431 459 4483 sancta
482 4425 605 4486 Ecclesia
619 4425 696 4484 nulla
711 4428 797 4497 pastis
811 4427 845 4484 ad
861 4440 912 4484 uo·
954 4437 1025 4492 quos
1037 4423 1105 4490 ruit,
1121 4427 1149 4478 ct
1163 4424 1210 4479 ubl
1225 4430 1253 4480 et
1267 4421 1378 4493 quando
1392 4420 1469 4490 vult;
1485 4426 1624 4490 postremo
1639 4414 1775 4488 quidquid

84 4509 192 4569 cendum
209 4514 332 4570 intirmis
350 4513 487 4571 valentior
501 4516 649 4572 invenitur.
670 4517 796 4586 lienique
816 4515 912 4573 talium
954 4512 1067 4567 naribus
1085 4524 1167 4568 suavs
1189 4517 1242 4579 est,
1266 4509 1402 4583 quidquid
1426 4509 1511 4566 metui
1535 4508 1676 4573 blandum,
1697 4505 1777 4576 quid-

84 4591 218 4660 bominum
238 4615 331 4676 penus
354 4603 407 4660 ista
425 4603 460 4660 dc
485 4603 585 4674 qulbus
609 4603 759 4674 Apostolus
782 4603 913 4675 praedixit
954 4599 1021 4669 quid
1044 4598 1134 4656 oculis
1156 4599 1339 4668 delectabile,
1364 4597 1498 4670 quidquid
1521 4597 1630 4652 ceteris
1648 4597 1776 4654 sensibus

84 4687 213 4760 tempora,
235 4691 310 4763 prob
333 4691 431 4749 dolor!
453 4693 512 4748 sine
536 4707 651 4750 numero
675 4692 777 4760 ierunt,
802 4693 912 4764 quaudo
954 4689 1046 4745 carnis
1058 4702 1116 4744 suae
1128 4688 1279 4759 jucundum
1295 4693 1406 4746 exercet
1424 4702 1455 4744 ac
1471 4688 1605 4758 sequitur.
1622 4686 1670 4742 ille
1684 4691 1774 4742 autam

85 4777 169 4834 onnia
193 4777 287 4838 ierme
310 4793 373 4850 quar
391 4781 464 4839 bona
483 4785 548 4838 sunt
570 4782 744 4853 pessumdari
769 4781 913 4840 contundi·
954 4777 1166 4848 quaisecuudum
1189 4780 1272 4834 boum
1292 4779 1367 4845 sinit,
1383 4791 1438 4833 uon
1462 4775 1536 4847 quod
1552 4789 1613 4830 cum
1629 4773 1776 4831 carnaliter

95 1543 118 1582 ts
147 1543 251 1586 CHRISTI
281 1546 383 1588 nouitas
416 1549 552 1590 incipiuni
584 1551 782 1594 coabacrloittts
814 1551 909 1592 anania

123 1632 254 1685 ioannis,
291 1634 470 1678 COGNOMENTO
503 1637 617 1682 aonlnls
650 1641 717 1693 bnt,
752 1642 785 1681 DE
817 1641 910 1682 tanais

123 1719 267 1763 sallentini.

86 4877 134 4932 que
155 4869 305 4937 ridemus3
331 4875 359 4926 et
383 4871 514 4942 quoniam
536 4885 617 4928 senes
641 4872 669 4928 in
693 4871 791 4928 meiius
813 4873 911 4929 mutari
953 4863 1642 4937 delectat,sedquodspirituaiitcrserlidcatiacit;
1658 4862 1776 4935 etquid·
1885 4915 1902 4938 „

85 4951 116 5008 ab
139 4955 187 5016 ilia
215 4958 318 5019 inolita
341 4959 470 5016 altiorum
494 4961 696 5017 consuetudine
721 4959 911 5017 diiiioiilimunr
953 4955 1021 5024 qnid
1040 4957 1117 5026 cupit
1135 4961 1182 5012 aut
1194 4956 1260 5026 agit,
1276 4969 1331 5012 nnn
1347 4954 1404 5010 vult
1418 4968 1452 5009 ex
1470 4967 1529 5021 sua,
1548 4952 1597 5010 scd
1617 4967 1651 5010 ex
1668 4953 1716 5008 liei
1730 4965 1776 5008 no

86 5048 134 5108 est,
156 5043 296 5103 debemus
309 5047 534 5104 adolescentibus
547 5063 655 5106 manum
676 5050 839 5120 porrigerc;
864 5049 912 5119 qui
953 5043 1059 5102 lumime
1090 5048 1280 5116 majorumque
1312 5057 1423 5100 suorum
1454 5043 1578 5113 jussione
1612 5041 1773 5114 procedere.

86 5127 107 5182 si
120 5130 185 5190 dare
200 5148 318 5205 operam
331 5135 436 5203 uolunt,
453 5138 528 5194 omui
543 5137 661 5208 depulso
675 5143 784 5209 tepore,
796 5143 912 5209 possunt
952 5135 1038 5190 Nemo
1057 5140 1148 5191 tamen
1173 5133 1279 5204 positus
1300 5133 1342 5190 rel
1367 5133 1395 5189 in
1410 5132 1604 5190 adolescentiae
1619 5131 1661 5188 vel
1677 5131 1775 5187 lutom-

86 5219 176 5291 ttthue
196 5239 251 5294 per
273 5217 395 5298 gratiam
411 5216 513 5283 illinisti
536 5228 619 5284 sitam
643 5228 794 5299 corrigere,
820 5241 912 5285 mores
952 5225 1086 5295 perantia
1119 5225 1250 5290 lubrico,
1285 5223 1319 5280 de
1349 5224 1391 5279 sui
1424 5221 1604 5279 conversione
1636 5220 1773 5293 desperet.

87 5319 266 5380 componere,
287 5321 420 5386 actusque
448 5327 514 5371 suos
540 5315 569 5369 in
597 5315 725 5372 omnibus
753 5316 909 5374 meliorare.
952 5314 1075 5370 Oleaster
1098 5315 1170 5370 enim
1194 5313 1273 5370 ollam
1296 5313 1436 5378 insertus,
1461 5312 1559 5368 amissa
1582 5311 1773 5377 amaritudine,

87 5395 190 5456 idcirco
215 5403 268 5457 diu
287 5410 328 5459 est
351 5404 425 5475 quod
450 5402 604 5460 desiderari
632 5411 751 5473 propter,
768 5407 911 5474 juniorum
952 5401 1069 5460 elicitur
1091 5402 1257 5459 iructuosus.
1287 5402 1315 5458 Si
1348 5415 1413 5472 ergo
1446 5400 1612 5472 agricultura
1640 5399 1775 5456 convertit

87 5485 211 5556 aluum,
233 5503 331 5549 corum
345 5493 485 5564 pracipes
497 5505 559 5549 eum
578 5479 679 5562 quibua
691 5493 763 5560 viro,
780 5507 813 5550 ex
828 5491 1078 5566 opus-Dstirpium
1103 5491 1273 5562 qualitatem,
1298 5504 1390 5548 nonne
1409 5491 1499 5546 studia
1519 5489 1653 5545 doctrinae
1672 5494 1701 5545 et
1719 5488 1775 5545 dis·

88 5575 155 5630 cutis
182 5579 297 5636 Parrum
327 5597 412 5652 pauca
436 5581 560 5653 quaedam
584 5579 745 5637 deitorsudo
768 5581 909 5653 colligere,
953 5579 1063 5650 cipiinae
1077 5579 1224 5636 assiduitas
1242 5579 1368 5651 mitigare
1391 5583 1485 5651 posset
1504 5577 1641 5650 quaslibet
1658 5577 1774 5648 aspritu-
