4016 6160
208 337 262 392 703
911 333 1052 389 ΜΑΗΙΑΝΙ
1072 333 1185 390 scotti
1841 331 1893 385 704

209 476 272 531 uus,
287 461 329 518 vir
348 460 479 529 disertus,
501 457 639 530 prefectus
662 457 796 530 pretorio,
819 457 923 515 Gallias
946 458 1131 530 regitlltoos
1152 458 1180 516 2.
1206 456 1402 515 constantinus
1430 454 1533 512 bellurn
1559 452 1639 511 fratri
1660 452 1796 523 inferens,
1817 456 1895 525 juxta

210 550 370 608 Eustathius
397 548 716 619 dousuutrnopolitanus
743 547 921 619 agnoscitur3
952 549 1031 619 cuius
1070 547 1243 620 aquilegiam
1267 545 1413 603 occiditur.
1429 545 1510 601 vario
1532 547 1631 600 euentu
1648 542 1794 601 adversum
1814 545 1897 602 Frau-

114 629 118 635 ’
213 638 350 698 industria
368 637 559 697 Hierusolimis
572 637 724 693 martirium
739 641 927 694 constructum
942 642 994 694 est.
1072 651 1120 694 cos
1143 652 1159 694 a
1184 639 1333 694 Constante
1357 638 1514 706 pugnantur
1523 631 1566 688 ¹⁴⁹.
1592 631 1681 704 (suar.
1706 635 1781 700 Ser.)
1805 633 1896 692 unire

249 728 312 787 352.
337 727 382 785 31.
411 725 531 798 [cccxxx]
560 726 652 798 (Sum.
677 725 749 797 Ser.)
778 727 944 783 constantius
966 723 985 779 2
1007 730 1032 780 et
1072 726 1188 783 orientis
1217 727 1301 783 urbes
1328 730 1402 781 terre
1434 727 1510 780 motu
1542 721 1671 779 horribili
1703 721 1897 781 conciderunt.

214 821 352 877 comicas.
379 816 456 889 (Vita
478 815 510 872 8.
534 814 632 886 nort.)
660 814 785 886 [Sanctus
811 816 943 872 Martinus
970 828 1032 870 curn
1076 816 1200 887 [Sanctus
1220 813 1250 848 ¹⁶¹
1274 815 1416 881 Martinus,
1441 825 1504 868 cum
1533 819 1606 869 esset
1633 825 1768 868 annorum
1792 812 1899 870 duode-

216 914 289 965 esset
311 918 445 964 annorum
462 902 505 971 15,
521 908 616 974 raptus
634 911 662 960 et
682 911 835 972 catenatus,
854 904 1033 961 sacramentis
1073 905 1180 976 uiginti,
1204 905 1357 975 baptizatus
1381 909 1433 971 est,
1456 906 1485 958 et
1512 905 1652 957 trausacto
1671 901 1830 958 tribunatus
1853 901 1897 958 sui

214 997 379 1054 militaribus
397 993 554 1065 implicatus
568 998 619 1062 est,
637 1007 690 1051 uno
704 1000 810 1051 tantum
825 1008 905 1051 servo
920 994 1031 1051 comite.
1074 1003 1209 1064 tempore,
1225 991 1445 1050 renuntiaturum
1460 1005 1491 1048 se
1508 989 1764 1062 seculopromisit;
1785 997 1815 1048 et
1828 1004 1898 1062 pene

216 1086 250 1158 (c.
265 1085 303 1156 2.)
327 1085 393 1141 cum
408 1083 480 1140 enim
505 1087 579 1138 esset
600 1082 719 1139 edictum
736 1096 752 1138 a
772 1083 894 1154 regibus,
910 1087 940 1139 ut
957 1089 1034 1139 vete·
1074 1084 1216 1140 biennium
1232 1083 1387 1154 baptizatus
1400 1081 1512 1138 nomine
1527 1085 1634 1136 tantum
1653 1077 1786 1151 militavit]
1808 1079 1844 1151 (c.
1858 1079 1898 1152 3.)

214 1187 344 1232 ranorum
367 1172 416 1228 tilii
440 1171 475 1228 ad
503 1171 628 1228 militiam
652 1172 888 1239 describerentur,
911 1171 1036 1244 prodidit
1075 1173 1106 1228 ln
1129 1171 1262 1228 decretali
1286 1169 1403 1242 epistola
1427 1167 1579 1226 beatilulii
1599 1181 1678 1239 papae
1701 1169 1740 1224 ita
1761 1169 1897 1226 habetur:

213 1263 357 1320 llartinum
381 1266 460 1333 pater
479 1275 557 1327 snus,
573 1261 620 1332 qui
643 1260 770 1318 ielieihus
794 1260 843 1317 dlii
867 1261 974 1319 actibus
993 1261 1036 1319 in·
1077 1263 1136 1318 «lu
1152 1261 1263 1318 nomine
1279 1260 1384 1318 domini
1399 1259 1448 1316 llei
1463 1258 1609 1316 salvatoris
1632 1259 1721 1314 nostri
1742 1259 1901 1315 155661]ιί-

214 1351 334 1410 ridebat.
364 1350 522 1408 Triennium
543 1349 601 1406 lere
625 1355 688 1406 ante
712 1350 876 1420 baptismum
900 1351 929 1407 in
953 1351 1037 1406 aruris
1076 1351 1123 1419 sti,
1138 1350 1339 1422 imperantibus
1360 1363 1471 1420 quoque
1494 1348 1676 1405 Constantino
1700 1354 1728 1405 et
1751 1349 1902 1405 Gomtaute

214 1441 278 1510 luit,
302 1439 351 1497 sed
375 1440 509 1498 innocens
532 1455 548 1496 a
571 1440 655 1497 vitiis.
672 1439 709 1513 (c.
724 1438 766 1512 3.)
788 1441 862 1496 lutra
886 1453 956 1511 quos
979 1445 1036 1497 tres
1077 1441 1200 1510 augustis
1218 1453 1291 1496 anno
1304 1438 1333 1507 l,
1349 1439 1401 1495 suh
1416 1437 1461 1494 die
1480 1437 1507 1492 8.
1525 1435 1709 1494 Kalendarum
1729 1437 1902 1506 Octobrium,

215 1543 303 1588 annos
317 1528 438 1586 dimedio
453 1527 570 1586 clamide
584 1528 676 1585 induit
693 1528 843 1587 christum.
859 1533 895 1599 (c.
911 1529 951 1601 2.)
974 1531 1036 1602 lpse
1077 1529 1229 1587 indictione
1253 1534 1340 1598 sexta,
1366 1526 1525 1599 presidente
1552 1531 1650 1583 sancto
1679 1539 1711 1582 ac
1740 1526 1901 1583 beatissimo

215 1624 345 1676 armatam
378 1618 503 1675 militiam
530 1618 565 1674 ab
594 1616 781 1676 adolescentia
813 1620 886 1675 inter
917 1617 1038 1676 scolares
1077 1617 1150 1676 lulio
1164 1632 1236 1690 papa
1250 1617 1326 1674 sedis
1344 1616 1505 1688 apostolicae
1523 1615 1601 1672 urbis
1614 1616 1720 1680 Roma,
1737 1615 1902 1687 propossitis

216 1708 274 1765 alas
297 1708 348 1764 sub
374 1721 439 1779 rege
463 1707 634 1777 Constantio,
659 1707 724 1764 dein
747 1708 798 1765 sub
814 1707 923 1766 tuliano
943 1722 1037 1766 cesare
1079 1709 1262 1765 sacrosanctis
1285 1713 1313 1764 et
1336 1706 1540 1764 venerabilibus
1564 1705 1723 1776 evangeliis,
1743 1706 1773 1761 in
1795 1705 1902 1762 aeclesia

216 1794 363 1869 militavit]
381 1795 478 1868 (lirun.)
494 1797 691 1853 Constantinus
701 1796 744 1864 ¹⁸⁷,
765 1802 887 1853 extremo
901 1797 964 1854 vitae
978 1812 1036 1854 sum
1047 1784 1071 1843 Β
1081 1798 1185 1855 domiui
1199 1799 1248 1854 hei
1262 1798 1405 1855 salvatoris
1419 1797 1507 1854 nostri
1521 1796 1586 1852 lesu
1596 1793 1698 1851 Christi
1712 1809 1776 1865 qnae
1791 1801 1903 1851 vocatur

218 1891 342 1955 tempore
357 1885 391 1940 ab
412 1885 531 1941 Eusebio
549 1884 737 1941 Nicomideusi
757 1885 889 1957 episcopo
908 1885 1040 1957 baptista·
1081 1887 1269 1955 constantina,
1291 1885 1483 1944 resedentibus
1507 1885 1588 1940 etiarn
1611 1882 1679 1941 uiris
1700 1883 1904 1940 venerabilibus

219 1979 274 2041 tus,
290 1973 319 2028 in
339 1973 484 2030 arrianum
503 1973 602 2046 dogma
624 1974 755 2032 declinat.
774 1975 889 2048 Quoque
905 1989 992 2047 usque
1010 1976 1039 2030 in
1080 1975 1239 2048 pariterque
1254 1990 1315 2032 cum
1336 1989 1368 2032 eo
1384 1973 1571 2042 audientibus,
1586 1971 1737 2029 Benedicto
1752 1972 1905 2044 aquiliensi

219 2075 334 2132 presens
347 2067 456 2133 tempus
471 2062 641 2120 aeclesiarum
651 2063 756 2134 rapiuae
771 2067 799 2120 et
813 2064 899 2121 totius
908 2064 986 2120 orbis
999 2071 1041 2121 est
1082 2066 1223 2137 episcopo,
1239 2065 1309 2124 liuto
1324 2064 1483 2121 sanctisimo
1499 2062 1664 2120 Fartaniauo
1679 2062 1821 2132 episcopo,
1836 2065 1906 2133 ‚lga-

217 2157 313 2208 seeuta
335 2150 484 2209 discordia.
500 2153 697 2209 Constantinus
721 2167 784 2210 cum
802 2153 906 2210 bellum
929 2161 1042 2224 pareret
1082 2157 1141 2226 pito
1154 2156 1320 2212 Ravennatis
1339 2154 1457 2212 aeclesiae
1477 2153 1621 2224 episcopo,
1638 2150 1713 2209 lulio
1732 2150 1906 2208 lledolaneu·

209 2240 248 2297 iu
259 2241 366 2309 Persas,
376 2240 406 2296 iu
416 2241 546 2312 helnone,
557 2241 621 2300 uilla
633 2240 744 2313 publica
755 2243 833 2312 juxta
842 2242 1040 2312 Nicomediam,
1082 2245 1121 2302 sis
1133 2244 1250 2301 aeelesiae
1269 2245 1416 2316 episcopo,
1432 2243 1553 2299 Luciano
1572 2240 1761 2298 ltauriauense
1776 2241 1907 2312 episeopo

217 2329 345 2386 moritur.
367 2328 530 2388 Theodorus
548 2331 698 2403 episcopus
721 2331 750 2387 iu
769 2332 908 2402 tripertita
926 2331 1042 2390 historia
1083 2334 1238 2406 etreliquis
1252 2335 1366 2391 cumeis
1380 2337 1490 2390 centum
1505 2330 1646 2388 acdecem
1661 2330 1906 2401 etsexeplscopis,

217 2417 282 2474 sic*
296 2437 303 2474 ε
319 2419 517 2476 Constantinus
530 2418 738 2489 ilicomediam,
758 2421 787 2476 in
809 2421 1041 2492 achironesilla,
1083 2423 1170 2480 tulius
1191 2423 1334 2494 predictus
1347 2420 1537 2479 sanctissimus
1557 2419 1636 2474 urbis
1649 2418 1746 2476 Romae
1759 2417 1905 2489 episcopus

219 2511 364 2578 postquam
393 2507 547 2566 babtizatus
574 2510 611 2566 sit
638 2510 673 2566 ab
700 2509 818 2567 Eusebio
843 2509 1043 2568 Nicomedense
1084 2512 1165 2582 dixit,
1180 2531 1195 2566 u
1220 2512 1378 2582 etreliqua
1405 2511 1492 2582 (cono.
1512 2509 1534 2576 l,
1555 2521 1583 2580 p.
1598 2505 1672 2578 567).
1697 2509 1795 2564 Annus
1818 2506 1906 2577 itaque

219 2595 351 2666 episcopo
374 2597 502 2667 Arriano,
529 2598 611 2656 etiam
631 2597 711 2655 obiit.
727 2597 772 2665 (cl.
790 2615 831 2666 ιιι,
850 2597 908 2671 13.)
933 2599 1043 2656 (11111ιω
1084 2607 1199 2674 quartus
1211 2600 1385 2660 Constantini
1399 2598 1576 2671 imperatoris
1590 2601 1667 2654 sema
1677 2603 1737 2653 erat
1746 2595 1906 2664 indictione,

219 2689 311 2741 autem
334 2697 407 2742 auno
430 2687 475 2741 66.
492 2687 594 2756 etatis,
610 2687 720 2758 imperii
742 2686 789 2756 31,
814 2687 859 2746 die
880 2687 925 2745 25.
942 2689 1044 2746 mensis
1085 2693 1132 2764 qui
1147 2699 1190 2750 est
1203 2705 1291 2749 annus
1304 2690 1351 2746 28.
1370 2687 1460 2760 Magni
1474 2685 1751 2756 constantini,1uxta
1770 2684 1908 2741 cronicam

220 2771 293 2841 Mili,
306 2771 351 2829 his
365 2772 536 2832 consulibus.
1083 2782 1195 2839 Eusebii
1218 2780 1262 2838 uel
1289 2777 1380 2846 heda,
1411 2775 1610 2834 incarnationis
1637 2779 1730 2831 autem
1756 2773 1907 2830 secundum

259 2861 390 2933 [Ouosrus
404 2863 464 2934 sie]
488 2867 663 2922 Romanorum
681 2864 726 2922 43.
743 2866 910 2923 constantias
928 2869 1045 2939 tenpore·
1085 2869 1252 2928 ilionissium
1267 2867 1331 2924 333.

222 2955 264 3007 tor
278 2966 346 3008 enno
362 2952 396 3008 ab
416 2953 486 3009 Urbe
512 2953 589 3011 1091.
612 2967 674 3011 curu
697 2955 879 3012 Constantino
907 2961 935 3012 et
959 2956 1045 3012 Cons-
1121 2958 1184 3016 356.
1199 2957 1228 3016 4.
1247 2955 1397 3031 [cccxxxiv]
1425 2954 1533 3028 (lirun.)
1550 2952 1718 3012 Plueidas¹⁴¹
1736 2957 1762 3009 et
1775 2951 1907 3011 nouolec
2006 2991 2007 2994 ,

222 3044 299 3096 mute
322 3039 454 3098 iratribus
477 3041 535 3098 suis
557 3042 674 3114 adeptus
688 3050 730 3099 est
744 3044 900 3115 imperium,
916 3045 991 3117 quod
1009 3045 1045 3100 27
1086 3049 1198 3107 iudeus
1214 3048 1245 3105 lu
1259 3047 1338 3119 syria
1352 3043 1421 3103 ooele
1436 3043 1527 3101 clarus
1541 3042 1677 3112 habetur;
1696 3057 1712 3099 a
1730 3055 1787 3115 quo
1807 3039 1910 3099 heresis

224 3127 304 3184 anuis
319 3129 416 3196 tenuit,
431 3129 485 3185 hoc
499 3133 642 3200 estusque
665 3129 694 3186 in
717 3134 1043 3204 mensemiiouembrem,
1054 3111 1220 3196 condiens.

224 3215 255 3271 iu
269 3228 343 3272 anno
361 3215 424 3272 345.
450 3220 514 3287 post
536 3217 703 3289 passionem,
726 3219 771 3276 his
794 3221 963 3292 consulibus,
984 3225 1048 3280 Cas·
1122 3226 1185 3284 357.
1209 3225 1237 3281 5.
1262 3225 1398 3298 [cccxxxv]
1426 3222 1534 3297 (llum)
1565 3222 1688 3278 Leontius
1716 3225 1741 3276 et
1765 3220 1908 3278 Salmous

224 3304 339 3362 siodoro
353 3309 435 3363 teste.
1088 3318 1216 3374 Francia
1236 3315 1385 3373 Constante
1408 3317 1473 3370 sunt
1494 3309 1652 3383 perdomiti,
1672 3314 1701 3366 et
1723 3323 1777 3380 pax
1797 3324 1860 3366 cum
1874 3309 1911 3365 eis

260 3391 324 3449 353.
352 3395 377 3448 1.
408 3394 540 3467 [cccrum]
563 3395 660 3469 (ilium)
687 3397 839 3470 acyndinus
862 3403 888 3456 et
909 3399 1046 3459 Proculus.
1088 3404 1170 3464 lacta.
1185 3406 1372 3476 Hermogenes
1394 3401 1525 3472 magister
1548 3398 1653 3455 militiae
1671 3395 1910 3467 constantinopoli

224 3483 357 3542 Ablabius
371 3484 510 3557 prefectus
522 3487 648 3557 pretorio
659 3493 687 3544 ct
700 3487 779 3545 multi
792 3489 926 3546 nobilium
936 3491 1046 3548 occissi.
1089 3500 1193 3552 tractus
1211 3509 1227 3551 a
1244 3492 1359 3566 populo,
1375 3491 1411 3548 oh
1426 3490 1588 3562 episcopum
1602 3487 1727 3556 Paulum,
1742 3501 1827 3559 quern
1842 3487 1911 3557 regis

225 3575 314 3646 Sapor
330 3589 379 3632 rex
402 3578 559 3645 Persarum,
581 3579 779 3650 llesopotomia
802 3587 915 3651 vastata,
940 3582 1049 3641 duobus
1089 3584 1206 3655 imperio
1221 3589 1249 3640 et
1262 3583 1440 3640 Arrianorum
1461 3577 1581 3636 factione
1605 3576 1737 3648 pellebat.
1760 3575 1911 3634 Antiochia

225 3661 311 3721 terme
335 3665 476 3723 mensibus
497 3666 605 3724 Nisibin
629 3667 748 3726 obsedit.
772 3669 922 3728 Dalmatius
945 3686 1048 3742 cessar,
1090 3673 1257 3731 dominicum
1271 3675 1389 3729 Aureum
1405 3655 1559 3726 dedicatur.

226 3765 308 3824 quern
337 3757 452 3823 patruus
479 3754 676 3812 Constantinus
704 3762 861 3816 consortem
890 3761 968 3831 regui
996 3761 1050 3817 tilis
1225 3761 1298 3834 [Cod.
1314 3759 1341 3816 iu
1355 3773 1462 3828 morp:
1477 3757 1569 3814 Ciclus
1583 3755 1651 3815 solis
1664 3754 1785 3826 incipit]

227 3839 423 3911 dereliquerat,
439 3841 559 3900 factione
574 3845 728 3902 Constantii
742 3847 874 3916 patruelis
889 3856 918 3905 et
932 3849 1050 3908 tumultu
1127 3851 1189 3907 358.
1214 3850 1241 3907 6.
1270 3846 1421 3920 [cccxxxvi]
1452 3844 1553 3918 (lirun.)
1577 3845 1745 3902 constantius
1763 3843 1784 3897 4
1807 3848 1833 3899 et
1854 3845 1913 3902 Cor·

228 3927 339 3984 militari
372 3930 549 3987 interimitur.
578 3933 698 3990 lacobus
729 3933 876 4020 Nisibepus
904 3938 1052 4010 episcopus
1091 3947 1164 4000 olaus
1178 3940 1206 3997 3.
1222 3939 1399 3997 hlacedouius
1413 3937 1481 3992 artis
1501 3934 1626 4006 plurimae
1641 3934 1670 3990 iu
1685 3932 1776 3990 locum
1791 3932 1869 3989 Pauli
1882 3933 1912 3989 ah
2006 3981 2007 3994 .

227 4017 405 4086 agnoscitnr;
429 4016 464 4073 ad
489 4018 568 4089 cujus
591 4033 689 4090 preces
712 4035 778 4092 sepe
802 4023 869 4080 urbs
891 4025 1050 4084 discrimine
1090 4031 1214 4090 Arrianis
1228 4029 1376 4100 episcopus
1389 4025 1570 4096 subrogatur,
1590 4035 1677 4093 aquo
1692 4021 1816 4079 heressis
1830 4023 1913 4079 llaee
2006 4059 2007 4086 ,

228 4102 345 4161 liberata
360 4109 412 4162 est.
515 4139 517 4142 ·
1057 4136 1060 4144 ·
1092 4121 1222 4178 doniana.
1237 4117 1338 4174 Paulus
1352 4115 1515 4173 crudelitate
1530 4110 1689 4185 prefecti¹⁸¹
1711 4110 1832 4182 Philippi
1851 4125 1913 4166 nam
2006 4147 2007 4160 ι

264 4191 327 4250 354.
352 4193 380 4251 2.
408 4194 552 4267 [cccxxxii]
579 4195 687 4271 (Hmu.)
711 4199 884 4257 Marcellinus
910 4207 936 4259 et
960 4206 1052 4264 Proli-
1092 4210 1183 4268 lautor
1196 4207 1349 4266 llacedouii
1369 4205 1488 4276 partium
1502 4205 1562 4261 erat
1581 4230 1616 4244 -
1635 4205 1664 4259 et
1678 4201 1860 4258 Atrianorum
1877 4201 1914 4256 in·

228 4298 290 4340 nes.
316 4283 355 4341 Ex
371 4282 502 4342 hocloco
521 4286 648 4358 impietas
668 4289 787 4358 Arriani,
802 4291 955 4351 Constantii
979 4299 1052 4369 regis
1092 4299 1172 4357 sidiis
1185 4295 1382 4369 strangulatur.

229 4369 296 4428 iulia
320 4372 455 4444 presidio,
478 4374 578 4442 exiliis,
602 4377 761 4434 carceribus
779 4383 807 4436 et
824 4380 907 4438 variis
926 4381 1052 4443 afflictio·
1128 4389 1191 4444 359.
1216 4387 1243 4444 7.
1271 4383 1431 4458 [cccxxxvii]
1460 4380 1566 4456 (diue.)
1590 4380 1730 4438 Amantius
1748 4383 1773 4435 st
1796 4378 1913 4436 Album.

229 4474 295 4516 num
319 4461 420 4519 modiis
429 4461 462 4494 ²⁸⁹
480 4465 599 4535 primum
622 4465 809 4536 Athanasium,
835 4468 937 4528 deiude
955 4450 1254 4537 omnelelaximinus
1269 4475 1416 4546 episcopus
1430 4472 1605 4529 triverorum
1621 4469 1713 4527 clarus
1724 4469 1913 4538 hahetur*;a

230 4562 287 4608 non
302 4565 360 4608 suae
383 4553 469 4623 partis
492 4554 640 4624 episcopos
663 4563 808 4628 persecuta
822 4563 874 4616 est.
901 4561 1051 4637 [Juliusque
1092 4581 1146 4640 quo
1157 4565 1321 4623 Athanasius
1335 4561 1508 4620 Alexandriae
1519 4559 1677 4630 episcopus,
1689 4559 1914 4616 cumaconstan

230 4653 301 4711 papa
321 4639 416 4697 initio
430 4641 513 4698 exilio
528 4656 637 4700 menses
651 4644 767 4716 decem;
791 4647 840 4704 sed
859 4658 1052 4720 postmortem
1092 4657 1132 4713 tio
1154 4660 1317 4727 quereretur
1331 4651 1366 4708 ad
1389 4663 1498 4722 penam,
1514 4646 1667 4705 honorilice
1688 4654 1838 4718 susceptus
1860 4653 1915 4702 est·

230 4728 384 4787 Constantii
408 4729 443 4788 ad
469 4730 563 4789 sedem
591 4746 653 4790 cum
680 4733 769 4806 gloria
796 4738 964 4812 revestitum.
994 4741 1052 4813 (tit.
1092 4748 1180 4817 sapor
1206 4745 1350 4800 Persarum
1379 4753 1427 4796 rex
1453 4737 1621 4795 christianos
1648 4735 1838 4806 persequitur.
1866 4736 1915 4790 h'e·
2006 4725 2007 4738 ¹

227 4821 314 4890 110116)
641 4859 644 4866 =
1094 4829 1255 4892 cessaria¹⁸⁸
1282 4830 1310 4886 in
1338 4829 1427 4885 Ponto
1451 4825 1592 4893 subversa,
1615 4827 1730 4894 excepta
1757 4823 1866 4881 aeclesia
1888 4827 1916 4877 et

265 4895 329 4966 355.
345 4909 373 4966 3.
400 4909 552 4983 [cccxxxiii]
581 4913 684 4986 (Ηιιι.)
708 4916 875 4974 contortius
892 4917 911 4974 3
929 4925 954 4977 et
973 4923 1054 4980 coro·
1095 4923 1227 4995 episcopo
1242 4918 1398 4989 ceterisque
1413 4914 1462 4988 qui
1476 4913 1579 4972 ibidem
1593 4912 1696 4985 reperti
1710 4916 1786 4970 suut.

914 5094 1028 5155 VthlE
1046 5097 1241 5157 theutones

266 5251 298 5284 ¹⁸²
313 5251 369 5311 olto
382 5269 470 5326 amru,
486 5257 578 5314 mrtem
596 5273 654 5342 qam
666 5260 885 5320 eminentiorem
900 5281 927 5322 a.
946 5265 1014 5323 1126
1031 5297 1064 5309 -
1084 5267 1162 5324 1188.
1177 5266 1293 5370 scripsit,
1309 5265 1436 5322 adduam
1452 5259 1629 5320 hieronimus
1643 5260 1684 5316 sic
1697 5258 1778 5316 dicit.
1816 5257 1920 5315 ¹⁸⁸0bit

231 5351 268 5363 -
281 5325 442 5407 consulibus
459 5332 520 5401 post
538 5337 655 5387 moritur
675 5333 784 5405 scripte,
798 5339 893 5408 posteo
929 5338 978 5395 leuc
994 5344 1055 5396 sant
1072 5338 1167 5397 reluta.
1205 5337 1225 5370 ¹⁸

234 5401 364 5466 sequestre
383 5400 446 5454 oona·
458 5405 483 5456 et
496 5404 524 5456 ut
538 5401 725 5459 videturetiom
738 5409 801 5462 noto
814 5406 925 5466 iudeus
937 5411 1106 5467 -hudiena
1119 5413 1219 5482 scripto
1233 5415 1318 5482 oraret,
1333 5409 1380 5465 sed
1394 5421 1472 5463 eroso
1490 5410 1515 5462 et
1528 5403 1644 5462 soeuudo
1662 5417 1742 5458 amau
1758 5401 1788 5458 r'u
1801 5400 1919 5482 moise

234 5479 266 5546 aa
288 5465 354 5550 Ι1316
361 5477 431 5526 suut.
442 5473 486 5554 lto
501 5487 561 5528 vero
575 5487 633 5544 que
645 5481 787 5602 {educatam
801 5477 862 5533 olim
871 5480 906 5536 od
917 5497 944 5536 e.
955 5481 1189 5584 dbdpertineborrt,
1202 5496 1271 5537 runo
1284 5479 1397 5562 611355.
1434 5476 1464 5511 ”“
1479 5477 1507 5532 io
1520 5474 1644 5546 tulerim
1653 5473 1778 5556 ,1111116116
1793 5474 1852 5556 *Ψ
1860 5487 1919 5528 ⁰⁸⁸⁸

236 5549 263 5590 ur
293 5544 503 5614 cormeumpto
515 5548 576 5599 sunt
588 5559 648 5600 secu
685 5561 811 5614 emaum
827 5549 862 5621 ef.
878 5565 905 5606 o.
916 5549 980 5607 352.
1325 5567 1368 5610 om
1381 5549 1496 5608 eomodo
1509 5561 1588 5604 mone
1605 5549 1704 5617 ,mpla
1718 5549 1772 5612 ⁶³53
1792 5545 1848 5600 Μ·
1863 5557 1917 5599 W·

244 5605 304 5665 lect.
318 5607 509 5684 Pbbmperr'ae,
547 5613 579 5646 ¹⁸⁸
590 5615 707 5687 prefecit
723 5618 748 5675 l.
786 5619 818 5653 ¹⁸⁸
831 5622 850 5676 i.
868 5637 893 5678 e.
913 5623 1103 5682 Neocaesarea.

1250 5340 1270 5394 i.
1286 5354 1310 5396 e.
1326 5337 1426 5396 modis.
1464 5333 1496 5366 ¹⁸⁰
1510 5335 1568 5390 Hoc
1585 5331 1642 5388 loeo
1661 5331 1767 5387 nomios
1785 5329 1917 5386 mnesteus

1029 5552 1050 5584 ⁸²
1063 5553 1148 5624 Hujrts
1162 5553 1225 5611 oum
1237 5557 1324 5624 uolo]
