4106 6178
849 368 1009 426 ClellNd.

533 489 665 548 Laetificat
678 505 759 549 verus
772 505 853 563 quam
869 492 988 550 duminis
1003 492 1122 563 impetus
1138 491 1208 560 ejus.

444 593 461 634 o
533 580 592 636 Rex
603 580 688 652 elegit
703 587 740 647 te,
754 582 853 638 summi
863 582 953 638 Patris
967 581 1048 638 unica
1068 578 1172 650 proles,

527 669 567 724 lix
579 669 664 725 Jacob
676 671 769 739 specie
788 672 867 740 cujus
881 672 953 727 Deus
966 669 1072 726 exstitit
1085 668 1186 725 batres.

441 770 458 808 u
532 757 608 812 llous
621 758 686 814 Sion
701 759 818 826 exsulta,
834 758 987 831 congaude,
1003 758 1058 814 lilia
1072 756 1161 823 luda;

525 845 636 902 iudicio
655 848 755 904 curisti
769 862 854 919 super
865 848 968 906 aetbera
982 853 1085 918 martyr
1099 843 1191 902 abisti.

438 949 455 988 ιι
529 937 559 992 ln
575 939 602 992 te
617 936 727 994 laetetur
740 941 787 994 tua
807 938 895 1008 plebs,
908 938 967 996 ltex
985 937 1101 994 maxime
1120 947 1224 1007 regum,

528 1025 566 1081 ud
583 1032 610 1081 te
624 1027 765 1084 conversis
780 1029 827 1097 qui
843 1029 919 1098 pacis
932 1040 1045 1083 munera
1060 1025 1163 1082 reddis.

529 1114 610 1169 Porta
625 1114 702 1182 Sion,
722 1114 824 1172 dilecta
843 1117 900 1173 lieo
914 1129 998 1186 super
1012 1114 1082 1171 atria
1099 1114 1194 1180 Jacob,

527 1203 599 1258 Voee
611 1203 750 1260 creatoris
764 1204 814 1260 tibi
826 1205 887 1261 laus
900 1202 1043 1262 confertur
1055 1203 1167 1260 amoris.

526 1291 671 1347 Permanet
682 1297 746 1348 ante
765 1294 849 1350 Deum
864 1292 1002 1351 consessio
1022 1291 1150 1362 martyris
1163 1291 1233 1360 ejus,

525 1382 613 1450 utque
632 1380 718 1438 decor
733 1380 825 1438 clarus
835 1381 909 1439 nulla
924 1381 972 1454 qui
991 1381 1052 1438 labe
1066 1386 1187 1437 notatur.

450 1507 451 1510 ,
524 1470 582 1525 Lux
596 1469 679 1526 bodie
691 1471 774 1541 justis
788 1477 815 1527 et
831 1471 915 1527 rectis
928 1469 1013 1527 corde
1028 1468 1145 1536 refulsit,

523 1559 553 1613 ln
568 1571 622 1627 pua
637 1573 688 1629 pro
702 1560 816 1615 summis
830 1559 935 1627 letare,
950 1559 1061 1627 Sabina,
1076 1556 1232 1628 triumphis.

525 1647 645 1703 Vocibus
663 1653 692 1704 et
708 1648 820 1718 psalmis
834 1648 975 1719 sapienter
988 1647 1108 1719 psallite,
1123 1646 1222 1714 sancti,

520 1737 595 1804 Quos
608 1737 740 1794 Dominus
754 1738 817 1795 vitae
831 1738 948 1795 comites
961 1736 1026 1794 lacit
1041 1750 1101 1793 esse
1115 1735 1234 1792 Sabine.

521 1825 651 1882 induerat
667 1834 694 1883 te
712 1829 772 1884 Rex
785 1829 893 1884 cinctus
910 1827 1010 1883 virtute
1029 1826 1177 1883 decorem:

519 1913 637 1970 lustitia
653 1916 751 1984 pennis
766 1929 818 1973 nos
831 1914 926 1982 indue,
943 1913 1058 1971 maxima
1072 1919 1184 1984 martyr.

521 2002 584 2058 litte
599 2004 654 2060 [teo
666 2003 766 2073 jubilat
782 2003 845 2061 laeto
857 2004 914 2074 lam
929 2002 1014 2059 corde
1029 2002 1140 2068 Sabina,

524 2089 588 2160 Ejus
600 2090 628 2146 in
647 2097 761 2162 aspectu
776 2090 1011 2162 quaesieramus
1026 2096 1157 2148 meretur.

521 2180 591 2235 llnte
608 2181 693 2238 ileum
707 2180 802 2251 vigilat
815 2178 881 2237 felix
895 2179 929 2236 de
944 2179 1006 2236 luce
1020 2179 1130 2244 Sabina,

518 2270 548 2324 ln
560 2276 616 2338 quo
635 2282 716 2339 quam
729 2268 843 2325 nimium
857 2282 935 2325 mens
946 2271 1041 2324 sancta
1052 2267 1176 2324 sitiverat
1187 2266 1265 2335 ejus!
1341 2293 1345 2302 ι

518 2358 623 2424 Quanta
638 2358 726 2413 tribus
740 2357 833 2427 pueris
846 2358 925 2426 ignes
940 2357 1061 2413 tribuere
1076 2353 1187 2421 camini,

519 2446 604 2501 lanta
619 2445 669 2501 tibi
688 2445 782 2502 miseri
796 2451 932 2503 tormenta
946 2445 1049 2502 dedere
1064 2443 1182 2516 tyranni.

518 2535 619 2602 Gloria,
636 2536 700 2603 vita,
714 2535 800 2593 decus
813 2535 917 2592 sanctis
931 2541 973 2592 est
987 2535 1115 2592 omnibus
1129 2535 1199 2604 ejus,

518 2625 585 2681 Cum
604 2623 706 2694 quibus
717 2637 748 2680 es
761 2638 872 2695 semper
883 2624 966 2681 vitam
985 2624 1082 2680 sortita
1095 2635 1255 2694 perennem.

429 2712 506 2784 pbr.
522 2715 592 2771 Ecce
607 2718 683 2771 tuum
696 2715 784 2770 roseis
798 2713 976 2785 superaddita
989 2713 1046 2770 lilia
1060 2713 1142 2770 sertis

518 2804 659 2861 Exorvrant
673 2803 781 2860 illustre
795 2809 896 2875 caput:
913 2804 996 2861 timor
1009 2809 1052 2859 est
1066 2802 1116 2858 tibi
1131 2801 1232 2858 nullus.

516 2892 616 2948 llostill
631 2891 739 2962 direpta
752 2905 843 2960 manu,
860 2905 912 2949 nos
929 2904 1013 2948 cerne
1027 2904 1172 2962 precamur

516 2983 630 3051 Semper
644 2987 672 3038 et
686 2996 702 3036 a
720 2981 824 3038 nostris
839 2986 914 3038 tutos
927 2978 986 3038 lore
1000 2979 1043 3036 lac
1057 2979 1187 3037 inimicis.

428 3085 451 3140 u
517 3073 586 3126 Ante
598 3070 646 3127 liei
660 3069 757 3127 faciem
770 3084 845 3126 mors
858 3078 901 3126 est
913 3069 1034 3141 pretiosa
1049 3069 1168 3135 Sabinae,

513 3160 589 3226 Quae,
609 3159 731 3216 moriens
750 3157 862 3226 mundo,
883 3157 947 3214 vlvlt
965 3171 1049 3229 super
1067 3157 1171 3214 aetbera
1188 3156 1297 3214 cbristo

425 3243 447 3314 ιι
511 3247 635 3319 Martyris
650 3254 693 3304 est
706 3247 789 3304 bodie
804 3245 922 3304 testum:
939 3246 1067 3317 gaudete,
1079 3245 1184 3303 tideles.

424 3351 447 3406 ιι
509 3337 598 3393 liente
612 3338 680 3393 satis
690 3336 783 3394 stabili
799 3337 898 3394 tulerat
913 3342 1049 3393 tormenta
1063 3335 1184 3406 tyranni,

512 3426 547 3480 Ut
562 3426 676 3495 patriam
688 3425 751 3482 vitae
766 3431 861 3495 posset
875 3425 996 3482 coelestis
1009 3425 1097 3480 adire.

421 3511 443 3582 ιι
510 3513 604 3570 liebus
617 3516 708 3584 opima
723 3515 804 3571 nimis
818 3527 881 3571 cum
895 3513 998 3571 mundo
1012 3519 1111 3570 cuneta
1130 3511 1252 3582 reliquit.

421 3618 445 3673 ιι
512 3603 627 3660 Laetitiae
638 3616 770 3660 summam
785 3617 836 3674 per
848 3603 990 3673 sanguinis
1004 3602 1109 3672 excipis
1123 3599 1222 3657 undam
1236 3620 1243 3655 :

510 3692 673 3763 llartyribus
687 3705 797 3763 semper
809 3690 861 3749 luit
874 3691 935 3748 baec
949 3691 1069 3748 obnoxia
1083 3703 1199 3747 meroes.

422 3779 445 3849 ιι
512 3781 616 3838 Gaudia
630 3781 713 3854 digna
726 3783 783 3838 lieo
798 3785 874 3837 tanto
893 3779 1030 3838 cumulata
1045 3778 1182 3850 trophaeo.

421 3886 446 3940 ιι
512 3871 597 3938 Quam
616 3871 671 3941 pia,
686 3885 767 3943 qnam
782 3869 857 3937 felix,
879 3883 959 3941 quam
974 3874 1069 3926 sancta
1083 3869 1183 3925 Sabina
1196 3866 1300 3924 videris

510 3961 558 4016 list
572 3959 622 4016 tibi
638 3973 800 4018 concessum
814 3959 950 4017 scelerum
964 3959 1114 4028 dissolvere
1133 3970 1243 4014 nexum.

421 4045 444 4115 ιι
510 4049 644 4106 Omnibus
657 4063 722 4107 ecce
741 4047 831 4105 modis
849 4053 876 4104 to
894 4048 1045 4120 poscimus,
1060 4061 1150 4104 annue
1165 4046 1256 4102 nobis.

420 4153 444 4206 ιι
511 4137 629 4194 Pulcbra
647 4139 698 4195 tibi
713 4139 838 4209 species:
856 4145 885 4194 ut
900 4137 973 4210 regis
989 4151 1120 4209 purpura,
1136 4136 1246 4203 crines;

509 4227 623 4283 Lumina
637 4226 802 4299 prefulgent
816 4233 846 4284 ut
859 4226 944 4284 tontis
958 4228 1112 4285 llesebonis
1126 4225 1207 4282 undae

341 4303 347 4312 '
418 4313 441 4383 ιι
508 4316 612 4372 Emicat
627 4329 660 4372 ex
672 4316 745 4372 ulnis
759 4315 859 4373 collum
873 4317 948 4373 vetut
965 4317 1038 4372 invia
1052 4315 1146 4373 turris.

417 4418 443 4477 ιι
508 4405 601 4461 Dulcis
613 4407 701 4462 amica
714 4406 774 4473 liei,
787 4407 843 4463 luci
853 4405 953 4464 collata
965 4405 1031 4472 diei,

507 4494 576 4549 iloto
591 4493 629 4563 pli
644 4493 727 4564 llepls
741 4493 888 4550 thalamum
902 4493 1059 4550 conscende
1077 4492 1188 4563 quietis.

418 4580 441 4650 ιι
507 4582 595 4638 Nocte
613 4582 666 4638 sibi
681 4581 770 4638 media
784 4595 845 4638 cnm
859 4582 964 4640 venerit
979 4581 1060 4638 obvia
1073 4581 1163 4649 turba,

419 4687 442 4742 u
508 4670 603 4727 Vincla
616 4671 672 4726 tuis
685 4671 815 4740 precibus
829 4672 917 4728 nostri
931 4670 1051 4728 dissolve
1065 4677 1168 4737 reatus,

506 4761 546 4816 lle
561 4773 611 4816 nos
626 4773 677 4830 pro
694 4759 774 4831 culpa
786 4759 883 4831 perdat
897 4760 942 4817 lex
955 4760 1061 4818 iudicis
1074 4759 1140 4816 ulla.

418 4848 441 4917 ιι
505 4850 532 4905 Si
548 4849 653 4919 poteris
663 4848 780 4917 veniam,
795 4850 900 4919 poteris
914 4850 985 4906 bene
999 4863 1114 4920 poscere
1129 4863 1232 4906 curam

418 4955 442 5008 ιι
507 4937 644 4995 iudicium
662 4952 756 4996 verum
771 4938 919 5010 trepidanti
938 4937 1022 4996 corde
1035 4939 1171 5006 timemus,

505 5027 619 5095 Quando
634 5029 705 5084 Deus
719 5032 813 5085 sontes
827 5033 855 5084 et
865 5030 956 5099 iustos
967 5027 1073 5099 iudicat
1087 5041 1192 5084 omnes.

418 5115 439 5184 ιι
507 5117 598 5173 bostri
613 5116 655 5174 lac
675 5117 803 5187 petimus,
817 5131 953 5174 memores
966 5117 995 5173 iu
1014 5117 1067 5174 line
1080 5118 1198 5174 dierum.

418 5221 441 5276 ιι
507 5205 668 5261 Pectoribus
683 5206 786 5263 nostris
800 5219 876 5276 spem
891 5205 974 5274 dona,
990 5206 1125 5263 Conditor
1142 5207 1228 5274 orbis,

505 5295 619 5363 Semper
632 5299 660 5350 et
673 5294 744 5351 adde
763 5293 845 5350 lldem
858 5295 964 5351 meritis
978 5295 1162 5366 precibusque
1176 5296 1293 5353 Sabine.

417 5381 439 5451 ιι
505 5383 585 5440 Adsit
598 5397 676 5442 amor
690 5398 770 5441 verus
780 5385 866 5440 veteri
882 5385 930 5456 qui
944 5385 1005 5456 lege
1017 5386 1141 5456 jubetur.

327 5473 371 5528 Ad
389 5485 460 5544 oeep.
476 5487 503 5528 o.
539 5473 589 5540 Qui
604 5472 799 5542 splendoribus
813 5473 841 5529 in
856 5481 1024 5542 sanctorum,
1041 5476 1148 5532 christe
1164 5473 1284 5546 relulges

506 5559 615 5617 Sabine
630 5562 770 5631 precibus,
786 5562 874 5618 nostri
889 5562 1029 5633 miserere,
1046 5577 1183 5635 rogamus.

417 5665 434 5706 o
505 5649 601 5708 Omnia
618 5647 709 5708 lecisti
723 5650 849 5708 mandata
861 5649 953 5708 tidelia
970 5651 1091 5720 cbristi;
