4108 6164
149 325 196 383 317
613 324 719 383 ousta
736 323 945 382 ascutullsc.
965 323 1147 383 llllnlontll.
1166 355 1203 368 -
1221 325 1284 386 LlB.
1305 328 1350 384 111.
1769 329 1824 390 318

148 446 429 510 excommunicationis
460 448 568 507 litteras
603 447 703 506 dmulit
734 448 958 520 archiepiscopo.
969 449 1128 512 Accusatio
1151 451 1218 509 satis
1232 451 1378 524 provident
1391 453 1426 511 de
1441 467 1509 512 nece
1523 454 1627 512 arialdi
1641 457 1731 516 loedus
1749 471 1824 516 corn-

147 538 217 608 Quod
230 537 356 610 pluribus
367 536 400 570 ¹⁰⁰
413 537 518 609 prande
540 537 628 595 uisurn
652 541 694 594 est
716 537 836 595 ciuitatis
860 537 964 610 obpro-
1002 553 1116 611 ponere.
1133 541 1237 600 belode
1252 542 1325 600 inter
1338 543 1441 600 clerum
1459 544 1617 615 judicantes
1633 551 1662 602 et
1677 548 1820 618 populum,

147 629 237 686 briam.
253 627 331 684 Unde
350 625 451 684 iactum
466 633 518 696 ost,
534 633 565 685 ut
578 628 608 684 in
626 626 672 684 dio
695 631 792 684 sancto
813 629 961 698 pentacos·
1002 628 1121 703 eleganti
1140 633 1246 703 scripto
1261 632 1434 690 constituunt
1448 633 1515 704 qnid
1530 633 1589 691 deri
1603 633 1704 692 debeat
1717 637 1745 692 in
1761 649 1826 707 pos·

146 723 188 775 ten
214 715 368 788 procedens
395 717 511 773 antistes
538 716 573 773 ad
597 716 737 788 pubiicum
761 714 963 772 conscenderet
1003 723 1090 776 terum
1112 718 1276 791 (131)(11).
1302 719 1341 793 l).
1371 722 1427 778 Neo
1445 727 1536 779 tamen
1558 723 1762 782 hiscontentus
1778 725 1826 781 11-

145 805 262 864 ecclesiae
280 804 427 876 pulpitum,
438 809 595 875 qumsturus
609 805 684 876 quod
694 804 834 862 acciderat
850 805 961 861 incon·
1002 806 1157 865 lembaldns
1170 810 1284 866 Romam
1298 823 1427 883 pergens,
1443 811 1542 868 iterum
1562 825 1661 870 notum
1680 813 1743 870 iniit
1762 826 1824 870 cum

145 894 249 953 modum
261 895 330 964 (luo.
346 891 384 966 1).
400 894 522 964 Cumque
536 899 622 951 staret
631 909 667 951 ex
675 894 791 952 adverso
807 892 960 951 erlembal·
1002 896 1133 953 llomanis
1152 897 1325 956 conscilium.
1340 900 1426 956 vetus
1444 900 1546 973 quippe
1560 900 1613 959 luit
1632 901 1721 958 ltalicl
1744 899 1823 974 regni

145 981 761 1054 11111111111161,1111111111111111111,11ι
774 981 961 1040 vehemensin
1003 983 1144 1041 condictio
1174 999 1353 1055 perseuerans
1374 991 1462 1058 usdue
1485 989 1514 1045 in
1539 989 1714 1059 hodiernum,
1734 997 1766 1047 ut
1780 991 1829 1048 de·

145 1072 221 1144 plebe
236 1072 380 1141 tumultus,
395 1072 513 1131 dirersis
526 1073 634 1130 diuersa
649 1073 841 1131 clamantibus.
861 1071 901 1130 lid
917 1071 963 1129 11-
1003 1071 1105 1130 iunctis
1119 1073 1297 1131 ecclesiarum
1309 1077 1485 1146 presulibus,
1496 1091 1546 1135 rex
1560 1079 1704 1150 provideat
1717 1094 1827 1137 succes·

145 1163 236 1220 timum
259 1160 341 1219 iactis
358 1161 389 1194 ¹⁰¹
405 1162 434 1218 in
449 1161 541 1220 medio
559 1162 686 1220 ecclesiae
701 1163 826 1234 partibus
840 1162 882 1230 ¹⁰¹,
903 1161 962 1218 cla·
1003 1161 1241 1220 soresltallous¹⁰⁸
1261 1164 1362 1222 aclero
1373 1166 1824 1240 etpopulodeclbiliterinuitatus.

145 1263 218 1308 moso
242 1251 348 1323 impetu
367 1250 488 1308 uicissim
510 1251 539 1308 in
558 1265 619 1308 sese
638 1255 819 1324 consurgunt,
846 1263 963 1321 cumque
1004 1253 1063 1309 lloo
1076 1252 1191 1308 Romani
1206 1253 1371 1310 canonicum
1391 1267 1452 1311 esse
1476 1263 1587 1328 negant,
1610 1259 1658 1315 sed
1682 1258 1829 1314 instantius

144 1355 192 1412 per
207 1339 317 1396 diversa
332 1339 532 1412 'confligerent
557 1340 689 1400 remansit
704 1353 783 1411 paene
797 1338 874 1398 solus
888 1339 963 1395 anti-
1004 1339 1269 1398 archidiaconusille
1279 1339 1493 1412 llitdepraodus,
1507 1343 1828 1415 quicunabolitoeetcri

142 1435 206 1485 stes.
225 1431 312 1497 Quem
327 1442 391 1499 pars
407 1428 572 1502 aggrediens
589 1428 711 1496 inimica,
728 1427 847 1486 insonus
861 1428 964 1486 crude·
1005 1421 1105 1487 noium
1124 1435 1273 1502 temptaret
1292 1430 1425 1488 inducere
1449 1433 1641 1502 constitutum,
1658 1436 1746 1506 palam
1757 1435 1829 1492 iate·

143 1517 204 1574 liter
217 1531 321 1574 111111
340 1523 368 1575 11
384 1518 462 1589 quasi
481 1518 640 1576 semivivum
655 1517 786 1590 reliquit;
802 1517 904 1575 deindo
918 1517 966 1589 lp-
1005 1518 1096 1586 batur,
1107 1518 1180 1576 baud
1195 1531 1277 1576 secus
1290 1518 1381 1576 sedari
1392 1519 1425 1552 ¹⁰¹
1439 1533 1520 1592 posse
1531 1521 1735 1581 llediolenense
1748 1524 1831 1581 disci·

142 1619 197 1664 sem
215 1605 352 1664 invadens
375 1607 511 1678 episcopii
533 1606 623 1663 aulam
647 1607 769 1678 pretiosa
783 1620 902 1678 qumque
917 1605 966 1662 de·
1006 1607 1081 1665 dium
1096 1621 1177 1679 quam
1201 1608 1363 1666 canonicum
1378 1608 1506 1666 babendo
1522 1617 1671 1682 pastorem,
1692 1612 1725 1668 ad
1747 1627 1829 1683 queem

142 1694 238 1766 oerpit.
260 1697 292 1752 lu
315 1696 464 1752 crastinum
490 1695 560 1768 (111.
585 1693 614 1768 5)
636 1696 693 1752 visa
708 1700 784 1752 tanta
802 1693 965 1753 crudelitate
1005 1695 1162 1768 eligendum
1177 1696 1362 1753 necessarium
1383 1696 1494 1754 dicebat
1513 1699 1664 1755 liomanum
1680 1696 1739 1756 iore
1758 1713 1829 1756 con·

142 1783 215 1841 cives
233 1784 402 1842 horrescunt
422 1789 514 1842 mente
537 1783 656 1842 confusi.
680 1784 868 1842 communiter
883 1781 1130 1856 rpeursssmsun.
1161 1785 1210 1841 llis
1237 1785 1389 1843 instructus
1417 1786 1617 1844 assertionibus
1640 1786 1831 1843 arlembaldus

142 1877 278 1942 statuunt,
293 1879 340 1930 aut
357 1879 463 1931 tuntum
478 1873 576 1945 punire
590 1872 707 1942 lacinus,
722 1879 769 1930 aut
786 1874 877 1931 uiuere
892 1871 967 1930 nolle
1008 1871 1190 1929 llediolanum
1203 1871 1325 1940 rediens,
1342 1872 1418 1944 quod
1440 1874 1567 1931 condierat
1586 1872 1750 1930 festinanter
1769 1881 1833 1930 exe·-

142 1961 261 2031 amplius
286 1961 373 2032 (131).
390 1961 468 2019 Unde
482 1960 582 2019 iactum
598 1968 650 2029 est,
666 1969 697 2020 ut
716 1959 824 2034 fugiens
840 1961 969 2018 arialdus
1009 1960 1111 2030 quitur.
1128 1961 1207 2018 Prius
1216 1973 1282 2034 ergo
1297 1967 1406 2020 secreto
1422 1976 1525 2033 paucos
1535 1961 1665 2022 conuenit
1679 1977 1713 2019 ex
1723 1960 1831 2018 amicis.

142 2048 177 2104 ab
187 2049 259 2106 urbe
271 2049 370 2107 diebus
380 2049 478 2108 lateret
489 2049 605 2122 aliquot.
622 2053 745 2122 Cumque
759 2049 970 2109 1111111111-
1008 2049 1145 2120 liquibus
1168 2063 1230 2107 cum
1245 2049 1368 2123 exigeret
1390 2052 1568 2122 sponsionem
1583 2051 1691 2108 celandi
1715 2051 1834 2118 credita,

142 2143 184 2192 ret
201 2151 254 2207 per
268 2137 398 2208 latebras,
417 2137 486 2198 solie
501 2139 632 2211 grediens
645 2138 785 2208 noctibus,
811 2137 968 2209 proditusa
1009 2141 1089 2192 caute
1112 2135 1260 2194 subintulit
1279 2137 1438 2208 juramento
1465 2151 1575 2194 oausam
1599 2137 1684 2195 iuturi
1713 2137 1834 2228 eligendi

141 2227 336 2284 comeantibus
344 2226 444 2284 incidit
458 2229 486 2284 in
501 2240 598 2284 manns
616 2227 968 2300 quaerentium¹⁰⁸animam
1010 2225 1129 2298 pastoris
1149 2231 1212 2296 post
1234 2226 1386 2284 discessum
1401 2227 1556 2298 praesentis.
1574 2227 1677 2284 belnde
1693 2226 1739 2284 die
1763 2239 1834 2284 noc-

140 2316 212 2384 ejus.
233 2316 320 2384 Quem
334 2322 463 2373 tenentes
476 2325 505 2373 et
522 2322 605 2374 nocte
620 2321 677 2373 tota
691 2316 739 2374 illa
752 2329 847 2374 secum
861 2316 968 2374 ducen·
1009 2319 1096 2385 tuque
1110 2313 1248 2382 laborans,
1265 2314 1352 2372 laicos
1365 2328 1491 2385 quosque
1505 2320 1533 2372 et
1553 2314 1671 2373 clericos
1684 2314 1773 2372 eidem
1790 2315 1835 2385 (1-

140 2407 194 2471 tes,
211 2401 289 2461 iacto
299 2418 391 2470 mane,
406 2405 531 2475 praecisis
544 2405 657 2462 auribus
671 2411 701 2462 et
713 2407 741 2462 in
764 2411 862 2478 guture
877 2406 970 2478 lingua
1010 2407 1134 2461 ramento
1158 2403 1251 2460 reddit
1276 2403 1421 2462 obnoxios.
1446 2404 1557 2461 interim
1581 2409 1673 2460 tamen
1697 2417 1713 2459 a
1742 2416 1837 2474 perse·

139 2505 204 2549 cunr
231 2493 347 2550 naribus
359 2493 525 2565 geminoque
545 2494 662 2552 sudosso
677 2495 790 2562 lumine,
807 2495 916 2565 penitus
929 2497 971 2552 in·
1010 2493 1122 2564 quendo
1137 2491 1283 2564 presulem
1294 2506 1349 2550 nou
1359 2492 1673 2561 desistebatwldonem,
1687 2492 1834 2563 omnisque
1923 2535 1926 2540 .

137 2581 457 2653 111611111011111).
486 2584 545 2651 011
570 2589 724 2655 perempto,
750 2583 972 2640 611111111111-
1010 2596 1069 2640 sum
1082 2580 1330 2652 consanguinitatis
1339 2579 1444 2640 affines.
1860 2585 1864 2590 '

138 2669 302 2727 lembaldns
328 2669 478 2738 modicum,
503 2684 648 2728 reservans
670 2671 739 2728 iram
763 2670 791 2727 in
820 2676 970 2743 posterum.
1047 2668 1093 2724 22.
1108 2669 1341 2741 archiepiscopus
1354 2675 1444 2727 autern
1462 2683 1524 2727 oum
1544 2675 1586 2728 tot
1600 2671 1729 2742 nequiret
1743 2667 1836 2726 immi·

139 2758 348 2817 Favebatenim
360 2766 426 2817 tnnc
440 2759 906 2831 pontilicipaenecivitasunieersa.
918 2759 972 2818 Sed
1013 2763 1112 2816 nentes
1126 2756 1255 2815 tollerare
1270 2772 1423 2828 pressuras,
1446 2771 1504 2816 aeuo
1515 2761 1571 2830 jam
1591 2763 1714 2816 maturus
1728 2761 1756 2816 et
1771 2758 1837 2815 diu-

140 2862 220 2906 more
246 2860 299 2906 suo
320 2847 441 2919 populns
462 2860 518 2906 non
542 2848 589 2905 diu
604 2853 676 2905 statu
692 2849 844 2919 permansit
862 2849 971 2906 codem.
1014 2853 1098 2905 tttrno
1112 2847 1246 2919 languore
1256 2847 1387 2904 membris
1404 2848 1533 2906 omnibus
1548 2848 1709 2915 dissolutus,
1721 2846 1840 2904 arbitra-

140 2939 203 2995 flox
214 2937 293 2994 enim
303 2945 333 2993 ut
342 2935 444 3008 praesul
459 2937 494 2992 ab
504 2936 573 2994 urbe
582 2936 712 3002 discedit,
721 2937 756 2994 ab
771 2937 972 3008 insequendum
1013 2941 1059 2992 tus
1068 2945 1111 2993 est
1124 2933 1184 2994 iore
1194 2935 1373 3005 conueniens,
1385 2935 1500 3008 utquod
1513 2935 1559 2994 ille
1573 2935 1730 2993 iaciendum
1741 2935 1839 3008 111111-

142 3025 221 3082 illurn
248 3025 400 3095 resumptis
413 3025 518 3083 uiribus
531 3024 708 3096 impatienter
720 3025 910 3084 llrlembaldus
924 3040 974 3084 ac·
1015 3023 1103 3093 derat,
1124 3025 1184 3096 ipse
1198 3037 1311 3096 quoque
1333 3023 1503 3082 destruendo
1517 3023 1698 3096 praevenirem
1728 3023 1837 3081 scilicet

143 3112 231 3182 cedit,
261 3112 400 3170 fautorem
423 3127 552 3171 asserem
570 3114 722 3184 perpetrati
745 3113 852 3187 flagitii.
869 3107 1044 3173 lterumssut
1056 3113 1219 3186 dignitatem
1236 3113 1376 3184 proprian
1399 3113 1480 3170 elteri
1495 3128 1525 3171 se
1546 3115 1654 3171 vivente
1669 3113 1839 3172 concederet

143 3215 211 3274 ergo
227 3201 264 3258 ad
273 3201 620 3272 juramentaconvertitur‚
636 3201 730 3260 inritis
744 3208 836 3260 menen
850 3203 972 3272 ciuibua;
1015 3201 1104 3276 (138).
1120 3200 1258 3260 Paridem
1274 3205 1382 3273 tempus
1400 3199 1490 3259 lueret
1507 3202 1618 3273 quidem
1638 3217 1672 3259 er
1687 3202 1837 3260 ordinariis

144 3297 172 3347 et
185 3292 211 3347 si
231 3303 309 3362 quos
320 3290 440 3348 babebat
452 3297 608 3363 suspectos,
629 3291 720 3349 aerios
740 3293 834 3363 jurare
848 3293 975 3364 compel-
1014 3292 1140 3349 ccclesiee
1154 3291 1341 3348 subdiaconus
1356 3292 1467 3348 nornine
1480 3291 1645 3348 Gotelredns
1658 3291 1691 3326 ¹⁰⁸
1707 3289 1790 3362 (139),
1807 3291 1839 3347 il·

144 3378 184 3435 lit.
202 3382 339 3451 agrestes
352 3380 448 3437 turbes
461 3385 489 3438 et
498 3379 593 3437 ciuiles
604 3380 680 3452 cogit
693 3380 804 3438 assidue
814 3389 929 3451 turmas,
938 3381 974 3440 ad
1014 3381 1094 3438 liusa
1105 3379 1221 3438 secretis
1231 3394 1288 3452 prm
1298 3381 1428 3437 omnibus
1437 3380 1546 3447 unicus,
1562 3381 1609 3451 qul
1620 3393 1654 3437 ex
1664 3393 1720 3450 quo
1733 3379 1839 3440 domini

143 3468 297 3527 Widonem
313 3469 534 3540 persequendum
550 3468 701 3527 antistitem
718 3482 883 3540 omnemque
897 3483 974 3528 suem
1014 3470 1057 3527 sui
1073 3474 1265 3541 penetrauerat
1279 3474 1410 3535 mentem,
1426 3467 1454 3523 in
1469 3481 1499 3522 se
1514 3465 1734 3522 transferendum
1750 3465 1840 3522 omnl-

141 3558 297 3618 delendam
311 3561 482 3631 progeniem.
494 3560 527 3616 Et
536 3557 649 3616 lecisset
660 3559 767 3630 utique,
777 3560 831 3618 uisi
840 3573 975 3632 generosa
1016 3559 1106 3616 modis
1124 3558 1265 3630 satagebat
1279 3556 1424 3614 bonorem.
1441 3557 1554 3612 Secreta
1582 3553 1667 3624 igitur
1685 3553 1756 3610 lacte
1776 3567 1842 3609 con-

141 3661 258 3706 suorum
279 3647 403 3706 bdelium
426 3647 498 3718 (135)
521 3648 671 3706 restitisset
684 3647 803 3706 audatia.
824 3650 903 3719 Saepe
918 3653 976 3706 ete·
1015 3648 1145 3704 ventione
1164 3661 1225 3704 cum
1236 3659 1270 3703 eo
1285 3643 1397 3716 praesul,
1414 3642 1486 3700 datis
1500 3640 1737 3712 communlspactl
1753 3655 1787 3697 ex
1801 3640 1842 3696 al·

141 3736 197 3792 nina
212 3742 412 3796 convenerunt
425 3735 514 3808 parati
524 3736 619 3794 subire
634 3749 685 3807 pro
699 3736 810 3793 seniore
824 3743 973 3794 certamen.
1016 3741 1124 3792 terutro
1139 3733 1328 3801 sacramentis,
1344 3731 1507 3805 dignitatem
1525 3730 1641 3802 deponit
1655 3729 1689 3787 ad
1704 3741 1839 3802 praesens,

142 3825 223 3884 Nulla
244 3827 363 3885 interim
377 3827 490 3898 requies
509 3831 569 3884 erat
586 3825 747 3899 praedonum
767 3827 796 3884 in
810 3825 976 3898 diripiendis
1015 3824 1092 3896 virga
1100 3837 1162 3881 cunr
1172 3822 1255 3880 anulo
1265 3821 1361 3879 caseri
1372 3834 1423 3891 per
1431 3819 1538 3892 legatos
1547 3818 1663 3876 directa.
1675 3815 1840 3877 Goteiredue

141 3915 314 3974 substantiis
327 3915 502 3973 clericorum.
1016 3921 1107 3972 autern
1122 3927 1184 3970 eum
1195 3914 1250 3984 jam
1267 3911 1373 3983 pridem
1388 3910 1483 3968 labore
1495 3909 1581 3968 multo
1595 3907 1649 3966 sibi
1663 3907 1843 3982 11ςί111111-

177 4004 224 4062 21.
250 4004 299 4064 lid
317 4005 392 4076 quod
413 4003 565 4062 sedandum
589 4003 706 4077 litigium
728 4003 845 4077 contigit
858 4004 891 4038 ¹⁰⁸
909 4010 975 4063 tuno
1017 4003 1113 4061 liasset
1126 4001 1264 4069 allectum,
1280 4000 1385 4058 recenti
1400 4005 1490 4057 menen
1515 4004 1596 4072 pacto
1619 3999 1654 4056 ab
1678 3998 1776 4058 eodem
1790 4011 1844 4055 au-

142 4093 284 4164 temporis
293 4093 352 4164 (Αιι.
370 4092 458 4165 1061),
473 4093 660 4165 llapinardum
670 4093 704 4126 ”’
718 4094 881 4166 episcopum
894 4093 975 4151 Silvae
1017 4099 1098 4165 gusto
1112 4091 1237 4165 gaudens
1250 4089 1368 4162 adeptus
1382 4095 1425 4147 est
1444 4089 1631 4162 presulatum.
1650 4091 1843 4148 Verumtamen

145 4182 277 4241 candida
303 4188 331 4240 et
351 4183 483 4241 llinutum
497 4181 665 4242 cardinalem
687 4183 879 4256 presbyterum
902 4181 975 4256 (136)
1014 4185 1093 4254 Juxta
1107 4181 1254 4253 scriptura
1268 4181 1412 4237 ueritatem
1426 4180 1528 4236 mixtus
1542 4185 1585 4236 est
1598 4176 1696 4236 dolore
1717 4178 1799 4244 maus,
1816 4180 1844 4232 et

143 4269 293 4329 Romanos
311 4271 417 4346 legatos
430 4271 538 4330 uenisse
557 4271 813 4342 Mediolanensem
826 4273 892 4330 dum
906 4285 977 4343 apo-
1018 4276 1141 4329 extrema
1156 4269 1405 4342 panditoccuparlt
1422 4267 1513 4324 luctus
1529 4265 1618 4338 (Pecu.
1638 4281 1696 4334 xcv,
1714 4266 1772 4339 13).
1793 4267 1845 4322 111-

143 4359 246 4419 atolico
287 4367 429 4433 precepto
461 4374 557 4434 pacem
595 4361 813 4434 evangelizarent
836 4360 975 4430 omnibus,
1020 4359 1154 4434 probatus
1168 4359 1241 4417 enim
1258 4372 1274 4415 a
1289 4357 1406 4424 ciuibus,
1421 4354 1506 4412 nullis
1525 4355 1553 4411 in
1568 4353 1637 4410 locis
1651 4353 1786 4426 episcopii
1800 4351 1844 4408 rel

827 4515 951 4571 vamum
969 4513 1161 4572 1601101118.

179 4666 213 4698 ”’
227 4665 310 4738 quod
325 4679 341 4722 a
359 4666 397 4738 pl.
414 4667 443 4724 B.
496 4667 526 4700 ’⁰¹
546 4663 1076 4738 11111311.32111111111142.
1132 4664 1165 4696 ²⁰⁸
1187 4663 1227 4720 iic
1245 4665 1265 4718 B
1287 4661 1311 4716 l.
1332 4661 1374 4718 2*.
1399 4661 1487 4717 loric.
1508 4658 1579 4715 deest
1607 4658 1632 4711 l.
1652 4656 1683 4712 3·
1704 4655 1745 4710 5’.
1767 4658 1842 4714 lior.

145 4735 342 4880 :fficeicsull
351 4739 375 4795 l.
389 4737 646 4868 mtegffltipglug
660 4736 1061 4882 ssbteglstrfflsblbkgotehcogffi
1073 4751 1101 4864 ζ
1117 4733 1195 4863 Ξέἓέι
1236 4732 1268 4768 ¹⁰⁸
1288 4733 1463 4791 blainarelum
1491 4731 1512 4787 lt
1543 4730 1567 4784 l.
1589 4726 1757 4786 llainardum
1782 4729 1848 4785 112.

940 4961 1048 5018 NOTAE.

183 5109 263 5183 (134)
291 5111 410 5168 Pecunia
428 5111 576 5169 distributa
590 5119 696 5184 partem
715 5111 842 5169 Widonie
856 5111 1014 5184 superio-1)
1058 5102 1608 5187 (13015111611111111111116111111111
1622 5100 1847 5171 ecdepraedatio-

146 5193 205 5236 rem
226 5175 332 5238 metam
351 5197 422 5251 esse,
442 5184 566 5240 Andreas
587 5184 695 5240 asserit.
710 5182 815 5240 beinde
830 5182 979 5240 interdicto
1023 5195 1072 5238 nes
1082 5194 1137 5237 non
1148 5177 1349 5235 minusacriter
1359 5189 1440 5247 quam
1453 5175 1521 5231 clere
1532 5173 1597 5230 vitia
1607 5172 1850 5256 reprehenduntur

146 5253 346 5320 pronuntiato,
362 5254 452 5312 donec
466 5254 594 5310 arialdus
613 5254 641 5310 ln
661 5255 728 5311 urbe
749 5261 882 5324 maneret,
906 5252 981 5310 bunc
1023 5259 1051 5308 et
1066 5253 1092 5307 in
1105 5257 1246 5322 posterum
1258 5253 1395 5304 vetantur.
1407 5245 1692 5303 Editumestasocms
1702 5243 1759 5326 lJal.
1774 5244 1845 5302 adb.

145 5322 180 5376 ad
204 5321 303 5463 Qam
326 5325 469 5395 compulit.
489 5327 527 5382 lle
543 5326 622 5394 cujus
641 5338 709 5382 nece
727 5341 754 5382 ιι.
769 5326 855 5383 band.
875 5341 917 5393 ιιι,
932 5323 979 5380 30.
1023 5322 1043 5378 l.
1056 5329 1083 5378 et
1093 5321 1121 5378 in
1133 5319 1233 5378 concil.
1246 5315 1627 5376 collectionibusluterllex.
1637 5315 1660 5370 ll
1671 5314 1806 5385 epistolas
1820 5316 1847 5375 6.

185 5392 208 5464 (1
278 5395 435 5465 capitaneis
449 5397 535 5468 igitur
548 5395 630 5452 Wido
645 5399 835 5454 accensendus
848 5397 911 5463 crit,
928 5395 981 5454 nisi
1061 5391 1133 5463 (138)
1148 5391 1188 5449 01.
1200 5391 1292 5449 Bouiz.
1310 5403 1337 5460 p.
1353 5388 1416 5444 800.
1521 5459 1527 5470 .

147 5462 210 5520 baec
227 5465 267 5520 de
284 5463 385 5524 familia
400 5467 576 5525 §.Ambrosii
591 5465 736 5524 dictaesse
750 5474 911 5525 statuemus.
1062 5463 1141 5537 (139)
1157 5461 1315 5534 Gelotiedus
1325 5459 1401 5516 subd.
1418 5459 1451 5516 de
1466 5457 1559 5515 order
1572 5456 1604 5514 S.
1620 5457 1695 5516 llcd.
1711 5456 1804 5514 eccles
1824 5463 1849 5514 et

168 5534 267 5618 ,1136)
292 5537 420 5608 ioannes,
432 5540 480 5624 qui
495 5543 524 5596 et
542 5537 672 5604 11111111,
688 5536 896 5595 card.s.llariae
906 5545 983 5595 trans
1024 5534 1119 5592 misam
1132 5534 1215 5608 ipsios
1230 5532 1258 5616 d.
1276 5531 1395 5616 Widoott
1409 5527 1527 5602 1111111.
1541 5529 1607 5586 bec.
1624 5526 1690 5584 1061
1709 5529 1847 5601 negodum

144 5605 458 5682 Tubertmmubscrtpsut
468 5610 551 5668 bultae
564 5608 593 5668 in
607 5607 694 5666 Tostii
709 5609 778 5665 tlist.
796 5607 981 5678 cacinnum.
1026 5619 1076 5677 pro
1091 5607 1145 5664 boc
1160 5609 1279 5677 peregit.
1297 5601 1367 5664 0111.
1384 5602 1426 5672 11,
1440 5599 1506 5658 530.
