4106 6178
281 326 349 380 taes
842 323 1012 378 curvamur
1031 321 1224 379 castnnnsts
1243 283 1392 376 tronlcat
1902 324 1965 378 rano

279 456 331 522 est,
356 457 384 509 ιι
411 451 513 524 gratias
531 452 587 522 egit
611 449 684 521 quod
712 447 753 504 sic
775 449 810 504 de
832 461 891 516 sua,
916 453 947 504 ut
965 448 999 504 de
1019 447 1205 515 com-Aque
1234 443 1282 500 liei
1310 449 1423 514 possent
1455 442 1589 500 inclinare
1616 442 1799 514 clementiam,
1828 447 1913 520 erigit
1938 465 1965 507 se

279 542 354 600 muni
374 542 495 600 omnium
511 541 599 598 salute
618 539 796 604 letarentur;
816 539 997 596 concinnatus
1011 545 1053 596 est
1071 542 1102 594 ut
1143 539 1231 590 totum
1261 539 1369 601 mente,
1399 533 1477 602 qttasi
1496 534 1525 588 in
1553 533 1702 590 Secundini
1720 535 1844 594 visibiles
1874 539 1966 596 oculos

279 631 481 702 constituendae
492 628 617 687 ecclesie
627 641 737 699 operam
749 628 857 696 darent,
868 641 983 699 eamque
993 627 1101 684 demum
1142 627 1281 694 precatur,
1315 622 1484 690 obtestatur,
1517 628 1597 678 vovet
1624 637 1654 679 se
1682 637 1822 695 nunquam
1852 627 1888 683 ab
1920 627 1964 685 iilo

280 723 454 794 perlicerent,
470 735 531 792 que
559 718 715 775 Secundino
737 717 887 775 venerabili
911 716 993 790 digna
1018 723 1100 783 esset,
1143 725 1325 776 recessurum,
1341 711 1365 767 si
1382 711 1525 782 pristinam
1544 711 1598 767 sibi
1613 711 1743 769 redderet
1757 715 1915 772 sanitatem.

280 811 353 868 unde
368 810 441 866 idem
463 812 556 879 posset
570 821 680 878 semper
698 807 852 874 advertere,
873 821 981 878 semper
999 807 1101 862 babere
1178 804 1299 874 Cumque
1323 801 1351 856 in
1377 802 1437 871 cius
1462 799 1587 858 allectum
1612 800 1737 872 reliqua,
1766 811 1797 860 ut
1825 804 1964 877 linguam,

280 901 386 969 troiam
409 898 438 954 in
457 897 544 965 vultu,
564 897 672 966 Trojam
692 897 720 952 in
744 897 843 964 oeulis,
863 897 972 965 Troiam
991 895 1020 951 in
1040 909 1100 952 ore.
1144 893 1265 950 membra
1280 891 1407 948 nesciens
1422 896 1522 958 movet,
1540 889 1659 947 recurrit
1673 891 1707 948 ad
1722 892 1864 950 animum:
1882 901 1964 952 tentat

280 988 332 1044 Sed
348 988 407 1044 beo
422 987 565 1052 hactenus,
582 1001 655 1043 nuno
668 987 703 1042 ad
723 986 829 1057 reliqua
843 986 993 1042 veniamus.
1144 996 1238 1039 revera
1266 993 1376 1036 movere
1405 993 1520 1046 manus,
1550 987 1660 1048 movet;
1687 983 1837 1039 extendere
1870 985 1962 1055 pedes,

316 1076 362 1148 vir
388 1076 510 1146 quidam,
538 1077 627 1134 Teuzo
656 1075 779 1144 nomine,
812 1089 913 1147 genere
940 1073 1102 1145 aquitanus,
1144 1071 1286 1138 extendit;
1302 1083 1426 1140 surgere,
1445 1068 1552 1140 surgit;
1568 1068 1707 1137 incedere,
1731 1071 1848 1128 incedit.
1875 1074 1964 1130 liacia-

280 1165 414 1223 orationis
432 1165 535 1233 studio,
557 1165 631 1236 quod
651 1165 790 1236 precipue
813 1163 903 1236 gentis
925 1163 1001 1220 iliius
1019 1163 1105 1220 moris
1144 1165 1200 1220 mat
1213 1174 1268 1233 qno
1283 1159 1365 1216 altius
1379 1157 1451 1216 valet
1466 1177 1481 1210 ι
1496 1171 1590 1214 sanum
1604 1173 1633 1215 se
1647 1174 1706 1216 esse
1720 1161 1816 1231 pedes,
1833 1168 1864 1218 et
1877 1165 1965 1220 omnia

212 1313 215 1319 ,
280 1261 332 1323 est,
348 1253 383 1310 ad
402 1253 758 1324 apostolorumprincipem
777 1255 889 1312 liomam
910 1251 994 1320 venit,
1014 1251 1103 1307 adnit·
1144 1250 1265 1308 membra
1284 1247 1404 1306 oilleium
1431 1261 1509 1304 suum
1538 1247 1650 1304 babere.
1677 1267 1691 1301 n
1724 1251 1790 1306 llaec
1813 1252 1902 1322 igitur
1919 1267 1966 1308 vor

280 1348 356 1400 tonte
381 1343 493 1413 quidem
517 1349 623 1410 matre,
653 1357 714 1414 que
740 1343 841 1400 amoris
864 1341 962 1398 aiieotu
986 1341 1103 1412 seipsam
1144 1352 1242 1410 magno
1266 1337 1359 1394 audita
1388 1336 1538 1403 desiderio,
1564 1335 1762 1408 aliquantulum
1790 1340 1906 1396 sustulit
1936 1342 1966 1396 ad

280 1433 337 1490 tilio
357 1433 485 1492 comitem
513 1432 621 1488 itineris
645 1431 774 1501 prebuit.
803 1431 855 1489 Ubi
879 1445 929 1502 per
946 1435 1104 1488 sanctorum
1145 1428 1354 1486 edilicationem
1378 1424 1485 1482 ordinis
1503 1427 1687 1483 sacerdotum.
1708 1429 1811 1485 Tantus
1830 1431 1905 1486 enim
1921 1428 1967 1486 luit

279 1525 404 1582 iocorum
433 1523 565 1580 circuitus
593 1522 754 1579 solemniter
776 1521 876 1580 officiis
904 1536 954 1593 pro
980 1529 1104 1592 tempore
1144 1519 1173 1574 in
1198 1517 1278 1573 laude
1302 1529 1366 1572 vera
1385 1515 1527 1586 splendor,
1552 1520 1628 1572 tanta
1651 1515 1680 1572 in
1703 1518 1815 1589 populis
1825 1519 1966 1589 iubilatio,

281 1615 354 1672 datis
379 1613 491 1686 (citabat
518 1611 591 1670 enim
624 1625 686 1667 eum
718 1612 752 1667 ad
778 1612 831 1668 alia
858 1609 918 1668 loca
937 1610 1105 1668 venerabilia
1144 1613 1221 1663 tanta
1239 1605 1359 1677 denique
1378 1605 1474 1662 letitia
1489 1606 1517 1660 in
1532 1604 1608 1662 clero
1624 1609 1654 1661 nt
1677 1620 1734 1677 pre
1749 1609 1834 1664 nimia
1848 1609 1967 1666 exsuita·

282 1701 427 1774 transitus)
454 1703 564 1760 domum
594 1701 745 1757 beatissimi
768 1700 926 1772 archangeli
953 1698 1104 1767 llicbaelis,
1145 1697 1220 1754 tione
1248 1694 1412 1752 universitas
1438 1692 1486 1749 illa
1512 1693 1637 1764 gestiret.
1661 1694 1774 1752 Videres
1802 1696 1966 1754 incolumem

281 1807 344 1863 quae
380 1792 432 1848 sita
468 1798 511 1848 est
542 1804 625 1860 snpra
656 1791 771 1861 Gargani
808 1790 910 1847 montis
941 1779 1256 1855 altissimumBoperam
1275 1797 1352 1840 suam
1367 1781 1473 1838 medico
1488 1782 1713 1840 allectuosissime
1727 1784 1867 1854 polliceri,
1882 1788 1966 1842 stabi-

281 1881 423 1949 vcrticem‚
439 1880 525 1948 adiit;
541 1879 568 1934 in
584 1893 638 1949 qua
656 1877 796 1946 nimirum,
813 1885 841 1935 et
860 1879 924 1950 quia
939 1879 1018 1937 devia
1032 1884 1101 1946 erat,
1144 1873 1223 1930 litum
1241 1874 1300 1939 ire;
1326 1887 1356 1930 se
1381 1871 1432 1939 illi,
1457 1877 1487 1926 nt
1508 1878 1684 1941 convenerat,
1713 1875 1853 1945 mancipio
1882 1875 1965 1931 dare:

283 1974 311 2027 ot
334 1970 399 2042 quia
420 1968 539 2026 orationi
559 1981 658 2038 pacare
681 1966 850 2034 decreverat,
874 1967 938 2024 dum
957 1968 1103 2024 stationem
1144 1962 1222 2020 illum
1236 1961 1363 2033 corporis
1376 1961 1419 2017 sui
1433 1966 1584 2027 auctorem,
1605 1960 1680 2018 illum
1696 1963 1839 2019 custodem
1859 1966 1965 2031 anime,

282 2073 359 2116 suam
377 2059 407 2116 in
426 2058 562 2115 diutinum
580 2064 689 2127 tempus
712 2056 887 2123 extenderet,
916 2063 1016 2124 mater,
1040 2070 1103 2126 qne
1144 2052 1221 2108 illum
1236 2052 1279 2106 sui
1293 2049 1451 2122 largitorem
1467 2048 1593 2106 beneticii
1608 2049 1788 2120 gloriabatur.

282 2148 360 2206 illum
383 2147 474 2206 luerat
497 2151 602 2214 secuta,
626 2143 794 2216 defungitur.
816 2146 867 2214 Qui
890 2159 952 2202 oum
968 2146 1025 2216 jam
1048 2144 1104 2202 lere
1181 2139 1278 2196 blansit
1299 2138 1328 2194 in
1352 2139 1406 2196 boc
1430 2137 1573 2209 proposito
1602 2137 1661 2194 dies
1684 2138 1830 2196 admodum
1855 2155 1965 2212 paucos.

282 2237 390 2303 cunetis
411 2237 559 2294 destitutus
582 2233 645 2292 vitae
668 2235 785 2303 solatiis,
806 2234 988 2303 orationibus,
1011 2234 1104 2306 lacry·
1145 2231 1231 2287 Ratus
1263 2228 1336 2286 enim
1362 2241 1412 2299 pro
1440 2241 1471 2284 se
1501 2241 1561 2284 8⁵⁸0
1589 2226 1705 2298 dalilam
1732 2235 1837 2298 delere»
1866 2229 1967 2285 ²¹¹²i⁶⁰⁵

284 2327 335 2384 mis
368 2331 396 2384 et
423 2324 571 2396 eiulatibus
602 2323 774 2380 incubuisset
801 2322 842 2394 (lit
873 2323 946 2378 enim
973 2337 1048 2394 sepe
1075 2328 1106 2381 ut
1145 2319 1244 2385 visere,
1270 2316 1351 2390 iregit
1374 2315 1449 2387 qnod
1472 2315 1500 2371 iu
1525 2315 1572 2371 liei
1591 2313 1660 2372 tocie
1679 2317 1832 2374 stabilierat
1847 2327 1964 2388 pactum,

282 2417 401 2487 majores
433 2414 553 2470 tristitie
586 2415 716 2483 majorem
749 2412 858 2482 pariant
884 2411 1104 2483 valetudinem),
1146 2407 1260 2463 mutavit
1292 2405 1512 2476 precipitatione
1545 2405 1719 2472 eonsilium,
1754 2407 1864 2477 negavit
1896 2408 1966 2464 nulia

284 2503 441 2570 insanabili,
462 2508 491 2559 ut
504 2502 658 2568 videbatur,
680 2500 844 2571 pestilentie
868 2501 965 2558 morbo
989 2515 1106 2571 percus·
1146 2495 1311 2552 necessitate
1330 2493 1494 2564 ammissum
1508 2513 1515 2560 t
1530 2499 1568 2561 et,
1583 2494 1648 2564 (iilia
1663 2494 1757 2552 umori
1768 2501 1828 2550 etat
1839 2495 1927 2552 solum
1941 2503 1968 2551 01

283 2608 330 2652 sus
348 2599 410 2662 est;
430 2593 468 2649 ita
487 2591 598 2662 quidem
613 2597 643 2648 ut
670 2605 733 2661 pars
746 2591 930 2648 membrorum
945 2604 1057 2648 suornm
1072 2604 1105 2648 ιο
1147 2583 1335 2641 incomitatum
1367 2589 1422 2639 tam
1455 2581 1632 2654 longinquam
1661 2583 1773 2656 aggredi
1804 2585 1903 2653 viam,
1934 2585 1967 2640 ad

283 2682 369 2750 invito
394 2685 580 2747 moverentur,
605 2677 657 2736 alia
681 2693 791 2751 quoqne
815 2680 856 2736 sio
874 2685 967 2736 essent
981 2679 1058 2736 arida
1078 2684 1106 2736 nt
1147 2673 1340 2731 inveniendum
1367 2671 1475 2729 itineris
1496 2673 1588 2729 socios
1615 2672 1729 2729 Romam
1760 2674 1890 2730 accessit·
1920 2674 1968 2730 l'bl

282 2786 316 2829 en
338 2770 394 2828 illis
412 2769 527 2838 nullum,
554 2767 629 2840 quod
653 2769 756 2826 sentire
778 2775 881 2839 posset,
902 2768 1039 2837 baberet;
1061 2770 1106 2825 ιιι
1147 2777 1238 2828 autem
1262 2770 1381 2840 repertis
1398 2769 1483 2828 sociis
1502 2770 1592 2841 pergit
1615 2769 1677 2836 ire,
1706 2769 1835 2829 valetudo
1854 2773 1968 2842 pristina

282 2860 367 2929 oculi,
383 2860 428 2916 vix
451 2873 548 2915 manns
566 2857 594 2914 in
610 2872 661 2915 suo
678 2864 756 2913 erant
771 2857 874 2925 cilicio,
890 2872 971 2914 crura
994 2872 1106 2928 qnoque
1146 2860 1243 2916 adimit
1264 2874 1385 2932 gressus,
1411 2866 1489 2929 parat
1510 2860 1612 2926 redire,
1632 2873 1743 2932 gressus
1766 2862 1884 2918 resumi
1911 2859 1971 2917 oili·

283 2955 311 3016 et
337 2949 423 3020 pedes
450 2947 561 3004 natibus
592 2946 766 3004 adherentes
792 2961 903 3018 gressus
926 2947 1103 3014 ademerant;
1147 2949 1238 3017 eduma
1255 2954 1334 3019 parat
1352 2948 1440 3018 abire,
1454 2950 1554 3006 iterum
1571 2949 1699 3020 pedibus,
1718 2951 1845 3008 menibus
1860 2958 1888 3007 et
1912 2957 1970 3008 toto

282 3037 375 3110 lingua
393 3042 560 3104 tantumne
580 3040 655 3093 recte
674 3037 917 3105 quidemnatnrae
941 3036 1105 3094 beneficium
1148 3039 1174 3096 ei
1207 3052 1324 3109 corpore
1364 3037 1548 3094 interdicitur.
1586 3038 1741 3094 decedente
1778 3039 1863 3110 igitur
1900 3041 1970 3097 malo

283 3125 422 3182 tuebatur.
437 3124 507 3191 Quid
522 3130 617 3194 ageret
636 3125 731 3193 procul
750 3139 766 3180 a
792 3126 962 3195 parentibus,
978 3125 1075 3196 procul
1089 3099 1138 3182 aG
1148 3128 1322 3199 perterritus,
1342 3127 1416 3198 quod
1442 3126 1540 3184 viderit
1554 3128 1610 3198 jam
1628 3128 1658 3184 in
1680 3142 1710 3184 se
1735 3128 1805 3184 mala
1823 3128 1971 3185 obliterata

283 3216 376 3282 domo,
393 3221 431 3281 et,
447 3212 523 3284 quod
537 3213 629 3268 verius
643 3213 719 3280 dico,
740 3213 836 3285 procul
856 3228 870 3270 a
890 3215 1004 3285 seipso?
1027 3216 1106 3272 blise-
1146 3231 1301 3285 recurrere,
1327 3229 1361 3272 ne
1385 3221 1471 3272 tante
1495 3215 1643 3272 calamitati
1666 3217 1783 3274 ulterius
1810 3217 1969 3284 inserviret,

282 3303 414 3360 rebantur
432 3302 493 3373 ejus
511 3306 711 3372 pretereuntes
725 3301 837 3372 inopie,
858 3304 938 3374 culus
955 3303 1105 3360 valetudini
1146 3319 1257 3376 gressus
1285 3304 1359 3361 unde
1383 3305 1493 3372 tulerat,
1523 3305 1637 3374 retulit;
1666 3305 1713 3362 ubi
1741 3311 1851 3374 autem,
1878 3307 1970 3376 quoad

282 3406 338 3450 non
353 3398 482 3464 poterant
496 3390 654 3448 subvenire.
665 3392 845 3448 intimabatur
860 3391 901 3448 iili
911 3391 946 3448 de
956 3393 1105 3450 Secundini
1145 3395 1222 3462 vixit,
1234 3395 1262 3449 in
1278 3392 1446 3450 confessoris
1456 3393 1606 3450 Secundini
1620 3394 1761 3465 obsequiis
1776 3394 1972 3452 devotissimus

281 3481 447 3538 virtutibus:
468 3478 518 3537 sed
531 3480 555 3536 si
573 3478 656 3536 vellet
670 3479 722 3548 ire,
737 3493 794 3536 non
814 3486 941 3550 poterat;
962 3482 985 3538 si
1001 3482 1105 3552 portari
1146 3481 1314 3553 perduravit.

281 3571 315 3626 ab
330 3571 401 3639 aliis,
414 3569 487 3626 unde
502 3569 714 3636 conduceretur,
731 3568 800 3624 nibil
814 3569 932 3626 babebat
947 3571 1045 3640 pensi;
1070 3572 1104 3627 ab
1182 3573 1319 3628 Praeterea
1332 3584 1394 3628 cum
1409 3571 1542 3640 Troianus
1565 3569 1684 3642 populus
1698 3577 1801 3627 tantam
1817 3572 1971 3628 auctorita·

281 3660 325 3717 bis
343 3666 434 3717 tamen
448 3658 496 3730 qui
515 3659 575 3729 ejus
588 3657 713 3728 quotidie
727 3657 918 3716 alliciebantur
932 3659 1050 3716 miseriis
1070 3660 1105 3718 dc
1146 3665 1210 3727 tem,
1235 3664 1393 3730 tantamque
1417 3657 1584 3716 contessoris
1602 3659 1703 3716 Christi
1726 3660 1856 3718 virtutem
1881 3661 1972 3732 potis·

280 3749 380 3805 itinere
394 3747 438 3820 agi
459 3751 580 3818 ceptum
598 3753 658 3808 esta
679 3747 725 3816 qui
745 3747 828 3805 domo
843 3747 955 3804 demissi
975 3762 1037 3805 cum
1055 3750 1104 3808 illo
1145 3749 1242 3806 simum
1276 3748 1381 3805 enitere
1417 3749 1446 3805 in
1483 3749 1543 3806 dies
1579 3749 1703 3820 singulos
1740 3757 1898 3818 cerneret,
1937 3751 1970 3806 ad

281 3837 389 3906 Troiam
412 3850 495 3892 cursu
520 3835 654 3892 citissimo
679 3835 891 3893 contenderunt.
928 3838 1105 3897 Festinnbant
1144 3836 1334 3894 illustrandam
1348 3837 1477 3894 omnibus
1491 3837 1670 3905 ornamentis,
1686 3837 1714 3894 in
1734 3852 1787 3908 qua
1806 3839 1971 3896 mconmtus

279 3931 395 3993 ιιιιιι,
442 3924 507 3997 quia
544 3924 712 3983 confessoris
749 3926 897 3982 Secundini
934 3926 1104 3985 collocandis
1145 3935 1214 3997 erat,
1230 3926 1384 3996 eeclesiam,
1401 3928 1583 3985 consensione
1598 3927 1715 3999 quadam
1730 3929 1869 3986 unanimis
1880 3931 1973 3986 inten

282 4014 407 4084 reliqniis
428 4015 559 4072 solemnis
581 4015 701 4072 instabat
719 4015 789 4072 dies.
814 4017 961 4086 Postquam
980 4030 1045 4074 vero
1068 4016 1103 4074 ad
1145 4017 1236 4073 debat.
1258 4017 1364 4087 Quippe
1390 4031 1425 4072 ex
1448 4016 1496 4074 ilio
1521 4031 1596 4089 spes,
1616 4031 1650 4074 ex
1670 4017 1720 4073 illo
1736 4017 1847 4085 fiducia,
1864 4032 1899 4075 ex
1923 4021 1972 4076 illo

284 4103 379 4160 urbem
404 4103 536 4168 veniunt,
565 4109 593 4157 et
620 4102 791 4160 debilitatum
821 4105 950 4161 membris
977 4107 1104 4163 omnibus
1145 4120 1239 4163 eorum
1254 4106 1613 4177 maximecurapendebat3
1628 4106 1729 4177 dequo
1744 4107 1822 4164 urbis
1836 4110 1972 4178 presule,

282 4189 421 4249 bominem
448 4195 511 4246 ante
534 4189 683 4246 Secundini
711 4191 912 4249 contessionem
940 4194 1101 4264 deponunt:
1144 4195 1248 4265 dequo
1270 4195 1395 4263 custode,
1420 4196 1455 4252 dc
1480 4209 1535 4265 quo
1554 4195 1674 4266 denique
1698 4197 1824 4268 principe
1843 4199 1975 4268 quoddic

282 4299 297 4333 a
320 4280 455 4347 Quantum
481 4278 572 4347 nobis,
592 4279 731 4350 inquiunt,
752 4280 895 4349 attinebat,
914 4280 1013 4338 iecisse
1037 4284 1104 4340 satis
1143 4279 1217 4354 apud
1232 4298 1280 4340 eos
1298 4284 1462 4355 agitabatur.
1478 4284 1591 4341 Videres
1605 4285 1743 4356 singrdum
1757 4299 1897 4356 quemque
1915 4291 1976 4357 ejus

234 4384 242 4402 .
280 4375 344 4426 voto
359 4376 407 4426 tuo
421 4367 565 4426 videmur:
583 4367 617 4424 de
632 4375 733 4426 cetero
752 4383 812 4440 age,
828 4376 859 4426 ut
874 4370 958 4437 libet;
981 4371 1103 4428 consuli·
1147 4372 1251 4441 domni,
1280 4382 1310 4430 ut
1336 4388 1404 4443 sue,
1434 4381 1464 4430 ut
1489 4373 1585 4430 liberis
1612 4373 1769 4445 providere,
1796 4374 1825 4430 in
1855 4377 1976 4446 privatis

280 4472 340 4516 mus
359 4463 450 4516 tamen
474 4458 526 4514 tibi
549 4458 577 4513 iu
606 4463 681 4514 tanta
705 4460 850 4528 presentis
868 4447 1028 4518 celebritate
1047 4433 1231 4518 dieiDrebus
1247 4462 1358 4520 minimo
1382 4470 1411 4520 et
1434 4462 1595 4520 tenuissimo
1614 4463 1691 4520 cultu
1705 4469 1853 4520 contentos
1866 4465 1973 4530 vivere,

280 4547 399 4604 orationi
422 4560 539 4614 vacare;
571 4553 697 4616 putamus
723 4547 796 4604 enim
816 4555 844 4603 et
859 4548 996 4606 credimus
1010 4549 1039 4605 id
1054 4549 1104 4604 tibi
1145 4558 1174 4607 at
1188 4551 1215 4606 in
1231 4553 1291 4622 ejus
1310 4552 1422 4623 publico
1442 4559 1575 4623 apparatu
1598 4552 1634 4608 ad
1656 4553 1829 4624 dignitatem,
1850 4553 1886 4610 ad
1915 4555 1974 4626 gie

279 4635 357 4694 valde
373 4635 556 4707 prolaturum,
573 4635 607 4692 ad
627 4635 702 4706 quod
717 4650 767 4706 pro
787 4635 875 4692 salute
894 4645 939 4694 tua
954 4639 1006 4709 ipsi
1022 4639 1103 4694 etiam
1146 4640 1224 4708 riam,
1249 4641 1284 4697 ad
1309 4641 1484 4711 splendorem
1508 4641 1600 4698 omnia
1623 4656 1731 4713 parare.
1760 4641 1859 4700 Flebat
1878 4651 1973 4700 autem

279 4738 384 4782 summa
398 4738 452 4795 ope
472 4726 601 4782 nitemur.
623 4743 638 4778 ι
654 4726 766 4783 Factum
785 4731 846 4782 est:
868 4733 896 4782 et
916 4727 972 4797 iam
996 4733 1104 4798 tempus
1145 4731 1171 4786 ei
1186 4730 1297 4788 assidua
1313 4743 1370 4788 non
1385 4731 1474 4788 solum
1497 4731 1532 4788 de
1554 4732 1737 4802 patrimoniis,
1751 4745 1847 4790 verum
1870 4734 1973 4792 eume

279 4813 375 4872 aderat
406 4821 437 4872 nt
473 4813 507 4870 ad
545 4813 665 4872 officinm
701 4814 893 4886 ingrederetur
929 4817 1101 4887 episcopus;
1145 4819 1304 4890 emptionis,
1329 4820 1466 4878 codicillis
1491 4821 1572 4877 etiam
1595 4822 1717 4878 omnium
1739 4821 1875 4878 bononem
1899 4823 1973 4879 dele·

278 4904 374 4976 populi
389 4917 464 4973 vero,
479 4903 607 4962 omnibns
620 4905 744 4962 studiose
759 4904 793 4962 ad
809 4905 941 4962 bonorem
956 4905 1005 4961 liei
1024 4918 1102 4963 com·
1144 4909 1228 4981 gatin.
1262 4910 1412 4967 Fumabant
1443 4915 1576 4977 aromata,
1609 4909 1775 4967 candelabra
1810 4911 1971 4976 radiabant,

279 4994 389 5065 positis,
413 4995 489 5052 intus
512 5001 539 5052 et
563 5009 620 5065 pre
644 4993 750 5052 loribus
772 4993 898 5052 ecclesie
926 4996 1101 5052 assistebant.
1145 5013 1226 5056 omne
1248 4999 1316 5056 iilud
1337 4998 1508 5056 domicilium
1533 4997 1632 5068 cercis,
1661 4998 1847 5070 lampadibus,
1875 5011 1973 5070 ιιιιι,

279 5083 355 5142 liulti
370 5095 481 5156 quoque
499 5083 534 5142 ad
556 5084 616 5141 bec
635 5084 777 5153 solemnia,
794 5083 873 5152 vicis,
888 5085 962 5156 agris
986 5085 1104 5154 propin·
1144 5088 1266 5145 interdiu
1281 5089 1454 5146 coruscabat.

279 5173 352 5246 quis,
372 5172 512 5244 hospitiis,
534 5172 612 5230 multi
627 5173 757 5244 deniqne,
775 5173 822 5245 qui
843 5173 939 5243 procul
954 5173 1102 5246 degebant,
1179 5179 1266 5235 liocte
1295 5191 1360 5235 vero
1389 5177 1506 5248 quadam
1529 5191 1591 5233 cnm
1614 5191 1664 5248 pro
1688 5177 1838 5235 devotione
1862 5181 1975 5251 populi,

280 5262 409 5321 domibus
449 5262 633 5320 abducuntur.
677 5262 764 5319 intrat
802 5261 949 5333 episcopus
996 5263 1103 5320 cunctis
1144 5274 1175 5324 ut
1196 5268 1335 5338 hodieque
1357 5269 1443 5324 moris
1463 5275 1515 5334 est,
1540 5281 1638 5339 magua
1661 5280 1805 5324 cereorum
1830 5271 1911 5327 serie
1930 5286 1978 5326 ara

280 5351 406 5410 ecclesie
422 5353 541 5423 stipatus
559 5351 662 5419 eboris,
679 5351 775 5423 incipit
799 5365 880 5424 agere
899 5351 1102 5423 pontilicalibus
1144 5357 1302 5428 cingeretur
1333 5371 1349 5413 a
1382 5354 1580 5424 deterentibus,
1615 5361 1647 5413 ut
1677 5357 1808 5414 custodes
1842 5357 1895 5414 diu
1931 5375 1978 5416 eus

279 5439 423 5498 institutis.
439 5442 506 5498 lium
521 5441 582 5498 bec
596 5447 723 5513 aguntur,
735 5440 769 5496 ad
784 5441 868 5498 Deum
883 5438 1028 5512 languidus
1044 5448 1101 5498 toto
1143 5459 1275 5503 accensos
1289 5447 1413 5504 sinerent
1427 5451 1533 5504 oretum
1549 5451 1601 5503 est.
1616 5447 1747 5503 accensis
1762 5460 1832 5518 ergo
1849 5448 1979 5506 dimissis

280 5527 364 5585 eorde
386 5542 535 5587 conversus
557 5531 642 5587 trabit
666 5531 700 5586 ab
726 5530 782 5587 imo
806 5536 918 5600 pectora
937 5531 991 5587 alta
1010 5533 1101 5603 suspi·
1143 5535 1343 5604 luminaribus,
1369 5551 1431 5593 curn
1454 5538 1488 5594 ab
1506 5536 1561 5593 alia
1583 5535 1714 5593 custodes
1737 5535 1862 5596 animum
1884 5547 1979 5596 ιιιιι·

281 5616 331 5686 ria,
356 5618 451 5687 implet
474 5619 602 5692 lacmmis
625 5625 653 5676 et
676 5620 796 5678 luctibus
819 5622 920 5690 omnia,
941 5620 1006 5678 lacit
1019 5623 1102 5680 verba
1143 5633 1214 5696 rent,
1230 5625 1313 5684 dilata
1327 5628 1474 5685 exstinctio
1489 5626 1620 5685 memoria
1636 5625 1747 5684 excidit.
1771 5626 1850 5685 luter
1874 5643 1980 5688 cereos
