4106 6178
527 435 571 489 Vi.

354 525 393 577 Dc
411 523 443 578 S.
464 521 589 579 Motthoeo
610 519 739 592 apostolo.

262 611 455 682 Apostolorum
472 610 558 667 nobili
573 611 699 678 victoria,

226 704 259 758 Et
274 699 408 757 retributa
422 713 472 770 pro
487 699 582 756 labore
596 700 684 771 gloria

226 791 304 856 Coeli,
321 789 428 859 solique
444 790 507 845 lata
522 790 551 844 iit
566 789 731 859 respublica,

225 883 261 937 Ut
273 892 376 936 summa
392 878 502 934 laudum
517 877 664 934 conferunt
680 877 818 947 praecoma

226 970 330 1038 Quibus
344 969 445 1024 decora
461 974 547 1024 mater
562 975 603 1024 est
618 967 750 1024 Ecclesia.

263 1060 312 1115 llic
327 1065 369 1114 est
383 1063 504 1122 senatus,
520 1059 594 1130 llege
609 1058 656 1128 qui
672 1070 732 1114 eum
752 1056 848 1128 gloriae

225 1149 275 1205 ltie
289 1160 418 1218 supremo
435 1146 594 1215 praesidebit
614 1147 719 1202 arbiter

226 1238 267 1295 hd
279 1235 458 1308 judicandum
475 1249 555 1291 omne
570 1249 663 1291 semen
678 1233 773 1301 lsrael,

227 1329 311 1399 Cujus
326 1333 449 1396 potestas
464 1325 539 1380 novit
554 1325 623 1381 altas
638 1323 766 1381 claudere

226 1418 316 1484 Seras,
333 1417 487 1486 iterumque
504 1415 578 1470 clave
594 1415 694 1486 lingua
710 1413 831 1484 pandere

263 1509 293 1563 ln
307 1507 361 1562 hoc
377 1505 458 1561 beato
474 1505 628 1575 principum
648 1503 765 1574 collegio

228 1596 371 1654 liatthaeus
386 1594 457 1650 almo
472 1593 606 1665 gloriatur
621 1593 746 1664 praemio,

226 1687 278 1755 Qui
292 1699 356 1742 mox
371 1683 470 1740 relicto
484 1683 581 1740 merito
595 1683 707 1754 negotio

226 1776 364 1833 Christum
379 1780 492 1830 secutus
504 1775 565 1843 ejus
579 1787 593 1828 a
609 1771 761 1844 primordio

227 1863 428 1920 llumanitatem
445 1863 555 1932 scripsit
571 1861 699 1917 omnibus
713 1861 799 1931 prior.

263 1954 363 2024 Auriga
378 1967 476 2010 currus
491 1952 596 2023 primus
610 1957 652 2007 est
667 1950 811 2016 mirabilis,

227 2045 322 2100 Servat
334 2041 463 2098 Phisonis
477 2047 505 2096 ct
519 2041 631 2112 liguram
648 2039 778 2107 huminis,

228 2131 409 2204 Evangelistis
423 2131 467 2188 cui
482 2129 564 2186 datur
578 2145 635 2201 prae
651 2129 760 2186 caeraris

230 2224 353 2277 Formam
368 2233 504 2289 supremae
520 2217 591 2275 terre
607 2215 841 2289 pulchritudinis;

229 2311 295 2366 Nam
310 2309 386 2366 solus
399 2323 432 2364 ex
446 2309 490 2364 his
505 2313 547 2362 cst
561 2307 644 2363 homo
660 2306 800 2362 notabilis.

265 2400 347 2455 'irina
362 2397 479 2468 refulget
494 2397 627 2467 dignitate
643 2409 797 2460 munerum,

230 2488 325 2546 lielert
340 2493 370 2544 ut
384 2500 492 2543 omnem
508 2484 681 2542 concinendo
696 2484 838 2548 saeculum,

230 2575 411 2648 Evangelista,
427 2579 539 2645 martyr,
556 2580 584 2629 ct
598 2573 748 2642 apostolus.

231 2666 308 2735 Quod
325 2663 379 2721 tale
394 2663 462 2719 nulli
478 2663 512 2719 de
527 2662 584 2718 suis
597 2660 774 2718 consortibus

230 2755 345 2812 Videtur
359 2765 478 2823 unquam
494 2752 644 2822 contigisse
659 2749 812 2821 praemium.

265 2846 366 2899 Gentes
380 2841 537 2912 propinquo
551 2841 619 2896 solis
634 2847 709 2896 ustas
724 2839 843 2905 climate,

233 2934 363 3001 intusque
379 2930 479 2986 tinctas
494 2929 639 2985 criminum
654 2927 779 2999 iuligine,

230 3021 270 3077 lle
284 3019 380 3075 mortis
394 3024 452 3074 atra
467 3023 612 3089 vergerent
626 3017 754 3089 caligine,

231 3108 324 3165 Nitere
340 3106 404 3163 lecit
424 3111 526 3175 mente,
543 3107 607 3163 dum
622 3105 743 3163 fideliter

231 3197 331 3269 Signis,
348 3201 375 3253 et
389 3197 460 3254 aimo
476 3197 601 3254 liberarit
615 3195 725 3252 lamine.

267 3286 403 3351 Malthace,
419 3291 510 3357 grates
529 3285 646 3350 debitas,
662 3284 798 3356 apostole,

233 3375 318 3446 bigne
334 3381 444 3431 tuorum
459 3375 559 3432 civium
571 3376 627 3446 jam
643 3374 763 3445 suscipe,

232 3466 306 3533 Quos
320 3462 362 3520 iac
377 3464 412 3520 ab
429 3465 502 3520 omni
518 3476 579 3520 esse
593 3470 669 3520 tutos
683 3463 808 3527 crimine,

234 3555 269 3611 Ut
283 3567 312 3610 sc
327 3551 420 3610 luturo
435 3552 555 3608 sentiant
570 3552 693 3608 examine

209 3687 217 3703 .
234 3640 290 3698 Tali
306 3649 423 3712 patrono
438 3641 561 3712 paruisse
576 3645 697 3697 strenue.

270 3731 310 3788 Sit
324 3731 450 3787 Trinitati
464 3743 568 3786 summa
583 3729 652 3796 laus,
666 3733 693 3785 et
707 3725 805 3799 gloria,

234 3820 322 3888 Salus,
338 3821 484 3891 honorque
499 3833 610 3890 perpes,
626 3824 654 3874 et
668 3817 791 3889 potentia

235 3909 366 3980 Simplex,
381 3915 410 3966 et
424 3924 478 3966 una
493 3923 556 3982 gen.
570 3952 577 3962 .
591 3949 597 3963 .
612 3948 619 3962 .
640 3907 790 3972 aeternitas,

237 4001 269 4055 lit
283 4013 363 4069 quam
380 4003 471 4055 creata
491 3997 657 4055 confitentur
671 3995 773 4062 omnia,

236 4090 289 4144 Per
302 4095 401 4144 cuncta
416 4101 525 4159 semper
538 4085 702 4144 seculorum
718 4083 830 4141 secula.

274 4181 368 4233 hmen.

532 4267 587 4322 Vll.

414 4357 480 4409 Item
497 4351 566 4410 clius
585 4353 708 4423 ejusdcm.

240 4447 356 4512 Laetare,
373 4439 470 4510 mater,
487 4443 607 4513 parturis
620 4457 682 4512 quac
698 4439 779 4508 illios,

207 4534 334 4593 Fecunda
348 4535 407 4605 ligo
423 4546 542 4603 semper,
559 4537 586 4587 et
602 4529 763 4601 purissimos

204 4627 279 4694 Quos
294 4623 403 4696 lympha
418 4628 513 4693 partus
528 4620 595 4688 edit,
611 4625 693 4690 alque
708 4617 832 4688 spiritus,

206 4713 267 4769 Tibi
283 4725 332 4782 per
346 4724 442 4767 omnes
456 4708 593 4765 motiones
607 4714 772 4779 temporum.

241 4802 362 4859 Primum
376 4799 473 4856 salutis
488 4804 543 4855 tam
558 4812 637 4854 sacro
652 4797 783 4868 mysterio

209 4889 405 4962 Apostolorum
418 4887 502 4959 iulgis
516 4901 550 4943 ex
564 4887 693 4957 collegio,

207 4981 285 5038 Nites
299 4984 327 5035 et
341 4980 401 5050 ejus
414 4977 518 5046 inclyto
534 4977 694 5044 certamine,

209 5069 259 5128 Cui
274 5069 321 5125 dat
336 5069 491 5138 triumphos
506 5066 595 5124 laudis
610 5064 729 5122 mundus
743 5064 794 5121 hac
810 5063 854 5120 die

248 5161 295 5216 Est
310 5159 369 5216 haec
384 5158 503 5215 llatthaei
519 5157 621 5213 nobilis
635 5153 787 5220 testivitas;

210 5249 306 5307 llodos
321 5255 452 5306 sonantes
467 5247 547 5304 dulce
564 5245 608 5302 die
627 5244 751 5302 Ecclesia

212 5340 308 5410 Lycas,
322 5343 353 5394 ut
368 5351 463 5395 omnes
476 5336 590 5402 listulas,
608 5341 635 5391 et
651 5338 779 5406 tympana

213 5428 358 5486 praecellat
376 5443 391 5486 a
411 5434 438 5483 te
457 5427 594 5484 cantilena
614 5424 736 5482 condita.

253 5519 345 5574 Utaris
358 5517 431 5574 idem
445 5515 487 5572 iac
503 5516 568 5584 tuis,
584 5513 721 5586 apostole,

216 5609 289 5666 Loco
303 5607 434 5680 tlayistri,
450 5620 557 5679 noxque
571 5605 595 5662 si
609 5603 676 5677 quid
694 5602 788 5660 disson

252 5715 370 5776 Parnon.
385 5715 507 5774 CXLVII.

900 307 1059 364 camullia.

967 433 995 492 A
1056 433 1151 499 sonat,
1168 439 1283 488 canente
1299 432 1390 502 plebe,
1406 425 1481 490 'claro
1496 433 1622 506 dogmate

1054 520 1114 577 Tibi
1129 519 1269 589 decenter,
1286 527 1317 578 ut
1331 521 1431 593 placet,
1448 524 1488 579 sic
1506 523 1625 597 corrige.

1089 612 1128 666 Tu
1143 626 1224 681 prara
1239 611 1420 682 quorumdam
1436 611 1590 670 damonum
1607 611 1725 672 ludibria

1054 699 1137 771 llagis
1158 707 1269 771 peracta
1291 700 1394 757 clarius
1413 700 1567 768 detexeras,

1052 788 1102 856 Qui
1119 790 1216 846 damna
1231 792 1329 847 mortis
1344 791 1482 861 pertulere
1499 787 1627 862 pessima,

1054 879 1158 946 Quibus
1172 879 1290 937 latenter
1305 884 1346 937 tot
1361 894 1424 937 reos
1439 881 1596 937 eilecerant.

1090 972 1210 1042 Utraque
1226 971 1330 1041 lapsum
1346 977 1435 1027 morte
1450 972 1524 1042 regis
1538 971 1650 1027 unicum

1054 1061 1176 1117 Orationi
1195 1061 1333 1117 suscitasti
1353 1059 1448 1116 illium.

1054 1149 1194 1206 Posthac
1209 1156 1354 1220 tyrannum
1370 1150 1433 1207 darm
1449 1149 1553 1207 reirrtas
1568 1153 1685 1208 irtacum

1055 1238 1125 1295 ilinc
1139 1247 1242 1311 martyr
1255 1245 1328 1296 astra
1343 1240 1463 1306 scandis,
1480 1240 1545 1297 hinc
1560 1241 1712 1312 apostolus.

1090 1327 1262 1400 Evangelista
1280 1329 1401 1401 gloriose
1416 1343 1559 1386 numerum

1055 1418 1224 1488 acceptioue
1239 1417 1344 1487 dedita,
1360 1419 1426 1489 jam,
1443 1432 1612 1489 quaesumus,

1056 1507 1172 1564 Coeieste
1188 1520 1302 1579 regnum
1315 1509 1432 1579 impetra
1448 1507 1584 1574 iidelibus,

1055 1596 1175 1664 Quorum
1189 1596 1292 1653 videris
1307 1598 1408 1668 hospes
1424 1611 1483 1653 esse
1500 1597 1613 1654 sedulus

1091 1686 1158 1741 Cum
1172 1686 1251 1743 Patre
1267 1692 1380 1757 praestet
1395 1686 1448 1742 hoc
1463 1701 1600 1757 supernus
1615 1687 1709 1754 Filius,

1057 1773 1173 1830 Sanctus
1187 1775 1323 1846 simulque
1338 1775 1488 1846 parilisque
1504 1777 1631 1846 Spiritus,

1056 1863 1161 1931 Quibus
1175 1864 1211 1919 sit
1226 1864 1316 1920 omnis
1335 1863 1404 1930 laus,
1421 1863 1565 1934 honorque
1581 1863 1701 1932 debitus,

1057 1955 1160 2023 Perpes
1173 1958 1296 2023 potestas
1310 1953 1414 2024 absque
1430 1953 1484 2009 line
1496 1961 1664 2024 temporum.
1678 1956 1774 2012 limen.

1385 2043 1454 2097 vill.

1306 2129 1383 2186 Alina
1401 2131 1526 2200 ejusdcm.

1200 2219 1314 2287 Adesto,
1330 2223 1424 2276 sancte
1440 2219 1569 2289 Spiritus,

1164 2307 1250 2364 Nobis
1264 2313 1325 2363 tuas
1340 2308 1504 2364 canentibus

1165 2397 1272 2454 Laudes
1288 2399 1316 2453 in
1328 2398 1380 2454 hac
1395 2397 1513 2468 apostoli

1165 2485 1323 2543 Festiritate
1342 2487 1440 2543 nobili.

1200 2577 1285 2644 Quem
1301 2589 1351 2647 pro
1367 2575 1436 2632 iucri
1452 2575 1593 2647 cupidine,

1166 2665 1237 2720 Foro
1252 2669 1376 2732 vacante,
1393 2663 1499 2730 sedule,

1166 2753 1205 2808 Ex
1220 2751 1367 2822 publicano
1383 2753 1510 2822 protinus

1166 2842 1244 2898 Facis
1263 2840 1374 2912 replens
1388 2841 1541 2912 apostolus,

1202 2929 1253 2986 llic
1268 2928 1404 3000 languidis
1419 2929 1579 2999 pectoribus

1167 3017 1328 3074 Perustione
1348 3017 1493 3074 criminum

1167 3106 1264 3163 Verbis
1283 3105 1417 3162 modelam
1432 3105 1551 3176 prebuit

1167 3200 1230 3251 dte
1246 3195 1298 3251 sibi
1310 3197 1366 3265 jam
1382 3194 1506 3251 creditis.

1203 3285 1279 3341 Larit
1293 3299 1372 3342 sacro
1388 3284 1551 3355 baptismate
1589 3295 1590 3298 ’

1167 3374 1268 3444 liegem
1287 3370 1368 3429 simul
1383 3385 1444 3426 cum
1460 3371 1587 3440 conjuge,

1166 3463 1286 3530 Quorum
1302 3464 1430 3531 potenter
1445 3459 1529 3516 illium

1166 3549 1348 3606 Resuscitavit
1367 3555 1514 3606 mortuum.

1202 3640 1333 3695 Sermone
1350 3639 1425 3708 justo
1440 3640 1550 3710 nuptias

1167 3727 1335 3785 Confuderat
1349 3727 1516 3798 tyrannicas,

1168 3817 1221 3873 Pro
1236 3829 1292 3886 quo
1311 3815 1430 3872 decorus
1449 3816 1540 3873 laurea

1169 3907 1271 3976 liartyr
1286 3905 1379 3976 polum
1398 3906 1618 3963 transcenderat.

1205 3995 1333 4052 concede
1351 3997 1417 4066 lam,
1437 3997 1582 4064 ramelias,

1171 4087 1206 4141 Ut
1224 4097 1276 4140 nos
1295 4084 1323 4139 in
1338 4083 1392 4140 isto
1408 4089 1532 4156 tempore

1173 4173 1314 4230 Possimus
1329 4185 1424 4230 omnes
1439 4173 1525 4231 libere

1067 4280 1068 4284 ¹
1174 4263 1241 4333 Ejus
1255 4262 1395 4331 triumpho
1410 4262 1511 4318 rivere.

1210 4353 1274 4407 Tuae
1290 4349 1409 4406 retertur
1427 4351 1523 4420 gratiae

1175 4441 1284 4496 Nostrae
1296 4438 1371 4509 quod
1387 4437 1460 4493 idem
1480 4438 1576 4509 patriae

1178 4528 1260 4596 Giris,
1277 4534 1409 4598 paterque
1429 4525 1540 4594 dicitur,

1176 4616 1254 4685 Quod
1270 4625 1298 4672 et
1318 4621 1442 4686 patenter
1457 4615 1589 4672 creditur.

1213 4708 1324 4763 summo
1339 4705 1448 4761 Parenti
1465 4705 1563 4776 gloria,

1181 4796 1214 4851 nt
1229 4795 1297 4850 Filio
1313 4793 1438 4861 uictoria,

1180 4885 1297 4954 Tibique
1316 4883 1376 4960 laus
1394 4884 1431 4939 sit
1447 4883 1541 4940 debita

1181 4974 1233 5030 Per
1248 4973 1413 5030 saeculorum
1428 4972 1540 5029 saecula.
1555 4974 1651 5029 lmen.

1060 5156 1092 5210 lo
1105 5156 1254 5210 sanctorum
1270 5156 1414 5223 merrtptum
1427 5151 1576 5218 Fortunati,
1591 5150 1652 5207 Gaii
1667 5154 1692 5206 et
1704 5149 1812 5207 Anido.

1113 5241 1222 5298 Sanctis
1238 5241 1405 5312 martyribus
1419 5240 1488 5305 laus,
1504 5239 1595 5314 honor
1609 5245 1637 5295 et
1652 5239 1747 5307 decus,

1078 5331 1129 5400 Qui
1145 5330 1207 5388 caeli
1225 5329 1340 5387 Domino
1355 5327 1488 5400 sanquine
1505 5328 1629 5400 proprio,

1079 5421 1184 5478 Sacrati
1198 5433 1306 5491 superae
1322 5419 1427 5475 militiae
1442 5419 1531 5474 ricem

1081 5508 1184 5566 invicta
1200 5509 1321 5566 retinent
1337 5506 1401 5563 lida.

1116 5597 1269 5654 condictus
1282 5594 1389 5654 validos
1408 5594 1479 5653 terre
1494 5593 1611 5652 viriliter

1711 5703 1747 5760 39
