4160 6196
293 299 329 356 43
860 295 997 356 ioannis
1015 289 1224 352 luunlhrlsc.
1245 295 1413 354 nonnulli.
1943 291 1979 354 tl

293 425 361 483 dum
385 426 501 496 rabiem,
526 427 617 484 umen
644 422 754 482 occulte
778 423 928 480 colebatur.
944 424 1014 478 Deua
1032 423 1154 482 amstmh
1195 422 1258 478 Dies
1280 437 1345 479 vero
1368 419 1572 478 Purificationis
1593 424 1697 479 sarcias
1721 418 1980 486 excelsitatem

291 515 431 586 refugium,
456 523 484 572 et
506 521 655 589 sequentes
677 514 797 587 psalmos
817 525 877 570 cum
896 511 1057 582 antiphonis
1074 510 1114 567 al-
1152 511 1366 582 hssumpticnis,
1384 511 1561 579 celebretur,
1588 513 1713 582 exceptis
1725 510 1818 583 vigilia
1832 513 1860 566 ei
1874 509 1979 569 octavis

292 603 441 663 leluiaticis
462 607 491 663 in
516 607 598 663 tortia
620 613 755 662 nocturna
773 617 834 660 cum
853 601 1038 671 responsoriis
1061 601 1112 657 ba·-
1154 602 1295 672 processio
1319 602 1359 660 ita
1381 601 1438 668 ιιι,
1455 606 1486 658 ιι
1500 601 1590 658 cereis
1604 607 1632 658 et
1651 600 1826 662 candelabris
1838 599 1936 671 positis
1950 599 1979 660 Ιιι

292 695 411 764 ptisterii
435 695 499 751 ideo
522 695 648 764 dicimus,
673 693 737 765 quia
756 693 783 748 in
804 691 886 748 tertio
908 697 1042 762 tempore,
1059 690 1113 748 sci·
1153 690 1248 760 altera,
1269 691 1292 748 si
1316 690 1408 759 inerit,
1434 690 1562 760 ecclesia,
1589 690 1668 762 (138)
1694 690 1729 748 ad
1753 703 1812 747 eam
1835 689 1927 749 clerus
1951 693 1979 744 et

290 783 358 840 licet
372 785 478 854 gratiae,
495 786 570 842 venit
593 784 726 840 Christus.
751 781 842 838 Finito
865 794 939 838 nono
959 794 1112 851 responso·
1152 780 1272 850 populus
1285 779 1464 850 antiphonam
1483 799 1490 836 :
1515 783 1571 836 Ace
1585 781 1683 851 motio,
1700 779 1836 836 cantando
1849 776 1978 848 religiose

290 873 344 943 rio,
361 873 432 945 (132)
453 875 582 931 sacerdos
597 871 788 928 dalmaticatus
811 877 839 926 et
858 870 996 926 casulatus
1014 884 1110 940 proce·
1152 875 1268 940 pergant
1290 870 1386 940 ibique
1405 868 1535 926 candelas
1555 869 1590 926 ab
1614 871 1747 941 episcopo
1766 869 1809 926 vel
1833 867 1977 926 sacerdote

289 963 348 1032 dat,
378 970 406 1021 et
433 962 606 1032 Evangelium
630 959 799 1032 genealogiae
827 959 929 1016 Christi
958 960 1109 1016 secundum
1151 965 1272 1016 sacratae
1293 959 1332 1025 [id
1356 964 1406 1027 est,
1433 959 1605 1026 benedictas]
1630 960 1777 1030 accipiant.
1800 957 1905 1026 Quibus
1932 971 1977 1015 ac·

288 1053 389 1109 Lucam
412 1051 570 1116 solemniter
592 1049 676 1120 legat.
700 1052 730 1106 ln
749 1049 895 1106 Nativitate
919 1049 1027 1106 Domini
1051 1049 1111 1118 ejus
1151 1051 1252 1116 censis,
1277 1054 1375 1106 cantor
1398 1049 1588 1120 antiphonam,
1613 1051 1711 1106 mmet
1729 1050 1765 1106 od
1783 1047 1975 1114 cordolium,

288 1141 429 1212 generatio
447 1141 481 1195 ab
500 1140 636 1196 Abrabam
660 1131 711 1200 39
733 1137 1108 1208 patroddeietobedlemiae,
1150 1137 1285 1209 incipiat;
1312 1153 1367 1209 qua
1390 1139 1476 1208 linita,
1499 1139 1610 1196 Adorno
1635 1137 1796 1208 ilduinum,
1821 1141 1973 1203 cantantes,

288 1245 375 1300 usque
397 1229 431 1285 ad
454 1230 558 1299 ioseph
573 1230 662 1285 virum
684 1229 787 1297 llariae,
812 1243 874 1299 quae
897 1229 1036 1285 Christum
1054 1229 1109 1284 lide
1150 1227 1184 1282 ad
1200 1233 1315 1285 matrem
1330 1229 1475 1285 ecclesiam
1500 1242 1551 1298 per
1564 1227 1724 1295 claustrum,
1738 1232 1787 1284 aut
1809 1225 1974 1286 incircuitu

287 1318 415 1386 concepit
439 1321 466 1372 et
490 1317 609 1386 peperit,
629 1316 824 1373 descendendo
849 1321 977 1373 conmxta
996 1315 1106 1386 legitur.
1150 1317 1275 1375 ecclesiae
1304 1317 1428 1374 redeant.
1458 1317 1563 1374 Deinde
1592 1317 1818 1388 responsorium,
1846 1313 1972 1386 ιιιιιιι,

286 1405 412 1461 ιιιιιιιι
430 1405 503 1460 enim
526 1405 623 1462 lideles
638 1419 766 1475 quaerens
780 1403 814 1461 de
829 1405 895 1462 sede
910 1405 1059 1474 majestatis
1074 1403 1108 1460 ad
1150 1413 1302 1476 ιιιιιιιιιι,
1318 1413 1382 1468 ante
1397 1407 1512 1466 chorum
1527 1406 1640 1474 liniant;
1656 1405 1738 1478 (l3D)
1760 1420 1856 1463 versus
1877 1416 1975 1474 sequa·

285 1494 340 1550 ima
355 1495 518 1562 descendit,
542 1494 672 1566 Patrique
687 1507 774 1565 usque
788 1494 823 1550 ιι
846 1499 962 1552 mortem
976 1494 1109 1551 obedien·
1149 1504 1224 1555 tura
1244 1497 1352 1555 duobus
1366 1497 1476 1554 clericis
1490 1500 1616 1554 canutus
1633 1516 1639 1552 :
1661 1499 1724 1566 post
1738 1495 1891 1566 repetendo
1904 1495 1975 1552 anti-

285 1582 333 1650 do,
350 1584 397 1652 qui
421 1583 562 1653 perierant
584 1584 712 1640 redemit.
737 1585 768 1639 ln
791 1584 928 1653 baptismo
948 1596 1013 1640 vero
1037 1585 1106 1653 eius,
1150 1587 1271 1658 phocam
1287 1586 1402 1642 chorum
1426 1587 1541 1653 intrent,
1556 1591 1584 1642 et
1606 1585 1647 1641 sle
1668 1585 1778 1646 missam
1801 1599 1864 1642 cnm
1888 1583 1975 1641 laudi·

285 1673 374 1742 ipsius
399 1673 544 1743 generatio
568 1674 602 1729 ab
631 1674 691 1730 lleli
716 1673 772 1730 ullo
797 1674 927 1744 adoptivo
955 1687 1043 1744 usque
1072 1673 1107 1730 ad
1150 1676 1202 1732 bus
1225 1682 1253 1734 et
1273 1676 1418 1748 sequentia
1445 1674 1542 1734 lestive
1567 1675 1719 1731 celebrent.
1739 1674 1767 1731 Sl
1791 1679 1883 1731 antem
1898 1673 1975 1732 lescl-

284 1761 380 1831 bdam,
397 1763 444 1833 qui
459 1763 573 1834 gloriam
588 1763 705 1834 primum
719 1763 772 1818 sibi
792 1777 950 1820 concessam
966 1762 1220 1833 peccandoBvitas
1241 1765 1300 1836 ipsa
1324 1765 1447 1822 evenerit
1469 1762 1541 1821 inira
1564 1764 1806 1838 septuagesimam,
1831 1776 1881 1833 pro
1904 1761 1977 1818 dile·

285 1852 390 1920 amisit,
418 1853 592 1924 septuaginta
619 1857 725 1922 septem
758 1853 983 1923 generationibus
1008 1867 1106 1910 ascen·
1148 1853 1212 1921 tulo,
1241 1858 1345 1912 tractus
1368 1854 1500 1911 dicatur:
1526 1853 1750 1923 sequentialem
1774 1852 1834 1908 sine
1848 1849 1974 1916 Alleluia,

284 1939 377 1997 dendo
407 1947 535 1998 contexta
557 1942 668 2013 legitur.
697 1943 874 2013 Septuaginta
903 1943 976 1998 enim
1001 1948 1107 2012 septem
1148 1945 1343 2015 subsequatur.
1365 1945 1395 2002 ln
1420 1941 1584 2014 lippapanti,
1601 1956 1663 2011 quae
1686 1941 1789 1998 dicitur
1804 1939 1973 2012 presentatio

284 2031 437 2088 undenario
469 2046 584 2090 numero
612 2032 716 2102 septies
743 2031 819 2089 dioto
851 2032 1028 2104 colliguntur.
1055 2035 1108 2089 Per
1147 2035 1261 2103 Domini,
1277 2035 1369 2091 lumen
1383 2034 1500 2090 Domino
1516 2039 1725 2102 presentamus,
1740 2031 1805 2100 qula
1825 2029 1854 2085 ln
1876 2029 1971 2086 eadem

283 2120 411 2177 undecim
427 2135 504 2190 vero,
525 2122 600 2192 quod
624 2126 666 2179 est
688 2122 816 2193 Dccalogi
831 2123 1023 2194 transgressio,
1039 2137 1106 2193 peo-
1147 2123 1192 2181 dle
1215 2123 1341 2181 Christus
1364 2123 1456 2180 lumen
1479 2120 1677 2191 sempiternum
1698 2133 1715 2175 a
1738 2119 1820 2176 beato
1848 2111 1901 2181 42
1925 2116 1971 2174 Sl·

283 2215 353 2278 cata,
370 2216 398 2267 et
421 2226 471 2281 per
494 2211 679 2281 septenarium
702 2217 808 2282 septem
832 2211 904 2268 dona
918 2212 1007 2268 sancti
1021 2211 1107 2281 Spirl-
1147 2227 1245 2270 meone
1269 2213 1297 2269 ln
1321 2211 1425 2283 templo
1449 2213 1644 2282 praesentatur,
1674 2223 1724 2280 per
1746 2208 1838 2266 lumen
1862 2209 1891 2264 ln
1914 2219 1973 2265 ιιι-

281 2303 327 2355 tus
340 2301 534 2370 exprimuntur
553 2322 560 2358 ε
587 2315 637 2372 per
656 2316 729 2372 qnae,
746 2301 873 2373 originali
889 2306 1014 2372 peccato,
1030 2300 1105 2372 quod
1146 2303 1228 2360 nibus
1242 2303 1314 2360 bona
1330 2315 1413 2373 opera
1429 2301 1619 2372 designantur.

281 2388 316 2443 ab
336 2389 423 2446 halam
446 2391 643 2458 contraximus,
666 2391 831 2461 caeterisque
855 2391 983 2448 omnibus
1005 2389 1033 2447 ln
1058 2390 1106 2446 ba·
1181 2393 1322 2450 Dominiea
1333 2391 1547 2462 septuagesimae
1560 2390 1598 2446 lta
1613 2388 1779 2458 celebretur,
1797 2392 1827 2444 nt
1841 2388 1870 2444 ln
1885 2387 1965 2461 (lan)

281 2478 410 2546 ptismate
432 2478 543 2549 deletis,
558 2479 608 2535 lilii
631 2480 680 2535 Del
699 2480 821 2550 adoptivi
845 2478 989 2548 allicimur,
1009 2480 1104 2550 sicque
1146 2481 1321 2554 praecedente
1349 2481 1469 2538 sabbato
1492 2479 1527 2535 ad
1551 2491 1681 2549 vesperes
1703 2479 1763 2535 vlce
1790 2477 1882 2549 hymni
1906 2491 1971 2534 cau·

282 2565 356 2622 bona
371 2568 524 2638 operando,
544 2568 598 2625 ilde
623 2573 651 2625 et
674 2569 831 2626 obedientia
846 2571 880 2627 ad
903 2569 1026 2627 eamdem
1040 2569 1103 2640 glo·
1145 2577 1220 2628 tetur
1243 2570 1387 2642 sequentia
1408 2589 1415 2626 ε
1440 2570 1578 2626 domemus
1594 2567 1679 2623 mvndi
1701 2566 1839 2622 mendum.
1865 2566 1896 2621 ln
1914 2579 1971 2622 ιιι·

281 2656 360 2723 riam,
384 2671 467 2728 quam
490 2657 575 2714 bdam
599 2658 748 2729 plasmatus
767 2660 893 2730 accepit,
919 2659 1102 2730 pervenimus.
1145 2661 1243 2718 tutlnie
1270 2660 1338 2732 (ιιι)
1362 2657 1549 2715 invitatorium
1566 2656 1780 2725 alleluiaticum;
1798 2655 1894 2726 psalmi
1908 2667 1970 2712 cnm

281 2745 384 2802 Deinde
409 2746 479 2818 (133)
498 2747 587 2804 stellae
612 2747 731 2804 elidum
749 2749 874 2819 incipiat.
899 2749 1044 2806 Processio
1056 2763 1105 2805 au·
1144 2750 1203 2806 suis
1218 2748 1379 2819 antiphonis
1393 2753 1421 2804 ct
1440 2745 1627 2816 responsoriis
1640 2745 1698 2800 suis
1712 2749 1868 2800 canuntur.
1887 2743 1967 2816 (ιιι)

279 2840 335 2890 tem
351 2839 381 2891 ut
395 2835 424 2891 in
439 2836 483 2892 die
498 2837 653 2894 Natiuitatis
673 2851 784 2908 semper
805 2839 901 2895 eadem
916 2838 961 2894 dle
976 2837 1032 2894 ιιι.
1052 2839 1104 2894 lie
1144 2839 1175 2894 ln
1190 2838 1279 2908 primo
1294 2843 1431 2892 nocturno
1446 2833 1615 2904 heptaticum
1628 2831 1778 2902 incipiatur
1791 2832 1865 2902 quod
1880 2847 1969 2903 usque

280 2923 364 2992 liquis
388 2924 487 2980 diebus
510 2939 597 2994 usque
621 2925 656 2980 ad
681 2933 817 2994 octavum,
838 2926 958 2983 oitlcium
974 2925 1102 2982 diurnum
1143 2927 1178 2984 ad
1203 2926 1317 2996 primam
1341 2923 1510 2980 Dominicam
1525 2921 1675 2978 Dominica
1689 2921 1827 2991 passionis
1840 2911 1967 2993 legatur:

280 3017 308 3066 et
326 3017 492 3069 nocturnum
518 3011 596 3084 (134)
622 3013 727 3084 absque
749 3017 784 3070 Te
806 3016 890 3070 Deum
913 3014 1050 3071 becomes
1074 3021 1102 3072 et
1142 3017 1180 3073 lta
1195 3019 1285 3070 tamen
1301 3019 1331 3070 nt
1346 3013 1374 3069 in
1384 3011 1534 3069 Dominicis
1548 3016 1605 3067 tres
1619 3011 1716 3081 primae
1730 3009 1865 3067 lectiones
1879 3010 1914 3067 de
1933 3025 1967 3068 eo
2059 3057 2060 3067 ,

279 3098 371 3156 Giano
384 3101 412 3156 in
426 3100 547 3168 e.coebis,
563 3103 744 3172 compleatur.
768 3105 885 3160 Octavus
907 3105 971 3160 Dies
991 3106 1019 3161 in
1034 3105 1278 3176 cap-clegantnr,
1307 3103 1335 3160 in
1359 3101 1482 3160 seeundo
1506 3105 1643 3158 nocturno
1666 3105 1724 3157 tres
1742 3099 1777 3157 de
1791 3100 1966 3157 sermonibus

279 3189 333 3258 pis,
353 3195 384 3246 nt
407 3189 506 3247 lestum
527 3191 645 3261 apostoli
669 3192 835 3250 celebretur.
859 3195 890 3250 ln
917 3195 1037 3252 crastino
1062 3194 1101 3252 ie·
1141 3195 1270 3260 Petrum,
1295 3192 1324 3248 in
1349 3191 1432 3247 tertio
1452 3188 1488 3246 de
1509 3190 1684 3260 expositione
1698 3189 1917 3260 Evangeliomm.
1932 3191 1964 3246 ln

279 3283 351 3334 stum
366 3271 422 3342 40
436 3281 524 3336 saneti
539 3281 667 3352 llemigli,
679 3281 776 3337 llilarii
787 3287 815 3338 et
823 3281 924 3340 Felicis
934 3283 1099 3340 celebretur.
1141 3273 1355 3354 septuagesima,
1383 3283 1418 3338 ιι
1440 3283 1522 3336 Deum
1544 3277 1692 3347 hedenus,
1713 3279 1863 3350 celebrato,
1882 3279 1961 3352 (lle)

314 3369 470 3425 Transactis
493 3369 581 3438 iestis,
605 3371 634 3426 in
653 3371 804 3428 Dominicis
819 3387 906 3442 usque
928 3373 963 3428 ad
987 3374 1102 3443 septoa-
1141 3372 1282 3429 matutina
1305 3370 1401 3427 laudes
1420 3383 1482 3426 cum
1505 3365 1681 3425 alleluiaticis
1695 3369 1855 3439 antiphonis
1869 3374 1896 3424 et
1910 3369 1963 3440 hp-

277 3457 407 3529 gesimam
431 3460 574 3530 processio
595 3459 634 3516 ita
654 3459 700 3516 ιιι
714 3465 744 3516 ιι
768 3461 802 3517 ιι
828 3463 987 3519 crucifixum
1007 3462 1100 3519 diver·
1141 3475 1206 3518 mno
1235 3461 1375 3517 liniantur.
1404 3462 1426 3517 ι
1449 3459 1661 3531 'septuagesima
1688 3471 1776 3530 usqne
1803 3457 1833 3514 in
1861 3457 1964 3514 Pascha

278 3552 327 3604 tat.
352 3547 519 3617 lintipbonae
543 3550 774 3620 processionales,
787 3551 830 3608 vel
850 3551 1026 3622 responsoria
1041 3553 1101 3622 eius
1144 3549 1222 3622 (144)
1245 3552 1273 3606 ιι
1296 3549 1438 3607 matutinis
1453 3563 1503 3620 per
1517 3549 1673 3606 Dominicas
1686 3553 1783 3606 noctes
1797 3547 1852 3604 duo
1866 3545 1963 3618 psalmi

276 3639 858 3712 temporisoantentur‚quaeanteoborum
874 3639 1100 3714 linianturil35)
1141 3644 1302 3697 mutantur:
1328 3639 1538 3704 misereremei,
1563 3639 1644 3705 Deus,
1666 3643 1695 3694 et
1723 3635 1885 3708 Donfiurnt'ni
1907 3637 1963 3693 Do·

276 3727 484 3783 introeuntibus
507 3727 642 3796 eborum,
668 3735 766 3786 cantor
785 3729 964 3800 antiphonam
987 3737 1034 3786 aut
1057 3744 1100 3786 re·
1139 3729 1219 3785 mino.
1237 3730 1351 3786 Peccata
1375 3726 1448 3784 enim
1471 3733 1567 3784 nostra
1586 3727 1715 3799 plangere
1738 3730 1859 3796 oportet,
1882 3725 1964 3784 iliae-

276 3815 452 3883 sponsorinm
474 3816 589 3885 incipiat
612 3817 647 3872 de
670 3823 781 3884 sancto,
808 3819 887 3887 cuins
911 3823 953 3874 est
971 3819 1097 3876 eeclesia.
1139 3831 1199 3874 rere
1219 3819 1279 3886 mei,
1302 3819 1383 3884 Deus,
1407 3817 1536 3874 dicendo.
1561 3817 1664 3883 Quibus
1685 3828 1751 3870 vero
1775 3814 1868 3872 cordis
1886 3814 1963 3885 plan-

276 3901 492 3958 Dominioalibns
515 3910 542 3958 et
561 3902 704 3961 ferialibus
726 3905 857 3962 noctibus
876 3905 1007 3974 epistolae
1023 3907 1099 3962 Pauli
1140 3909 1186 3962 eiu
1210 3905 1319 3974 deletis,
1343 3905 1485 3962 eharitatis
1508 3904 1607 3960 dducia
1626 3902 1735 3958 accensi
1759 3901 1892 3959 debemus
1905 3904 1963 3961 len-

276 3991 422 4062 legantur;
452 3995 629 4063 responsoria
657 3994 692 4052 de
718 3995 832 4067 psalmis
859 3999 1023 4066 cantentur;
1053 4010 1100 4052 ex·
1139 3993 1205 4051 dare
1229 3995 1384 4062 Dominum,
1406 4000 1434 4052 et
1456 3993 1572 4051 invicem
1598 3991 1703 4048 hortari
1726 3991 1842 4048 Domino
1869 3994 1961 4049 conli-

276 4082 365 4151 ceptis
378 4088 469 4138 autem
483 4083 634 4141 Dominicis
648 4089 675 4140 ct
690 4084 805 4154 iestivls,
825 4099 923 4156 preces
942 4089 970 4141 et
993 4087 1098 4157 agenda
1139 4085 1191 4140 ieri
1205 4085 1335 4155 quoniam
1356 4085 1447 4141 bonus
1465 4088 1517 4140 est.
1541 4084 1571 4138 lu
1596 4081 1683 4152 prima
1696 4093 1762 4138 vero
1776 4080 1806 4137 in
1819 4081 1882 4139 loco
1895 4083 1963 4140 Don-

276 4175 447 4229 mortuorum
471 4177 597 4245 agantur.
627 4174 695 4242 Quia
718 4189 784 4232 vero
809 4176 869 4232 dies
890 4174 963 4231 inter
976 4175 1099 4232 circunv-
1137 4174 1264 4245 tltemict,
1293 4175 1417 4230 Dominus
1444 4173 1572 4244 repectit.
1602 4173 1667 4228 Post
1692 4171 1855 4229 matutinum
1883 4185 1960 4230 com·

276 4261 409 4319 cisionem
432 4267 460 4320 ei
483 4263 663 4334 Epiphaniam
692 4279 831 4335 exponere
860 4265 1095 4336 pretermisimus,
1137 4264 1298 4321 memoratio
1324 4269 1427 4321 sanotae
1456 4265 1568 4332 llariae,
1591 4262 1775 4334 ,omniumque
1803 4267 1960 4319 sanctorum

274 4352 329 4410 hoo
351 4353 381 4409 in
405 4352 467 4409 loco
486 4355 652 4411 interserere
676 4356 849 4412 commodum
869 4356 1044 4412 arbitramur.
1064 4357 1096 4411 ln
1137 4353 1203 4410 item
1222 4369 1284 4411 cum
1307 4353 1481 4411 alleluiaticis
1503 4345 1555 4416 43
1585 4352 1743 4424 antiphonis
1770 4357 1875 4408 mnium
1904 4351 1958 4408 ιιι.

274 4443 395 4499 ιιιιιιιο
424 4443 647 4500 Circumcisionis
675 4445 782 4500 Domini
812 4445 983 4502 celebramus
1015 4443 1211 4516 octa-Dillbi
1242 4446 1308 4502 Post
1340 4445 1529 4501 benedicemus
1563 4457 1624 4500 cum
1652 4441 1767 4498 Albium
1800 4443 1961 4512 pronuntie-

273 4545 335 4587 vnm
368 4532 455 4587 sancti
488 4532 619 4602 Stephani
651 4547 727 4591 more
757 4535 937 4605 Dominicall;
961 4536 990 4592 in
1014 4535 1096 4592 tertia
1137 4540 1192 4603 tur,
1218 4549 1270 4592 nec
1293 4535 1365 4592 ultra
1383 4535 1417 4593 ad
1439 4535 1586 4592 Sabbatum
1609 4534 1721 4590 Paschae
1744 4532 1887 4601 audiatur,
1911 4531 1959 4588 sed

273 4618 330 4686 die,
350 4621 438 4676 saecu
461 4621 584 4690 loannis,
611 4627 642 4679 ut
659 4622 759 4681 festum
784 4625 922 4698 apostoli;
943 4625 971 4680 in
987 4635 1095 4696 quarta,
1137 4625 1166 4680 ln
1190 4626 1250 4695 ejus
1272 4625 1335 4682 loco
1350 4627 1421 4682 bons
1442 4623 1499 4690 itit,
1514 4623 1633 4690 Domine,
1656 4625 1684 4679 ei
1706 4623 1735 4678 in
1760 4622 1842 4681 missa
1857 4626 1960 4678 tractus

272 4711 430 4764 sanctornm
453 4699 655 4781 lnn'ocentinm,
682 4719 712 4769 ut
734 4715 822 4770 sancu
846 4715 987 4785 Stephani.
1015 4713 1095 4788 (136)
1138 4719 1273 4771 cantetur.
1299 4713 1377 4782 Quod
1402 4714 1435 4769 ab
1459 4711 1519 4784 ipsa
1538 4712 1595 4782 dle,
1618 4713 1653 4768 Pe
1675 4713 1758 4768 Deum
1781 4715 1808 4768 ιι
1827 4709 1919 4768 Gloria
1933 4709 1961 4765 ln

272 4794 370 4866 vigilia
384 4811 449 4855 vero
471 4800 641 4871 Epiphaniae,
658 4817 739 4872 qnam
757 4803 854 4873 plebes
868 4805 975 4862 diverse
989 4803 1094 4873 colunt,
1137 4803 1258 4871 eusebie,
1283 4807 1311 4860 et
1332 4801 1457 4872 licinio,
1474 4815 1561 4872 usque
1576 4801 1610 4857 ab
1634 4801 1738 4857 Pascha
1755 4797 1959 4868 intermittitur,

273 4889 327 4962 (alii
343 4891 414 4946 enim
427 4892 562 4963 jejunant,
588 4900 615 4950 et
640 4893 687 4950 alii
702 4895 851 4966 prandent)
869 4895 950 4952 nobis
970 4895 1095 4966 jejunan-
1137 4897 1165 4949 et
1179 4892 1207 4949 ln
1221 4893 1283 4950 loco
1297 4891 1423 4960 Alleluia,
1439 4889 1513 4963 quod
1538 4890 1702 4947 llebraicum
1726 4887 1835 4944 caeteris
1857 4887 1961 4960 linguis

271 4979 336 5036 dum
360 4993 512 5051 congruum
532 4983 642 5040 videtur
662 5003 669 5038 :
695 4983 797 5039 nullam
813 4984 885 5039 eninr
901 4983 1094 5040 celsitudinem
1136 4981 1246 5054 celsius,
1271 4984 1342 5038 Luce
1359 4981 1415 5050 tibi,
1439 4980 1559 5050 Domine,
1583 4978 1658 5052 quod
1678 4975 1808 5034 humilius
1823 4979 1876 5046 est,
1892 4977 1961 5034 dici·

271 5070 432 5128 reverentiae
458 5069 540 5142 buius
563 5070 619 5128 diei
640 5074 803 5144 reperimus,
820 5087 902 5143 qnam
924 5073 952 5129 in
967 5074 1094 5130 omnibns
1135 5085 1196 5127 mus
1220 5071 1324 5143 (Graeca
1342 5069 1415 5126 enlm
1444 5075 1472 5126 et
1494 5067 1601 5137 Latina,
1622 5072 1784 5138 ceteraeque
1803 5065 1905 5138 llpgnae
1924 5065 1958 5122 ιι

271 5157 369 5216 diebus
387 5160 592 5216 Puriileationis
615 5169 717 5220 sanctes
739 5163 830 5220 blarlae
852 5161 931 5235 (137)
948 5163 1094 5234 inquibus
1135 5160 1369 5231 comparationem
1391 5159 1535 5216 llebraicas
1559 5171 1694 5229 pauperes
1717 5157 1871 5224 vocantur),
1890 5151 1960 5212 aidi·

270 5261 321 5317 per
338 5248 444 5320 aliquot
458 5249 519 5306 dics
535 5251 701 5320 jejunamus.
717 5255 750 5308 ιι
764 5253 829 5324 quia
843 5257 919 5308 tanta
933 5253 1093 5310 solemnitas
1136 5249 1202 5320 ctio,
1219 5263 1300 5319 quam
1316 5247 1345 5304 in
1366 5247 1410 5304 his
1431 5248 1607 5320 septuaginta
1629 5245 1729 5302 diebus
1748 5243 1915 5302 contritione
1930 5248 1960 5300 ei

269 5328 314 5397 ίιΙ
343 5339 423 5396 ιοιιι
446 5341 579 5408 imminet,
607 5341 636 5396 in
660 5356 713 5412 qua
732 5357 762 5399 se
782 5346 839 5400 tota
854 5341 972 5398 Trinitas
990 5343 1093 5400 mundo
1134 5337 1288 5394 hnmilitate
1312 5336 1405 5394 cordis
1429 5352 1479 5410 pro
1504 5335 1626 5408 pcccatis
1645 5334 1748 5392 nostris
1763 5347 1892 5392 exercere
1908 5331 1959 5388 de·

269 5425 470 5499 manifestavit,
498 5434 608 5502 oportet
631 5443 682 5487 nos
704 5431 854 5503 purificari.
885 5432 1006 5503 Simplex
1026 5445 1092 5489 vero
1134 5429 1240 5494 bemus,
1268 5441 1322 5500 qua
1346 5441 1409 5485 vera
1433 5427 1561 5484 libertate
1586 5423 1686 5496 adepta
1709 5423 1743 5481 ad
1767 5423 1959 5481 hereditatem

264 5516 400 5585 jejunium
424 5535 485 5576 cum
510 5521 645 5578 bonorum
669 5535 784 5592 operum
803 5521 894 5582 irucln
909 5536 974 5580 vera
988 5525 1030 5580 est
1044 5536 1092 5593 pu·
1134 5517 1254 5574 ccelesiis
1278 5517 1375 5592 patrie
1398 5517 1490 5576 redire
1514 5529 1687 5584 mereamur,
1712 5515 1883 5587 designatur.
1907 5513 1960 5570 lot

267 5605 384 5665 rillcatlo
400 5609 509 5666 mentis.
1133 5609 1206 5666 enlm
1228 5623 1362 5667 annorum
1381 5613 1506 5678 tempore
1530 5605 1610 5678 plebs
1628 5605 1778 5665 israelitica
1792 5605 1958 5664 delictorum
2052 5681 2053 5691 ἵ
