4024 6174
240 329 294 388 m
677 348 686 354 ·
721 323 910 382 ssnvnotnl
928 319 1136 382 ensentium
1155 319 1438 380 mdsrliiiinlisls
1863 317 1914 374 isis

241 453 422 525 inaniloquia
434 451 510 524 quod
525 465 595 523 papa
615 448 852 516 constituerat-ei
867 447 971 520 pariter
984 445 1093 516 ohne-A
1106 443 1269 506 electionem
1298 459 1375 504 suum
1404 444 1563 505 testimonio
1599 445 1737 518 probabili
1770 445 1924 506 canonican

241 545 325 602 diret.
339 544 463 614 benique
476 542 595 598 domnus
612 538 782 612 apostolicus
795 537 887 596 denuo
902 549 1060 596 exeommu·
1104 549 1164 592 esse
1179 535 1280 593 ibidem
1296 533 1460 594 tastltleatua
1477 541 1534 604 osi:
1548 541 1591 594 sot
1605 549 1656 607 pro
1676 535 1837 594 investitura
1865 547 1926 592 coa·

241 633 342 690 nicavit
374 631 463 699 illurn,
487 630 663 701 quicumque,
696 639 732 684 ne
764 627 792 684 in
825 627 967 698 preterito
986 638 1060 684 anno
1105 630 1147 684 tra
1169 625 1328 682 canonicam
1357 629 1385 682 et
1407 625 1587 695 apostolicam
1614 625 1786 684 montionem
1815 637 1831 680 a
1860 623 1925 680 laica

241 721 409 792 colloquium
431 719 520 785 heret,
535 717 660 788 quolibet
674 716 785 788 ingenio
804 730 853 772 seu
875 715 995 776 lectione
1009 715 1060 770 im·
1104 725 1222 782 persona
1241 713 1295 770 sibi
1322 720 1453 784 usurpata
1475 729 1491 770 a
1510 729 1579 785 papa
1594 715 1768 785 reprobatus,
1784 711 1925 770 diinnitio

240 809 377 880 pedierit;
397 807 554 879 pariterque
576 818 649 870 eum,
678 803 726 874 qul
745 802 864 861 ictorum
890 802 1058 874 impedierit,
1104 801 1148 857 nis
1161 801 1285 872 ejusdcm
1304 807 1435 859 statutam
1458 817 1488 859 se
1516 803 1657 874 ignorasse
1682 810 1710 860 et
1734 816 1790 861 non
1805 801 1923 866 audisse,

239 898 314 969 quod
328 897 420 954 denno
433 896 484 951 hae
498 895 557 950 uice
571 892 725 950 constituit.
1104 888 1211 960 synodo
1225 888 1254 944 id
1269 889 1307 946 ita
1318 889 1471 958 judicante,
1491 891 1672 963 jurejarando
1694 890 1783 962 palam
1801 903 1926 961 compro

274 984 418 1044 Prediotis
445 987 535 1039 autem
568 980 688 1038 induciis
719 980 841 1038 omnium
873 981 1058 1038 Romanorum
1104 977 1187 1034 bavit.
1202 978 1377 1036 Dehincioto
1391 989 1527 1038 conventu
1544 995 1594 1051 pro
1608 993 1642 1036 eo
1663 981 1691 1036 in
1705 979 1734 1036 id
1749 981 1838 1050 ipsum
1852 977 1925 1048 apud

238 1077 344 1134 animos
366 1074 418 1131 sibl
440 1071 597 1129 conciliauit
619 1071 646 1128 in
672 1075 787 1138 mnium,
814 1077 845 1127 nt
867 1083 923 1128 nou
943 1068 1059 1126 ulterius
1104 1079 1201 1136 papam
1214 1068 1414 1135 intercedente,
1430 1068 1458 1126 in
1484 1069 1589 1139 primis,
1609 1075 1640 1126 nt
1660 1070 1745 1125 meris
1759 1073 1811 1134 est,
1824 1068 1925 1136 justam

239 1165 382 1222 anathema
397 1161 588 1218 inileinrienm
600 1159 806 1232 regemdiiierri
821 1165 925 1230 petant,
941 1158 1058 1216 simodo
1103 1159 1132 1212 et
1146 1155 1272 1214 idoneam
1295 1157 1491 1214 oboedientiam
1508 1173 1541 1214 ac
1554 1158 1752 1229 subjectionem
1777 1164 1806 1212 et
1830 1155 1927 1212 sudm-

237 1253 291 1312 sihi
304 1251 428 1310 oboedire
443 1257 610 1308 conoemnnt.
626 1248 716 1308 llichil
734 1262 799 1305 vero
814 1247 849 1304 de
863 1247 974 1320 regibus
988 1259 1058 1318 papa
1102 1244 1177 1314 glum
1200 1245 1359 1316 apostolica
1385 1247 1444 1304 sodi
1469 1255 1497 1304 et
1519 1249 1607 1304 sancti
1630 1247 1705 1304 Petri
1726 1245 1830 1302 vicario
1846 1259 1925 1315 papa

237 1353 311 1399 nono
337 1339 476 1406 sanctivit,
510 1338 563 1395 nisi
595 1336 670 1406 qnod
699 1335 851 1392 pataviensi
883 1341 911 1392 et
944 1333 1057 1392 Memnsi
1102 1334 1234 1404 Gregorio
1261 1349 1312 1405 per
1335 1335 1527 1407 iusiurandum
1550 1335 1701 1406 professus,
1715 1335 1751 1392 ab
1765 1347 1798 1393 eo
1812 1334 1925 1392 anulum

237 1430 369 1502 episeopo
396 1427 513 1499 aliisque
543 1425 686 1497 collegatis
713 1437 818 1494 eornm,
843 1427 973 1494 quantum
1006 1436 1058 1494 pro
1103 1427 1131 1478 et
1154 1422 1255 1494 virgam
1280 1429 1308 1481 ei
1337 1431 1437 1482 catera
1464 1423 1649 1496 tquileionsis
1670 1423 1873 1494 patriarchatus
1887 1423 1926 1479 in·

236 1517 371 1588 temporis
383 1515 549 1574 neeeffitate
568 1515 702 1584 oportuit,
718 1526 774 1571 non
789 1525 986 1584 usquequaque
1001 1512 1059 1570 dis·
1101 1510 1191 1582 signia
1210 1512 1344 1570 canonice
1362 1513 1503 1581 suscepit;
1524 1517 1567 1571 set
1586 1525 1642 1570 non
1666 1525 1728 1570 curn
1742 1525 1777 1570 eo
1791 1511 1925 1582 deinceps

237 1607 345 1680 plicuit
369 1607 470 1664 Omnes
483 1603 620 1675 siquidem
639 1603 768 1660 meliores
789 1603 819 1660 in
837 1607 915 1673 parte
929 1601 1057 1660 licudoiil
1102 1613 1300 1671 usquequaque
1316 1599 1435 1659 ildeliter
1458 1601 1523 1673 egit.
1551 1600 1706 1660 cardinalis
1731 1613 1842 1671 qnoque
1862 1602 1925 1657 Ber-

236 1697 311 1768 rsgls
338 1695 491 1752 firmissime
519 1693 710 1759 constiterant,
744 1705 825 1762 quem
853 1690 1058 1748 obedientiori·
1101 1689 1214 1758 nardus,
1245 1689 1312 1762 quid
1339 1690 1443 1748 laboris
1469 1697 1498 1748 et
1532 1691 1717 1762 periculorum
1749 1690 1924 1761 inpartibus

236 1799 310 1842 mum
325 1783 426 1841 domno
441 1795 519 1853 papa
532 1795 581 1854 per
595 1781 685 1838 omnia
699 1779 954 1851 comprobaverant.
1064 1777 1202 1838 ilnostris
1232 1779 1406 1842 sustinuerit.
1439 1787 1467 1838 st
1498 1793 1580 1851 quam
1613 1779 1754 1837 minimum
1787 1779 1923 1836 aeclesiae

272 1871 458 1930 Theodericus
481 1869 537 1927 dur
564 1867 639 1942 (192)
658 1882 805 1940 comesque
826 1867 967 1926 leimarus
981 1867 1057 1942 (193)
1098 1867 1231 1938 prodesse
1245 1869 1378 1940 potuerit,
1394 1873 1422 1926 et
1435 1869 1509 1926 luter
1521 1873 1633 1936 caetera,
1648 1869 1713 1940 quia
1727 1881 1819 1940 regem
1835 1869 1923 1926 ilein·

238 1975 288 2033 pro
324 1961 465 2018 invasione
501 1957 631 2016 delensis
662 1957 796 2014 aeclesia
829 1957 1057 2015 exeommunicati
1098 1955 1186 2013 uicum
1211 1970 1262 2015 sno
1290 1971 1427 2016 consensu
1453 1957 1482 2014 in
1506 1957 1601 2029 primis
1623 1957 1816 2029 allogontino
1831 1965 1862 2014 et
1875 1972 1923 2014 sex

236 2051 455 2119 sorbilemque
478 2059 584 2113 omncs,
604 2046 652 2117 qui
675 2046 749 2103 bona
772 2046 976 2118 cpiscoporum,
1001 2048 1058 2105 llo-
1098 2044 1160 2102 aliis
1183 2059 1244 2116 cum
1273 2046 1412 2118 episcopis
1433 2045 1557 2117 judiciali
1579 2059 1697 2104 censura
1718 2047 1792 2116 iuste
1811 2059 1923 2104 excom·

236 2138 343 2211 gontini
365 2137 473 2196 scillcet
495 2145 524 2193 et
547 2141 710 2194 eaemrornm
738 2137 786 2207 qui
810 2135 845 2193 de
872 2136 986 2194 sedibus
999 2137 1057 2194 snio
1098 2134 1276 2199 manicatum,
1301 2139 1329 2192 et
1350 2135 1411 2206 ipse
1431 2127 1509 2205 lusia
1531 2139 1700 2206 preceptum
1728 2134 1802 2192 iliius
1815 2149 1833 2191 a
1847 2149 1924 2193 com·

236 2227 342 2299 expulsi
369 2225 486 2294 merant,
514 2224 616 2294 injuste
644 2224 697 2281 sihi
732 2224 956 2282 vendicaverunt.
988 2226 1056 2282 item
1098 2223 1228 2281 munione
1260 2223 1387 2294 corporis
1414 2229 1443 2280 et
1469 2223 1611 2296 sanguinis
1632 2223 1740 2281 Domini
1767 2237 1830 2280 eam
1859 2237 1922 2282 cum

234 2312 446 2372 liedloianensis
468 2314 617 2385 episeopus
633 2317 661 2369 et
678 2313 838 2384 Ravennasp
858 2325 909 2369 ner
924 2326 980 2370 non
1004 2328 1055 2384 pa·
1096 2311 1225 2370 omnibus
1247 2313 1300 2370 sihi
1328 2312 1566 2370 mosentionoibns
1587 2311 1792 2382 abalienaverit,
1813 2319 1844 2370 et
1860 2329 1877 2370 a
1895 2315 1923 2372 li·

233 2404 303 2462 riter
324 2403 375 2475 qai
395 2403 522 2459 abbatem
544 2403 709 2474 augiensem
729 2409 870 2473 ceperant,
885 2402 934 2472 qul
949 2407 978 2458 et
996 2403 1056 2474 ipse
1097 2400 1217 2458 minibus
1231 2400 1365 2458 acclesiae
1384 2407 1414 2457 ui
1433 2399 1597 2473 sacrilegum
1611 2401 1736 2471 eiecerit,
1755 2407 1784 2458 et
1798 2401 1825 2458 el
1842 2404 1922 2475 regni

232 2493 268 2550 ad
282 2492 417 2564 synodum
437 2504 488 2562 pro
509 2505 592 2548 causa
610 2505 660 2546 sua
675 2488 869 2562 proclamanda
888 2490 1053 2558 tetenderat,
1096 2489 1280 2561 gubernacula
1294 2493 1390 2560 utpote
1413 2495 1530 2560 tyranno
1549 2495 1577 2548 et
1595 2490 1715 2548 invasori
1730 2491 1921 2560 interdixerit,

233 2581 388 2638 Parmensis
425 2579 549 2651 episcopi
583 2577 659 2651 (rel)
702 2577 804 2635 milites
835 2579 1054 2637 anathematizati
1097 2583 1125 2648 et
1148 2579 1207 2650 regi
1230 2577 1368 2636 liondoiio
1382 2583 1478 2648 utpote
1493 2578 1553 2636 sedi
1572 2578 1732 2649 apostoliea
1751 2593 1803 2650 per
1825 2583 1922 2638 omnia

233 2675 307 2727 sunt.
337 2670 398 2740 lpse
420 2673 511 2725 numm
538 2668 574 2725 ob
601 2667 716 2724 eandem
740 2673 880 2738 capturam
909 2668 1054 2727 abolicio
1095 2664 1332 2722 obedientissime
1364 2665 1529 2732 subdiderit,
1567 2665 1697 2723 domnum
1733 2669 1922 2737 apostolicum

231 2771 383 2828 suspensus
406 2763 459 2813 esi.
478 2755 570 2812 nobas
584 2753 616 2787 ’⁸'
640 2754 761 2822 modom
778 2769 839 2812 cum
858 2755 939 2812 aliter
953 2771 983 2813 ae
998 2768 1054 2816 non
1095 2767 1151 2812 non
1169 2755 1282 2812 omnine
1297 2753 1396 2822 tacuit;
1421 2767 1473 2811 nec
1491 2768 1547 2812 non
1569 2756 1752 2812 Romanorum
1767 2759 1923 2829 praecipuis

232 2859 314 2918 posse
341 2844 454 2902 liberari
476 2844 700 2916 persentisceret,
721 2846 837 2916 pecunia
852 2846 910 2902 suis
924 2850 1003 2917 pacta
1022 2859 1054 2903 ae
1095 2849 1123 2900 et
1136 2843 1292 2914 quibusque
1323 2843 1435 2913 optimis
1460 2843 1630 2902 haecomnia
1652 2845 1773 2901 seriatim
1787 2845 1922 2904 intimare

229 2939 319 3008 lamia
342 2935 512 3005 captoribus,
540 2934 670 2992 dimissus
686 2934 721 2990 ab
745 2934 796 3002 eis,
820 2936 945 3004 Romam,
972 2939 1054 3006 prout
1095 2945 1150 2990 non
1164 2932 1269 2990 omisit.

230 3029 312 3080 antea
326 3022 474 3094 disposuit,
492 3022 664 3094 gratulanter
676 3021 811 3093 pervenit.
827 3022 894 3079 lade
908 3037 990 3080 causa
1004 3037 1054 3080 sua
1129 3022 1250 3078 bomnus
1278 3026 1368 3079 nutem
1392 3021 1563 3094 apostoliens
1586 3021 1656 3079 miro
1670 3022 1789 3094 quodam
1805 3024 1922 3098 ingenio

229 3110 302 3182 apud
331 3124 428 3180 papam
452 3109 486 3166 ad
510 3109 617 3168 libitum
637 3116 758 3181 pometa,
779 3124 835 3168 non
849 3112 910 3168 sinc
929 3093 1146 3183 periruioGiam
1171 3111 1233 3181 plus
1256 3123 1337 3181 quam
1364 3124 1465 3168 annum
1480 3111 1646 3168 haecomnia
1669 3111 1723 3168 sibi
1746 3125 1802 3172 non
1822 3114 1923 3186 ignota

228 3199 264 3257 ad
277 3200 390 3272 augiam
412 3198 551 3270 quondam
565 3212 642 3256 suam
662 3201 828 3266 rescribam
848 3201 894 3257 cui
909 3215 958 3257 rea
971 3202 1054 3259 licin-
1093 3199 1171 3269 qnasi
1212 3198 1411 3257 dissimulando
1443 3201 1622 3258 sustinuerat.
1659 3200 1736 3268 Quod
1774 3205 1923 3261 nonnullis

227 3289 370 3360 eleusiam
389 3289 418 3345 in
433 3287 535 3359 pascha
550 3295 695 3360 tyrannum
710 3287 787 3345 illum
810 3290 1050 3358 anathematicum,
1092 3299 1197 3359 maguae
1220 3285 1272 3344 iuli
1294 3288 1469 3346 admirationi
1493 3303 1544 3346 cur
1572 3287 1689 3346 iecerit:
1718 3290 1771 3346 nisi
1800 3289 1922 3350 iorsimn

226 3391 309 3450 quam
334 3378 416 3434 etiam
438 3376 517 3434 cellro
535 3378 624 3433 saneti
638 3375 707 3434 Galli
729 3377 904 3436 destruendas
919 3393 1052 3450 superpo·
1092 3375 1160 3433 illud
1185 3375 1365 3447 colloquium,
1394 3377 1469 3448 quod
1490 3391 1540 3447 pro
1563 3383 1619 3434 iam
1647 3378 1761 3436 maxima
1775 3379 1924 3440 discordia
2008 3427 2009 3435 ,

225 3473 327 3534 suerat,
341 3467 526 3524 antiabbatem
540 3479 592 3523 suo
607 3479 684 3524 more
697 3473 875 3536 opposuerat.
1090 3463 1213 3522 sedanda
1227 3465 1318 3523 denuo
1339 3467 1396 3536 jam
1416 3468 1527 3538 iamque
1547 3466 1599 3524 auh
1621 3467 1792 3524 enumerante
1815 3472 1924 3528 consti·
2007 3530 2008 3547 χ

260 3555 333 3612 llisii
354 3569 465 3627 quoque
493 3554 613 3611 domnus
639 3552 810 3625 apostoliens
837 3554 944 3612 litteras
974 3554 1049 3629 (195)
1091 3558 1192 3621 tuerat,
1220 3554 1255 3610 ad
1283 3552 1457 3616 eidciendum
1486 3554 1561 3626 qnod
1589 3553 1716 3622 uoluerit,
1742 3555 1835 3614 solum
1867 3559 1923 3616 sibi

225 3657 276 3715 per
297 3647 385 3703 totum
408 3643 607 3701 Theutonicum
623 3647 651 3699 et
664 3642 788 3700 italicum
817 3657 930 3716 regnum
953 3649 1050 3703 sancto
1090 3641 1217 3700 suideere
1244 3655 1300 3699 non
1328 3642 1504 3700 dubitaverit.
1534 3644 1581 3700 Sin
1610 3647 1711 3712 autem,
1740 3644 1919 3716 colloquium

224 3733 306 3790 Petro
338 3731 544 3789 obedientibus
576 3732 605 3787 in
633 3730 693 3788 hac
725 3731 829 3788 verba:
857 3733 891 3789 Si
918 3732 963 3804 qui
988 3739 1050 3790 aunt
1090 3729 1265 3801 impedituris
1293 3736 1321 3788 et
1343 3731 1397 3788 sibi
1424 3731 1458 3789 ad
1484 3745 1578 3804 pacem
1602 3737 1629 3790 ct
1657 3734 1837 3792 concordiam
1863 3749 1923 3794 noo

223 3819 372 3890 prasonem,
389 3820 495 3876 diaconi
511 3818 553 3875 oei
570 3817 735 3886 suddiaconi,
762 3820 805 3891 qai
833 3820 942 3890 jaceam
955 3821 983 3876 in
997 3822 1050 3880 cri-
1090 3818 1267 3886 ohoediturls,
1289 3818 1363 3876 istud
1391 3823 1458 3877 tunc
1480 3820 1514 3877 ad
1550 3821 1642 3894 priora
1665 3835 1714 3878 sna
1740 3823 1922 3882 anathemata
2004 3865 2005 3887 r

224 3908 292 3964 mine
320 3907 513 3977 immeliorata,
536 3907 715 3964 interdicimus
742 3909 781 3964 eis
803 3923 839 3964 ec
864 3913 941 3980 parte
963 3912 1050 3967 omni-
1089 3907 1226 3978 quacior
1251 3907 1401 3978 improvise
1435 3909 1647 3976 accumulatum,
1671 3911 1854 3980 justissimus
1888 3927 1923 3970 ae

222 3996 335 4067 potentis
353 3995 403 4052 liri
430 4001 455 4052 ei
481 3995 638 4052 auctoritaie
659 3997 745 4053 acacii
758 3997 831 4054 Petri
849 3997 980 4054 introitum
1000 4014 1051 4055 rao·
1089 3995 1279 4057 severissimus
1298 3996 1384 4066 judex
1411 4003 1489 4055 ianm
1517 3998 1603 4068 magis
1628 3999 1656 4056 in
1686 4005 1823 4058 carnum
1840 4003 1923 4060 darn·
2003 3987 2004 3994 ἶ

224 4083 321 4152 simia,
337 4099 419 4156 cuque
433 4084 493 4142 darm
504 4085 650 4157 perseam
663 4091 688 4142 et
702 4086 846 4143 mmdeni.
871 4087 905 4142 st
927 4087 972 4158 qui
988 4102 1050 4146 aero
1089 4084 1196 4142 mandis
1219 4083 1251 4118 ¹⁸⁸
1278 4085 1421 4156 imponere
1445 4085 1644 4144 destinauerit:
1665 4095 1696 4146 ut
1717 4103 1800 4160 quem
1821 4093 1922 4150 mitem

220 4173 250 4228 ic
261 4177 370 4244 peceato
394 4186 442 4229 auc
461 4185 632 4246 perseuerare
654 4172 803 4242 maluerint,
825 4173 913 4230 aalma
935 4180 1049 4232 nmirum
1088 4180 1117 4232 ei
1138 4173 1355 4231 dissimulantem
1384 4173 1541 4245 perduelles
1566 4181 1799 4248 contempserant,
1827 4181 1923 4238 vindi·

220 4261 334 4335 offidaro
360 4275 449 4319 eonio
469 4260 618 4320 emendare
639 4267 791 4335 prosumni,
813 4263 875 4336 quio
903 4261 1047 4320 benedictio
1088 4276 1147 4320 cem
1166 4268 1233 4319 tunc
1246 4261 1423 4320 durissimum
1438 4264 1616 4336 perditissimi
1635 4267 1827 4337 experiantur.
2000 4295 2001 4337 q

220 4349 274 4410 iliis
300 4351 328 4408 in
350 4349 518 4410 caedmon
548 4356 674 4421 namur,
698 4357 723 4408 ei
746 4351 831 4408 mulio
854 4352 882 4407 ie
897 4361 1077 4483 peccaturis.D
1124 4349 1219 4408 Eidem
1232 4351 1363 4408 Romame
1377 4351 1483 4422 synodo
1496 4353 1644 4425 Gregorius
1663 4368 1733 4426 papa
1756 4359 1922 4426 praesidens

223 4443 256 4500 Gr
274 4447 386 4502 celem.
1086 4437 1155 4496 dixit
1166 4437 1239 4510 (197)
1257 4459 1264 4495 :

257 4531 433 4604 beringarius
456 4529 624 4588 Turonensis
651 4527 725 4600 (196)
753 4528 872 4586 heresim
887 4542 964 4586 snam
987 4527 1045 4586 lilio
1122 4526 1306 4584 Ordinationes
1337 4523 1369 4562 '⁸’
1400 4525 1514 4595 idomas,
1547 4529 1592 4600 qui
1618 4529 1653 4586 oi
1680 4536 1921 4594 commutantis
1998 4535 1999 4563 l

222 4619 367 4692 abiuravit,
382 4617 545 4677 catholicam
559 4618 640 4674 ldem
656 4617 807 4688 pmiessm.
1084 4621 1144 4673 suni
1170 4615 1295 4682 ordinum,
1315 4619 1465 4672 carolorum
1492 4617 1601 4674 Poirarn
1623 4623 1758 4690 squamea
1786 4624 1919 4694 saepia,
1997 4627 1998 4675 i

256 4709 402 4768 ilelnricus
423 4707 602 4780 augustensis
624 4705 754 4773 clericus,
775 4707 858 4777 quia
882 4719 947 4778 roge
961 4707 1045 4764 ilein·
1084 4705 1175 4762 irrina
1193 4705 1251 4776 iteri
1265 4707 1421 4764 mamimus.
1806 4739 1810 4752 ·

221 4799 280 4856 rico
294 4797 483 4856 investituram
496 4794 682 4867 aquileiensis
696 4792 894 4866 accleslaejam
907 4796 1042 4866 suscepit,
1119 4797 1186 4851 lien
1201 4793 1233 4826 ”⁰
1258 4798 1409 4851 carolorum
1434 4794 1657 4868 predecessorum
1684 4803 1834 4856 nostrorum
1856 4809 1923 4860 rte-

908 4894 1020 4950 VllilAE
1038 4893 1231 4950 theutones.

255 4993 395 5066 *homae
409 4991 498 5063 pinam
511 5004 573 5048 stac.
594 4989 707 5048 X1i'r’n
720 4989 748 5048 2.
787 4987 1016 5049 ”dammandi
1054 4989 1086 5023 ¹⁸·
1104 4992 1170 5064 Gap.
1186 4992 1208 5048 l.
1223 4989 1252 5047 in
1264 5004 1350 5059 murp.
1365 4989 1394 5046 2.
1432 4988 1465 5022 ¹¹⁰
1483 4989 1770 5064 Gap.lliarnorp.2.

1000 5089 1109 5147 NOTAE.

256 5189 330 5264 (192)
345 5187 544 5260 Letharinglae3
564 5187 599 5245 ci.
624 5187 749 5258 Gregorii
773 5187 913 5258 v11,neg.
929 5202 968 5254 vr,
994 5185 1040 5257 22,
1120 5185 1194 5258 (196)
1206 5185 1243 5242 ile
1258 5184 1310 5241 hac
1324 5197 1406 5242 causa
1420 5185 1449 5242 ln
1469 5186 1575 5257 synodo
1591 5191 1690 5244 tractat
1704 5188 1861 5249 bernoldus
1886 5196 1922 5252 in
1992 5209 1993 5237 l

218 5265 281 5322 daia
296 5277 313 5318 v
326 5263 397 5318 lion.
413 5259 504 5328 liert,
519 5271 545 5315 a.
563 5256 641 5316 1979.
659 5261 720 5316 Uss.
1081 5256 1219 5330 opusculo
1248 5269 1275 5312 n.
1305 5255 1347 5323 17,
1373 5260 1401 5312 et
1424 5257 1502 5328 lingo
1518 5257 1737 5316 Flaviniacensis.
1763 5261 1825 5319 Uss.
1849 5265 1922 5338 Cf„
1991 5339 1992 5344 ἵ

254 5333 324 5406 (193)
340 5331 476 5389 metensis.
1081 5331 1148 5386 tota
1162 5326 1283 5394 concilii,
1296 5327 1381 5383 llansi
1396 5328 1451 5394 lix,
1467 5343 1495 5398 p.
1506 5326 1569 5382 523.

254 5403 324 5472 (194)
349 5401 510 5470 Gberhardi,
538 5399 634 5460 cleriei
666 5407 747 5468 antea
778 5399 962 5464 coloniensis,
992 5401 1040 5472 qui
1117 5398 1189 5473 (197)
1203 5398 1509 5470 tittereGregoril.ii
1546 5413 1623 5468 .vr,
1642 5400 1689 5470 tiit,
1703 5401 1924 5468 illatasque
1990 5441 1991 5465 t

217 5473 334 5560 Gadalao
348 5478 538 5540 successoren
555 5470 720 5554 ciiiregcn
738 5470 794 5538 illl,
810 5471 877 5541 lieg.
894 5485 932 5536 vr,
951 5471 993 5526 18.
1082 5471 1109 5528 in
1132 5469 1239 5542 synodo
1270 5469 1302 5526 iil
1327 5475 1356 5526 et
1374 5484 1423 5528 rur
1447 5412 1616 5538 ilalofflart,
1640 5471 1698 5532 ind.
1723 5472 1751 5540 2,
1775 5474 1868 5546 igitur
1885 5495 1920 5538 a.
1989 5535 1990 5542 χ

253 5543 330 5616 (iilo)
344 5544 391 5602 ila
406 5543 507 5602 litterae
521 5543 787 5614 iniercregonanas
804 5539 878 5600 haud
902 5541 1038 5614 legentur.
1085 5541 1169 5609 1979;
1186 5555 1241 5600 non
1256 5546 1287 5599 ui
1301 5541 1464 5598 Ussermann
1481 5540 1538 5600 vult
1552 5555 1577 5602 a.
1597 5541 1674 5602 turs.
1989 5557 1990 5579 ¹

217 5619 277 5676 Uss.
