4024 6174
135 315 180 370 ιι
770 304 1165 364 eme-mum
1758 314 1811 373 Q

136 437 254 504 sarcinis,
270 435 392 504 domun,
411 449 466 494 non
483 434 565 508 pleno
585 439 675 492 tamen
690 431 839 502 trtompno,
856 428 1100 502 tripu-Auucrit,
1135 431 1187 488 nisi
1210 431 1306 490 cadem
1338 431 1440 503 predia
1472 433 1606 492 aecclesiis
1637 440 1808 512 restitnerit,

135 528 235 586 dientes
250 524 389 582 redibant.
990 521 1266 578 excommunicationi
1284 521 1434 591 subjaceat.

166 616 233 686 lpsts
246 614 346 672 dicbus
364 614 421 671 dux
445 613 611 672 Bertboldos
629 611 787 669 christiane
806 607 949 680 religionis
1026 627 1040 662 ι
1060 611 1088 666 si
1106 610 1170 680 quis
1187 612 1416 668 Nortmaonorum
1436 611 1540 682 pradia
1559 616 1718 672 monasterii
1737 618 1811 674 beati

132 711 232 762 amator
256 709 285 760 et
309 701 441 760 delensor
465 702 616 768 studiosos,
643 707 671 757 et
693 697 844 756 secondom
863 699 948 752 beorn
989 698 1130 754 Benedicti
1155 700 1256 756 montis
1278 701 1384 756 cassini
1407 702 1548 769 invaserit,
1564 702 1606 759 vel
1624 718 1811 778 quascumque

132 800 158 850 et
175 791 297 850 seculum
320 792 415 850 sobrie
434 798 462 848 et
485 792 613 848 ordinate
636 790 761 847 honeste
775 788 838 844 vitae
858 785 949 842 cultor
989 800 1035 844 res
1053 786 1175 857 ejusdem
1201 789 1360 844 monasterii
1379 789 1480 858 iny'oste
1494 790 1649 860 abstulerit,
1665 799 1694 850 et
1708 793 1752 850 bis
1769 794 1811 851 vel

131 895 185 938 non
199 881 337 948 modicos,
353 881 493 950 equitatis
511 887 538 936 ιι
563 881 649 950 pacis,
665 877 809 935 modestie
824 882 853 932 ιι
866 873 950 931 disci·
990 883 1033 932 ιιι
1054 876 1212 932 admonitus
1231 889 1286 935 uon
1310 877 1510 946 emendaverit,
1535 882 1812 940 excommunicationi

133 968 223 1040 plioe,
240 969 493 1026 misericordiarum
515 967 623 1038 zelique
644 967 692 1024 Dei
716 963 947 1029 servantissimus,
989 966 1144 1034 subjaceat,
1173 965 1264 1023 donec
1292 967 1456 1038 resipiscat,
1486 974 1514 1026 ιι
1542 969 1675 1028 ecclesie
1702 971 1813 1029 salisia-

130 1057 217 1128 legum
238 1062 266 1112 et
290 1057 455 1128 dignitatum
470 1061 646 1127 paternarum
660 1061 807 1110 exsecutor
819 1051 951 1108 scientis-
990 1055 1054 1112 ciat.
1405 1095 1409 1104 .

128 1146 229 1213 simos,
256 1145 298 1202 vir
324 1145 416 1217 magni
444 1144 553 1202 consilii
577 1143 809 1214 prudentissimos
837 1146 865 1196 ιι
892 1145 950 1196 tota
1027 1163 1041 1196 ι
1061 1143 1193 1210 Quoniam
1213 1144 1389 1208 invetttoras
1407 1147 1585 1206 ecclesiarum
1605 1157 1701 1210 conua
1714 1155 1815 1209 sutura

129 1248 238 1290 matrum
261 1234 408 1293 honestate
426 1235 494 1292 satis
514 1234 673 1300 virtuosus,
698 1232 789 1288 anima
812 1245 861 1288 sua
881 1235 948 1294 tota,
990 1239 1147 1290 sanctorum
1167 1233 1275 1288 Parrum
1300 1247 1316 1288 a
1338 1233 1418 1290 iaicis
1436 1235 1465 1292 ln
1489 1237 1583 1294 multis
1602 1245 1736 1296 terrarum
1756 1255 1816 1313 par·

131 1337 182 1393 qua
204 1324 341 1394 οιιιιιιιι,
366 1338 415 1394 spe
436 1324 546 1394 fidaque
569 1323 599 1380 in
623 1335 720 1380 manos
738 1321 786 1378 bet
808 1331 950 1376 commen·
991 1322 1065 1380 tibus
1089 1321 1147 1378 lieri
1172 1322 1359 1392 cognovimus,
1376 1330 1400 1380 ιι
1425 1339 1459 1380 en
1480 1339 1513 1396 co
1528 1325 1660 1396 plurimas
1673 1329 1702 1385 iu
1717 1328 1815 1386 eccle-

132 1412 204 1478 data,
221 1412 361 1484 domoque
384 1427 433 1472 sua
456 1412 608 1484 prudenter
631 1411 776 1483 disposita,
791 1408 866 1466 lelici
880 1420 950 1464 con·
991 1412 1032 1468 sia
1065 1411 1287 1482 perturbationes
1319 1425 1399 1478 esse,
1433 1413 1517 1470 immo
1549 1417 1643 1472 ruinas
1674 1419 1817 1488 religionis

126 1502 309 1558 commotione
323 1502 437 1569 diemo
452 1502 570 1558 utinam!
583 1499 760 1558 felicissimus
771 1497 804 1530 ¹⁷⁸
814 1497 951 1554 clauserat
991 1499 1202 1568 sauciemini,
1227 1514 1260 1556 ex
1288 1499 1389 1571 quibus
1417 1501 1476 1571 ipsa
1504 1503 1663 1562 christianae
1691 1520 1816 1564 censure

127 1598 288 1648 extremum.
992 1589 1112 1662 dignitas
1136 1588 1324 1656 conculcatur,
1349 1591 1552 1661 perspeximus,
1577 1593 1762 1663 decernimos,
1786 1603 1816 1654 ot

162 1678 304 1737 lllldollus
325 1679 502 1751 symoniacus
526 1678 572 1736 ille
596 1677 769 1740 coloniensis
796 1676 949 1747 appositus,
994 1679 1086 1736 nullus
1104 1677 1267 1736 clericorum
1291 1680 1467 1736 investituras
1490 1681 1677 1751 episcopatus,
1702 1683 1745 1739 vel
1769 1685 1817 1740 ab·

126 1767 290 1838 apostolice
328 1767 503 1824 auctoritatis
536 1767 699 1836 sententia,
736 1771 832 1838 utpote
869 1750 1085 1834 bere-Blaene,
1110 1768 1151 1824 vel
1177 1767 1322 1835 ecclesiae,
1342 1783 1391 1825 seo
1414 1769 1614 1840 prepositure,
1636 1772 1677 1827 vel
1700 1771 1817 1842 alicuy'ns

127 1856 197 1914 ticos
216 1855 263 1914 iur
286 1863 315 1914 et
338 1855 430 1924 labo,
456 1871 540 1928 super
564 1863 664 1914 terram
683 1855 828 1916 damnatos
842 1847 951 1922 eodem,
993 1857 1130 1914 clericalis
1150 1857 1292 1928 dignitatis
1315 1856 1350 1912 de
1373 1870 1453 1914 manu
1473 1858 1659 1929 imperatoris,
1674 1860 1717 1916 rel
1731 1863 1815 1932 regis,

126 1952 259 2004 automno
288 1946 414 2018 migravit
434 1960 449 2002 a
477 1945 571 2002 seculo
596 1945 679 2004 etiarn
705 1944 735 2002 in
758 1943 829 2002 coelo
851 1956 953 2014 perett-
993 1945 1036 2002 ιιι
1060 1945 1177 2016 alicujus
1198 1945 1276 2002 laicae
1299 1959 1436 2016 persone,
1457 1947 1508 2002 viri
1527 1946 1569 2004 vel
1593 1947 1712 2016 feminae,
1731 1950 1818 2006 susci·

125 2035 199 2092 niter
213 2035 326 2107 ligatus.
994 2035 1061 2106 piat.
1086 2034 1165 2102 Quod
1188 2035 1212 2091 si
1236 2036 1453 2106 presumpserit,
1473 2044 1654 2107 recognoscat
1676 2038 1818 2095 investitu-

158 2125 292 2195 synodus
314 2138 413 2196 naagna
438 2125 532 2182 Rome
556 2122 627 2181 iacta
644 2129 698 2191 est,
719 2129 776 2180 tom
791 2123 823 2158 ἰ·
841 2123 877 2179 ob
893 2121 955 2192 plo·
995 2137 1052 2180 ram
1075 2123 1150 2179 illam
1172 2122 1325 2196 apostolica
1343 2125 1507 2181 auctoritate
1531 2125 1637 2183 irritam
1655 2140 1726 2194 esse,
1741 2134 1770 2184 ιι
1787 2141 1817 2184 se

123 2212 209 2270 rimas
234 2213 369 2272 ecclesiae
394 2219 498 2275 sancte
522 2213 723 2282 necessitates,
751 2219 809 2270 torn
838 2213 954 2270 maxime
995 2226 1082 2282 usque
1107 2212 1142 2268 ad
1165 2211 1274 2283 dignam
1298 2210 1513 2270 satisfactionem
1541 2215 1817 2273 excommunicationi

122 2301 158 2356 ob
174 2303 355 2373 tyrannidem
370 2304 493 2361 lleinrici
507 2304 581 2374 regis
595 2301 832 2374 qualitercumque
846 2301 953 2358 sedan·
994 2300 1147 2382 subjaceas.

120 2388 199 2448 dam.
230 2393 259 2448 tn
283 2407 337 2462 qua
361 2393 505 2462 utriusque
529 2393 602 2464 regis
625 2391 708 2462 legati
723 2405 757 2448 en
771 2405 854 2448 cansa
868 2389 955 2448 domi·
1032 2409 1046 2443 ι
1066 2392 1094 2448 Si
1117 2391 1180 2462 quis
1203 2391 1351 2462 episcopus
1374 2392 1548 2462 prebendas,
1568 2393 1817 2462 archidiaconatus,

122 2486 238 2536 norom
256 2494 368 2538 snorum
391 2495 422 2538 se
447 2481 695 2552 proclamaverunt,
721 2494 825 2549 eosque
845 2480 954 2549 jurejc·
995 2482 1202 2552 preposituras,
1227 2480 1270 2538 vel
1295 2480 1387 2552 aliqua
1415 2480 1505 2537 olllcia
1533 2481 1728 2538 ecclesiastica
1755 2497 1821 2540 vcn-

116 2566 226 2636 rando,
244 2581 279 2624 ne
293 2567 558 2639 colloquium,qood
573 2569 691 2626 domnus
704 2581 775 2639 papa
788 2568 817 2624 in
833 2567 956 2638 proxima
996 2567 1108 2637 diderit,
1129 2571 1172 2627 vel
1195 2570 1276 2628 aliter
1299 2583 1379 2640 qoam
1403 2575 1505 2626 statuta
1527 2575 1686 2628 anctorum
1709 2573 1820 2628 Patron

118 2654 253 2727 synodo,
268 2670 303 2714 ue
327 2657 391 2728 quis
413 2658 570 2727 impediret,
590 2657 642 2712 snb
661 2657 834 2712 anathemate
849 2655 958 2712 consti-
998 2657 1163 2728 precipiunt
1182 2658 1360 2726 ordinaverit,
1380 2659 1416 2716 ab
1438 2658 1531 2716 oillcio
1553 2658 1748 2730 suspendatur.
1771 2661 1821 2716 111-

118 2746 188 2812 tuit,
217 2745 274 2814 ipsl
300 2745 375 2802 nclla
399 2751 459 2804 arte
477 2747 520 2802 vel
539 2745 651 2817 ingenio
675 2745 852 2815 impedirent,
872 2745 956 2800 inno·
997 2759 1079 2817 gnum
1099 2753 1141 2802 est
1164 2746 1247 2813 enim,
1264 2754 1293 2802 ot
1307 2747 1380 2803 sicut
1397 2749 1484 2818 gratis
1496 2749 1685 2818 episcopatum
1700 2748 1819 2819 accepit,

121 2839 227 2890 centes
243 2847 304 2890 esse
319 2833 458 2892 testificati
477 2839 551 2890 sunt.
566 2836 670 2905 Legata
684 2841 775 2889 aotenr
795 2833 868 2904 regis
881 2833 958 2890 lton·
997 2835 1036 2890 ita
1057 2835 1178 2892 membra
1201 2835 1323 2905 ejusdcm
1347 2837 1524 2907 episcopatus
1538 2837 1580 2894 vel
1605 2837 1748 2910 dignitatis
1765 2837 1821 2894 dis·

119 2919 188 2978 dolii
205 2921 246 2976 ab
260 2921 373 2992 optimis
396 2922 553 2992 quibusque
576 2922 680 2993 optime
704 2921 884 2987 credebatur,
909 2919 957 2976 alii
998 2924 1110 2981 tribuat.

119 3022 188 3066 vero
206 3009 326 3080 perjurii
341 3009 509 3068 incriminati
523 3017 598 3068 sont.
620 3010 740 3067 Tandem
754 3023 821 3066 vero
840 3023 891 3080 pro
914 3009 957 3064 in·
1035 3031 1049 3064 ι
1067 3011 1273 3079 ordinationes,
1288 3027 1351 3082 que
1364 3013 1566 3074 interveniente
1586 3015 1686 3086 pretio,
1702 3014 1745 3071 vel
1760 3029 1823 3086 pre-

120 3097 242 3156 vasione
257 3099 336 3170 regni
352 3100 498 3158 anathema
511 3099 546 3156 ab
560 3099 715 3168 apostolico
730 3098 758 3156 in
777 3112 868 3170 regem
882 3069 986 3154 lton·C
997 3101 1085 3168 cibos,
1109 3102 1152 3158 vel
1178 3101 1313 3172 obsequio
1338 3102 1424 3158 alicui
1437 3141 1441 3150 .
1453 3115 1580 3174 persone
1608 3118 1640 3160 ea
1667 3104 1822 3162 intentione

120 3186 233 3246 dolium
258 3193 426 3258 extorquere
449 3188 669 3260 attemptabant;
693 3195 737 3244 set
759 3194 875 3245 econtra
897 3196 956 3246 tota
996 3191 1124 3261 inpenso,
1140 3191 1181 3248 vel
1204 3204 1260 3248 non
1284 3191 1422 3248 communi
1441 3205 1579 3250 consensu
1598 3193 1665 3250 clerl
1679 3199 1708 3250 et
1727 3194 1822 3266 populi

120 3277 233 3350 synodo
249 3278 297 3334 vix
310 3276 476 3349 suffragante
493 3275 587 3349 (182),
606 3291 641 3334 nc
663 3276 691 3332 id
711 3279 740 3332 tn
760 3291 852 3348 regern
867 3277 955 3334 lleln-
996 3278 1148 3336 secundum
1169 3280 1317 3336 canonicas
1341 3281 1502 3337 sanctiones
1526 3281 1605 3348 liunt,
1625 3289 1654 3337 et
1672 3283 1707 3338 ab
1725 3282 1770 3338 bis
1788 3282 1823 3338 ad

121 3368 213 3426 ricom
237 3366 278 3425 ob
302 3363 530 3424 inoboedientiam
544 3372 573 3423 ιι
589 3371 629 3422 ιιι
645 3365 789 3437 sacrilegia
803 3380 866 3436 que
881 3380 956 3437 pre·
997 3382 1067 3439 quos
1081 3369 1254 3426 consecratio
1279 3369 1401 3438 pertinet
1419 3382 1477 3426 non
1496 3369 1721 3439 comprobantur,
1742 3368 1824 3426 tatsas

122 3455 199 3514 dicta
223 3460 296 3514 sunt
321 3455 582 3525 mendaciorumque
595 3455 796 3512 vemobssimas
813 3455 958 3512 illusiones
998 3462 1027 3512 ιι
1053 3457 1148 3512 irritas
1176 3470 1236 3513 esse
1265 3454 1470 3525 dijudicamus;
1499 3456 1629 3525 quoniam
1657 3455 1705 3526 qui
1734 3456 1825 3514 taliter

119 3544 197 3602 illios
221 3543 399 3617 judicialiter
418 3545 450 3576 ¹⁷⁷
473 3550 650 3614 retorqueret
673 3542 755 3614 (183),
772 3543 825 3614 ipsi
841 3545 913 3601 datis
931 3544 957 3600 ei
998 3545 1172 3611 ordinantor,
1197 3556 1252 3600 non
1276 3557 1325 3612 per
1348 3543 1459 3610 ostium,
1484 3542 1513 3598 td
1537 3549 1580 3598 est
1603 3557 1653 3612 per
1675 3544 1823 3612 Christum,
1936 3555 1939 3563 ’

120 3633 155 3690 ad
179 3631 399 3692 conversionem
422 3639 450 3690 et
471 3632 681 3703 responsionem
700 3634 735 3690 ad
754 3646 841 3702 usque
865 3633 959 3702 proni-
999 3633 1113 3700 intrant,
1138 3638 1181 3688 set
1204 3637 1234 3687 ot
1258 3631 1318 3700 ipsa
1336 3631 1444 3686 Veritas
1469 3636 1595 3697 testatur,
1615 3631 1690 3688 iures
1710 3638 1775 3688 sunt
1797 3639 1826 3688 et
1923 3681 1927 3688 .

120 3737 193 3780 mam
208 3722 353 3794 synodum
368 3722 411 3780 ιιι
430 3721 503 3779 inira
522 3721 653 3790 induciis,
668 3721 779 3778 domum
798 3735 860 3778 conr
875 3721 959 3778 dede-
998 3721 1131 3779 latrones.

121 3826 188 3871 core
203 3823 235 3870 et
250 3812 360 3882 absque
383 3811 539 3884 apostolica
561 3809 756 3868 benedictione
780 3809 960 3868 confusibiles
1036 3829 1051 3864 u
1070 3809 1163 3867 Falsas
1178 3809 1355 3880 poenitentias
1368 3807 1496 3876 dicimos,
1511 3823 1574 3879 que
1594 3821 1649 3867 non
1673 3809 1825 3868 secundom

123 3903 304 3960 remeabant.
329 3903 351 3958 E
374 3902 477 3973 quibus
499 3914 581 3966 onos
601 3899 770 3971 Eigilbertos
793 3900 959 3958 bataviensis
1000 3899 1191 3956 auctoritatem
1219 3903 1376 3955 sanctornm
1405 3905 1513 3968 patrum
1542 3912 1593 3970 pro
1617 3898 1749 3971 qualitate
1772 3902 1825 3958 cri-

124 3991 448 4064 ammanuensium
463 3991 497 4046 ab
514 3990 646 4061 episcopo
665 4002 716 4047 suo
732 3988 902 4058 judicialiter
915 4003 960 4045 en·
1000 3989 1103 4046 minum
1119 3989 1309 4059 imponuntur.
1336 3987 1457 4058 ideoque
1481 3989 1647 4061 quicumque
1668 3990 1757 4058 miles,
1781 3993 1824 4048 ιιι

122 4079 354 4138 communicatus
368 4085 420 4145 est,
436 4079 471 4136 nd
490 4092 582 4150 regens
601 4077 759 4134 llelnricum
773 4079 814 4134 sic
833 4078 960 4148 perjurus
1000 4079 1166 4150 negotiator,
1183 4076 1225 4134 ιιι
1247 4075 1330 4132 alicui
1349 4075 1441 4134 olllcio
1464 4077 1575 4135 deditus
1589 4079 1663 4150 quod
1687 4080 1747 4136 sinc
1762 4093 1826 4152 pec·

121 4169 262 4247 rediens,
290 4168 424 4226 ecclesie
448 4166 603 4224 trevirensi
616 4167 652 4222 ab
666 4165 727 4236 ipso
742 4180 776 4224 eo
791 4167 838 4238 qui
853 4181 868 4222 a
883 4167 959 4224 clero
1000 4175 1063 4225 cato
1078 4167 1201 4224 exerceri
1216 4179 1271 4244 non
1287 4167 1384 4237 possit,
1404 4167 1494 4238 culpis
1516 4169 1689 4239 gravioribus
1702 4171 1826 4227 inclitos

121 4265 148 4314 ιι
173 4258 289 4330 popolo
313 4256 447 4314 canonice
468 4255 574 4314 electos
592 4261 634 4312 est
652 4254 685 4288 ¹⁷⁸
703 4256 863 4326 reprobato,
878 4256 960 4314 solita
1001 4256 1035 4313 ιιι
1066 4257 1255 4328 penitentiam
1278 4255 1396 4320 venerit,
1425 4256 1452 4312 id
1476 4262 1520 4312 est
1545 4257 1594 4327 qui
1622 4259 1694 4314 bona
1713 4259 1827 4314 alterius

120 4347 263 4406 violentia
280 4359 329 4402 sua
343 4345 437 4404 inultis
448 4350 477 4403 et
494 4343 653 4402 uolentibus
671 4345 779 4402 conctis
798 4345 1102 4450 symoniaceDinjosle
1118 4345 1234 4412 detinet,
1250 4343 1293 4400 vel
1308 4343 1356 4414 qui
1380 4342 1473 4399 odium
1495 4344 1523 4398 in
1548 4344 1632 4399 corde
1652 4345 1733 4414 gerit,
1750 4357 1827 4401 reco-

122 4441 164 4492 est
180 4435 324 4506 prelatos
340 4432 432 4505 (184).
1000 4439 1116 4505 gnoscat
1129 4449 1160 4490 se
1173 4446 1265 4490 veram
1285 4430 1474 4502 penitentiam
1500 4444 1555 4486 non
1580 4445 1660 4501 posse
1683 4441 1825 4500 peragere,

157 4525 188 4580 ln
213 4523 319 4582 eadem
341 4523 448 4593 synodo
469 4521 512 4578 be
539 4521 685 4580 sententie
714 4520 867 4580 decretales
885 4538 955 4582 con·
998 4537 1049 4593 per
1072 4535 1153 4593 qoam
1174 4521 1208 4576 ad
1235 4525 1365 4576 eternam
1384 4520 1465 4576 vitam
1485 4519 1574 4576 valeat
1597 4519 1752 4591 pervenire,
1772 4517 1827 4573 nlci

121 4625 207 4670 senso
223 4619 256 4670 ιι
271 4611 476 4682 subscriptione
492 4610 638 4668 urtiversali
653 4610 725 4667 date
738 4616 803 4668 sunl
819 4610 902 4682 (185).
998 4611 1078 4669 miles
1091 4625 1166 4667 arma
1180 4609 1311 4680 deponat,
1328 4609 1499 4680 ulteriusque
1518 4623 1551 4665 ιι
1570 4609 1623 4665 uisi
1642 4612 1690 4664 aot
1703 4605 1821 4665 consilio

158 4721 174 4754 ι
203 4703 384 4771 Quicumque
412 4699 528 4756 militurn
555 4701 752 4770 cujuscumque
780 4701 887 4758 ordinis
914 4702 956 4759 vel
1000 4700 1196 4772 religiosorum
1211 4698 1404 4769 episcoporum
1418 4704 1447 4754 et
1470 4711 1521 4769 pro
1536 4695 1708 4754 defendenda
1720 4693 1827 4766 justitia

122 4789 316 4860 professionis
334 4789 438 4860 predia
456 4789 673 4848 ecclesiasticas
691 4804 756 4861 rege
774 4804 823 4846 seu
843 4791 961 4848 seculari
1002 4802 1057 4847 non
1079 4789 1148 4846 ierat
1169 4809 1175 4844 a
1200 4795 1229 4845 ιι
1251 4788 1408 4859 negotiator
1431 4788 1571 4858 negotium
1594 4784 1778 4856 derelinquat,
1799 4789 1827 4840 et

121 4880 281 4951 principe,
314 4878 455 4950 episcopis
485 4893 535 4936 seu
567 4879 713 4938 abbatibus
734 4885 792 4936 ant
822 4879 963 4950 aliquibus
1002 4877 1128 4938 officialis
1142 4876 1262 4936 cilicium
1276 4877 1396 4944 deserat,
1420 4876 1493 4932 bona
1507 4889 1570 4948 que
1584 4874 1703 4947 quilibet
1715 4874 1827 4932 illnrotn

123 4968 324 5027 aecclesiarum
347 4967 503 5026 rectoribus
526 4967 637 5036 invitis,
662 4969 785 5039 suscepit
806 4967 849 5025 vel
869 4984 962 5028 artace-
1002 4971 1103 5041 injusta
1124 4966 1238 5025 abstulit
1257 4967 1395 5034 restituat,
1411 4970 1439 5022 et
1461 4965 1555 5022 odium
1578 4979 1613 5023 ex
1635 4964 1721 5022 corde
1735 4963 1828 5020 dlmlt·

122 5059 211 5130 perit,
235 5057 341 5115 invasit
358 5056 401 5114 vel
424 5056 565 5125 invaserit,
586 5056 628 5114 vel
647 5069 742 5114 eorum
764 5069 901 5116 consenso
922 5064 962 5118 te·
1002 5065 1052 5117 tat.
1075 5059 1133 5114 llcc
1156 5063 1246 5114 tamen
1270 5055 1381 5112 interim
1396 5053 1536 5126 desperet,
1551 5060 1594 5112 set
1612 5052 1746 5126 quicquid
1760 5050 1828 5110 boul

815 5184 928 5244 vetate
946 5185 1143 5244 181111οΝ88.
1773 5261 1775 5266 Ι

156 5299 191 5334 ”⁸
213 5297 414 5358 ielioslnrus2.
470 5297 503 5332 ἰ’
521 5311 584 5356 curn
602 5311 672 5356 corr.
688 5303 746 5358 tum
759 5299 787 5356 2.
843 5299 876 5333 ἰ’
892 5300 1087 5372 juridicialiter
1100 5300 1128 5356 2.
1144 5297 1193 5354 loc
1209 5297 1276 5354 loco.
1333 5295 1366 5328 ἰι
1380 5295 1528 5372 episcopus
1541 5294 1618 5354 addit
1632 5295 1676 5352 ed.

928 5427 1036 5486 Note.

162 5517 535 5608 (mtadmmu
1055 5527 1490 5598 tmmmmmama

162 5605 237 5677 (183
277 5603 336 5662 scll.
357 5603 490 5675 synodos.
1056 5601 1117 5674 185>
1135 5601 1231 5672 blansi,
1246 5607 1267 5660 t.
1282 5601 1338 5670 tttt,
1352 5613 1380 5673 p.
1396 5599 1460 5659 biti.
