4106 6178
883 297 1042 356 Gillltllih.

946 425 1054 494 AErqo
1068 423 1163 480 hostes
1176 435 1308 492 superare
1322 427 1410 490 vacat,
1430 421 1505 492 qued
1520 422 1612 492 aptius
1630 422 1714 486 ardor

491 425 570 480 llllll.

441 515 474 569 ln
492 513 620 569 ecrudcm.
676 512 677 516 ’

224 603 310 661 hrdet
327 602 439 659 intactae
454 601 551 658 laciem
567 600 666 672 puellae

226 691 357 750 Praesidis
372 697 461 758 natus,
478 690 585 747 stabilis
600 689 648 746 sed
664 688 711 745 llla

227 783 291 840 Tale
305 792 468 851 responsum
480 779 575 849 juveni
596 778 697 850 pudico

315 870 420 926 Retulit
439 883 498 926 ore.

226 959 297 1029 Quid
317 973 394 1014 meos
413 956 514 1015 irustra
533 955 668 1012 thalamos
682 955 802 1026 requiris

228 1048 360 1105 Pabulum
380 1047 486 1115 mortis,
503 1046 673 1118 laqueusque
691 1046 773 1100 vitat

228 1137 327 1208 Turpis
341 1136 456 1193 obsceni
475 1135 573 1206 procul
587 1135 653 1191 hinc
667 1133 767 1192 recede

316 1225 445 1283 Criminis
464 1232 571 1282 auctor.

229 1317 315 1384 bona,
336 1329 398 1386 quae
415 1315 503 1384 jactas
522 1314 643 1385 pretiosa
662 1313 749 1379 dives,

229 1404 361 1475 Pauperis
375 1411 494 1460 mentem
509 1409 636 1460 moveant
651 1402 760 1474 puelle.

227 1493 341 1566 Dignior
355 1506 475 1564 sponsus
493 1493 609 1549 meliora
628 1492 714 1550 multo

318 1583 429 1637 Munera
448 1585 571 1652 praestat.

229 1671 335 1727 Glarior
349 1669 423 1737 luna,
444 1669 585 1740 radiisque
601 1669 678 1738 solis,

229 1760 333 1816 Cuncta
347 1759 392 1815 cui
408 1765 505 1828 parent
520 1759 655 1816 elementa
670 1759 776 1826 mundi,

230 1849 265 1904 Se
279 1847 346 1904 mihi
361 1860 492 1917 sponsum
510 1847 597 1914 dedit,
613 1852 641 1904 ει
656 1859 804 1917 perennem

319 1935 414 1993 sidera
429 1937 533 1994 dotem.

230 2029 343 2097 lantque
364 2025 509 2096 complexu
525 2023 642 2082 fruimur
656 2024 768 2096 pudico,

230 2117 289 2172 lam
304 2127 368 2171 caro
383 2113 460 2170 carni
475 2114 579 2171 sociata
593 2114 705 2186 gaudet,

231 2206 290 2264 lam
307 2217 385 2260 sacer
403 2204 517 2276 sanguis
535 2202 633 2260 faciem
648 2204 737 2260 nitent

322 2292 425 2348 Murice
439 2291 530 2348 tinxit.

233 2383 321 2450 Quare
337 2379 468 2438 mentales
482 2379 605 2450 periture
619 2377 735 2449 lormas;

232 2470 347 2529 (icelitns
366 2468 453 2526 nostri
472 2467 601 2539 placuere
616 2468 717 2536 vultus,

235 2559 311 2616 Vivet
326 2557 354 2613 iu
369 2557 451 2614 terris
465 2569 543 2612 amor
558 2556 620 2623 iste,
637 2556 719 2613 celsis

322 2648 400 2704 Vivet
417 2647 446 2703 in
466 2646 558 2702 astris.

233 2738 316 2810 Virgo
333 2750 383 2793 nec
402 2736 500 2792 mirum
520 2734 645 2792 videatur
659 2733 740 2802 alma,

233 2829 337 2888 cuneta
352 2826 375 2882 si
390 2825 494 2896 sprevit
508 2830 684 2879 monumenta
699 2823 806 2892 mortis,

233 2917 299 2984 Quae
321 2915 396 2986 pium
416 2915 478 2970 vitae
497 2912 641 2970 bominum
660 2911 791 2983 perennis

323 3003 437 3072 Semper
454 3001 564 3057 amavit.

234 3090 275 3147 hd
295 3097 356 3147 tuas
369 3092 460 3162 egnes
478 3090 629 3162 rogitamus
647 3103 719 3157 aras,

235 3179 345 3251 Flagret
363 3179 392 3235 in
407 3179 510 3236 nostris
523 3192 601 3236 amer
612 3179 665 3235 iste
679 3179 755 3235 libris

235 3267 425 3338 comprimens
444 3266 552 3323 blandae
567 3266 694 3324 stimulos
705 3267 826 3338 juventae

326 3356 447 3413 Flamine
466 3362 572 3413 saneto.

239 3447 291 3503 Ure
307 3445 422 3502 lascivas
440 3446 582 3502 hominum
597 3445 740 3512 medullas,

236 3536 322 3591 Tutus
337 3541 367 3590 ut
381 3533 476 3590 dulces
490 3532 577 3606 iuqiat
595 3534 732 3604 precellas

215 3616 220 3625 ’
236 3625 356 3696 Spiritus
369 3623 476 3692 mundi,
493 3623 651 3695 domitaque
669 3625 759 3680 victer

325 3713 414 3769 Carne
430 3712 591 3783 triumphet.

238 3802 379 3874 Virginum
397 3801 511 3858 laudent
525 3801 570 3872 pia
582 3807 645 3858 vota
659 3802 762 3873 Regem

237 3893 322 3960 Quem
339 3891 420 3948 decet
437 3905 523 3948 sacrae
543 3905 630 3962 genus
646 3904 728 3948 omne
747 3890 846 3957 landis,

239 3982 323 4053 cutus
336 3982 366 4038 in
384 3981 458 4039 trino
472 3988 636 4038 veneramur
654 3993 737 4037 unum

327 4070 443 4128 Numine
463 4083 574 4128 numen.

496 4213 588 4270 lllllil.

188 4323 280 4379 Semne
294 4320 331 4377 ed
344 4319 441 4377 elerum
458 4320 485 4376 iu
503 4319 607 4377 leudem
627 4319 752 4377 Vincentii
765 4319 900 4392 martyria.

133 4427 273 4483 llaetenus
287 4425 421 4483 almorum
436 4424 589 4482 relerentes
608 4423 678 4482 iacta
692 4426 814 4482 virorum

133 4516 264 4587 Tegmine
278 4529 423 4587 prosarum
437 4514 606 4580 vestivimus,
622 4519 665 4569 ast
678 4526 749 4570 nova
764 4517 856 4584 patres

132 4607 171 4661 Ac
191 4602 289 4662 iratres
303 4604 432 4676 placuere
445 4603 541 4674 magis,
557 4607 678 4658 veterata
693 4602 765 4658 tueri

135 4695 196 4750 Nou
216 4693 316 4764 placet,
332 4695 392 4765 ipsa
406 4693 484 4750 cibos
498 4691 625 4748 renovari
640 4703 735 4746 mensa
749 4688 876 4762 requirit.

136 4785 192 4838 Vos
206 4783 290 4854 igitur
303 4796 420 4853 namque
437 4782 490 4839 hue
504 4795 554 4839 vos
568 4780 653 4837 traxit
671 4793 753 4836 eausa
768 4779 904 4845 ciborum,

137 4872 199 4927 lien
218 4871 289 4942 quos'
307 4884 409 4942 corpus
423 4875 505 4938 amat,
525 4873 634 4942 qustum
663 4869 784 4940 prebete
809 4871 957 4934 recentem,

136 4960 272 5031 Quodque
292 4959 368 5017 dabit
386 4959 518 5017 hominus
537 4959 601 5016 laeto
621 4958 793 5030 portabimus
811 4969 870 5014 ore.

139 5052 230 5120 thue
248 5049 335 5122 magis
350 5049 438 5120 possit
452 5048 569 5105 relevari
584 5055 674 5105 vestra
689 5047 826 5115 voluntas,

138 5138 180 5194 hd
199 5138 307 5195 Domini
321 5145 434 5194 matrem
449 5137 532 5195 solito
547 5149 727 5208 properemus
741 5136 856 5194 honere.

137 5227 218 5296 Quod
233 5233 375 5299 portemus
389 5227 425 5295 ei,
441 5227 536 5284 decuit
549 5239 600 5283 nos
613 5225 727 5297 angelus
741 5225 817 5284 olim.

138 5315 276 5373 Auxilium
292 5319 438 5388 postquam
452 5315 487 5372 de
506 5315 577 5372 coelo
591 5314 767 5385 sumpsimus,
786 5313 862 5372 inde.

138 5404 299 5462 Certiortata
314 5405 406 5476 vigent
421 5411 448 5461 et
462 5404 558 5472 corda,
575 5409 603 5460 et
627 5403 720 5476 lingua
738 5403 888 5475 loquentis,

140 5495 177 5550 Ut
195 5495 294 5561 nostis,
311 5493 460 5550 reverenda
479 5493 580 5550 cohors
594 5492 746 5565 fratresque
765 5499 923 5566 patresque,

141 5585 203 5640 vita
218 5582 270 5644 sub
288 5583 343 5639 boc
358 5582 436 5652 lapsu
455 5581 605 5642 decurrens
619 5581 718 5640 militat
732 5583 831 5640 omnis.

1734 293 1803 351 tate

983 512 1081 569 Meritis
1095 518 1167 583 agat,
1187 511 1299 582 quando
1319 511 1488 582 promittitur
1502 510 1567 568 inde
1582 523 1694 568 corona.

982 601 1088 669 Quanta
1103 606 1145 656 est
1163 599 1300 656 celsorum
1316 598 1503 656 conscendere
1518 613 1602 670 regna
1614 598 1750 670 polorum.

984 690 1105 760 Namque
1122 688 1168 746 hic
1182 687 1325 746 mortifero
1339 688 1395 744 vita
1405 693 1447 744 est
1462 695 1588 758 exempta
1603 701 1714 758 pavore,

984 779 1128 850 Nullaque,
1144 793 1206 849 quae
1220 776 1357 850 frangant,
1374 778 1485 833 obstant
1500 776 1624 844 adversa,
1639 775 1766 834 salutem.

985 868 1036 925 liic
1049 869 1165 924 animam
1182 868 1261 924 divus
1279 866 1447 924 sitibundam
1467 867 1554 936 pascit
1572 867 1698 937 abyssus,

986 958 1036 1014 llic
1051 973 1162 1031 queque
1177 957 1310 1030 largifluis
1324 956 1445 1014 exundat
1463 956 1543 1026 eopia
1558 954 1650 1012 donis.

986 1047 1046 1116 liic,
1063 1048 1110 1119 qui
1128 1048 1297 1113 constiterit,
1314 1059 1442 1116 supremo
1457 1045 1570 1103 ederlur
1584 1045 1700 1111 honore,

986 1137 1037 1194 ilie
1050 1151 1112 1208 qua
1127 1150 1182 1194 non
1197 1143 1297 1205 cessat,
1318 1137 1471 1194 circumdat
1486 1135 1575 1208 gloria
1593 1134 1716 1207 dignum.

985 1228 1046 1284 Non
1060 1239 1193 1293 murmur,
1208 1239 1264 1283 uon
1278 1239 1373 1284 mmor
1387 1225 1500 1296 ibiquae
1514 1223 1619 1282 ioedera
1633 1228 1771 1293 rumpant.
1806 1247 1812 1254 ·

986 1317 1014 1373 Si
1034 1329 1087 1387 qna
1107 1321 1200 1386 potest
1214 1328 1331 1385 pensare
1345 1314 1462 1382 animus,
1474 1313 1516 1370 vel
1527 1314 1550 1369 si
1565 1327 1619 1384 qua
1633 1311 1773 1383 loquentis
1811 1319 1818 1330 ·

987 1405 1091 1476 Lingua
1106 1409 1197 1475 potest
1212 1401 1274 1471 lari,
1290 1403 1314 1459 si
1329 1403 1431 1460 lumina
1446 1415 1560 1460 eernere
1575 1401 1735 1472 quidquam,

986 1494 1049 1550 istis
1063 1507 1136 1550 nune
1152 1492 1277 1550 conterre
1292 1492 1389 1550 voles?
1408 1492 1443 1550 de
1463 1492 1563 1549 talibus
1577 1491 1666 1549 audax

987 1583 1076 1640 verba
1092 1581 1193 1639 dabis?
1207 1581 1332 1653 nunquid
1347 1582 1507 1638 meritorum
1522 1579 1621 1652 gaudia
1635 1581 1746 1636 tentest

989 1671 1040 1741 Qui
1054 1670 1128 1729 velet
1141 1670 1212 1738 haee,
1233 1671 1279 1728 liat
1297 1670 1388 1729 valido
1408 1670 1557 1727 certamine
1573 1667 1671 1725 victor.

954 1739 1115 1819 Bliineenti
1130 1760 1240 1817 dabitur
1258 1765 1372 1827 sertum,
1392 1759 1565 1830 dulcedoque
1585 1769 1701 1814 manne.

987 1850 1093 1919 Qnaeris
1106 1849 1215 1905 amicat
1229 1848 1307 1919 prius
1324 1848 1451 1904 inimicos
1467 1847 1546 1905 vinee
1564 1845 1698 1902 iurantes.

988 1941 1055 1996 Tres
1068 1937 1205 2008 siquidem
1220 1936 1301 1994 nobis
1314 1937 1441 2007 objectes
1452 1937 1578 1993 novimus
1597 1935 1702 1992 hostes·

988 2029 1055 2086 Tres
1073 2026 1102 2083 hi
1115 2024 1251 2083 lethileris
1265 2025 1426 2096 impugnant
1444 2031 1557 2096 pectora
1576 2023 1648 2090 telis,

988 2119 1044 2175 Nec
1059 2122 1168 2173 cessant
1183 2114 1285 2171 lassare
1299 2115 1397 2180 virum,
1413 2113 1467 2170 nisi
1482 2113 1553 2170 colla
1571 2111 1623 2168 sub
1637 2112 1706 2182 ipris

989 2206 1115 2276 hejiciat,
1132 2203 1275 2273 iraetoque
1289 2215 1386 2258 manus
1405 2201 1453 2258 det
1466 2201 1568 2258 robore
1587 2200 1683 2256 victas.

989 2299 1012 2353 0
1031 2299 1150 2367 quantos
1163 2291 1276 2348 latitans
1295 2291 1442 2362 prostravit
1456 2290 1547 2346 carnis
1562 2288 1674 2360 iniquus

991 2384 1128 2451 Pulsator,
1144 2387 1263 2452 quantes
1287 2379 1406 2436 detraxit
1419 2380 1454 2437 ad
1470 2379 1562 2436 iuflma
1575 2377 1704 2434 mundus.

992 2474 1116 2541 Quantos
1131 2470 1227 2542 praedo
1242 2483 1326 2527 vorax
1340 2469 1516 2526 tenebrarum
1529 2468 1613 2524 trusit
1625 2465 1660 2523 ad
1676 2466 1742 2522 ima.

992 2562 1025 2618 lli
1046 2561 1150 2632 primos
1170 2565 1263 2616 texere
1283 2565 1377 2630 patres
1395 2557 1540 2614 adiuuere
1559 2556 1656 2627 prima.

992 2653 1095 2708 llorum
1115 2650 1203 2720 prima
1216 2647 1268 2705 luit
1286 2647 1381 2719 proles
1399 2650 1537 2718 prostrata
1551 2643 1670 2703 nefando

992 2740 1120 2807 Vulnere,
1136 2752 1192 2811 quo
1206 2739 1295 2795 vietus
1309 2737 1392 2808 periit
1410 2736 1551 2794 Sodomita
1566 2735 1653 2791 ruinae

994 2828 1142 2900 sulphure
1154 2827 1281 2898 adjectus
1299 2838 1416 2896 quorum
1431 2825 1519 2881 almus
1531 2823 1636 2882 decidit
1649 2822 1707 2878 ictu

992 2917 1244 2990 Psalmographus,
1270 2915 1436 2985 sobolesque
1464 2913 1574 2980 nitens,
1594 2924 1650 2983 quo
1676 2909 1813 2981 plurima,

1671 3001 1723 3055 'am
1745 3011 1779 3054 ue

961 3047 1086 3155 CTurba
1109 3095 1193 3163 eadit,
1213 3092 1276 3166 quis
1298 3105 1416 3164 namque
1439 3091 1534 3148 orbem
1557 3089 1618 3147 siue
1631 3000 1745 3146 vuulnerttlt
1759 3086 1815 3142 lin·

1691 3177 1780 3250 [quita

996 3275 1145 3334 onimium
1160 3273 1245 3342 felix,
1266 3271 1313 3344 qni
1328 3275 1421 3328 tantos
1435 3268 1559 3341 propulit
1576 3269 1667 3325 letus!

997 3368 1076 3422 Hunc
1089 3363 1205 3432 laudes,
1226 3361 1354 3430 titulique
1368 3363 1476 3425 notent,
1495 3359 1570 3414 hunc
1588 3356 1661 3413 lulva
1679 3367 1781 3412 corona

890 3493 901 3516 .
996 3457 1024 3513 Si
1040 3456 1102 3526 quis
1116 3452 1194 3508 adest
1212 3450 1285 3517 talis,
1301 3453 1397 3505 nostro
1415 3461 1542 3504 sermone
1557 3451 1679 3504 notetur.

997 3546 1125 3615 lqnoseat
1140 3545 1230 3596 tamen
1250 3538 1361 3609 egregio
1375 3535 1399 3594 si
1414 3549 1470 3594 non
1484 3535 1521 3592 sit
1534 3535 1640 3592 honore

997 3635 1126 3702 Compar,
1146 3628 1190 3692 eui
1205 3632 1296 3684 tamen
1310 3627 1357 3683 hle
1371 3625 1512 3684 dulcescat
1526 3631 1623 3682 cantus
1636 3623 1664 3680 in
1678 3633 1782 3688 aurem,

998 3722 1027 3778 Si
1041 3720 1177 3786 modicus,
1193 3716 1332 3786 libeatque
1351 3729 1448 3787 graves
1461 3715 1496 3773 ad
1511 3727 1615 3772 summa
1634 3710 1718 3770 levari

998 3809 1122 3869 Audistis
1140 3804 1291 3864 reverenda
1308 3804 1437 3875 phalanx,
1457 3817 1539 3875 quem
1553 3802 1634 3860 lande
1653 3801 1768 3858 decoret

999 3901 1099 3957 Sancta
1122 3907 1222 3968 parens
1244 3893 1370 3966 hymnos,
1401 3892 1531 3964 psalmos,
1551 3903 1738 3963 responsaque
1757 3899 1821 3944 ean·

1704 3977 1784 4050 [tans

1001 4077 1205 4145 huncquoque
1225 4070 1393 4129 carminibus
1412 4069 1515 4140 uostris
1538 4068 1696 4127 describere
1710 4064 1751 4123 ias
1768 4067 1821 4122 est.

1001 4165 1052 4222 llic
1067 4168 1109 4221 est
1123 4162 1241 4220 occiduo
1255 4163 1403 4233 generatus
1417 4159 1526 4216 obmate
1540 4157 1629 4216 vietor

1002 4253 1118 4320 modiit,
1134 4258 1217 4323 atque
1231 4250 1273 4307 illi
1291 4262 1392 4306 nomen
1406 4248 1567 4306 Vincentius
1586 4249 1674 4303 exstat
1690 4265 1696 4302 ι

966 4346 1071 4424 Dllinc
1083 4342 1188 4402 nitidus
1202 4341 1330 4410 juvenem
1346 4337 1432 4394 cinxit
1451 4335 1546 4403 decor,
1561 4333 1644 4390 altior
1662 4333 1735 4389 intra

998 4432 1136 4508 splendor
1154 4435 1224 4496 erat,
1245 4440 1300 4499 quo
1320 4439 1425 4484 summa
1444 4428 1553 4496 petens,
1569 4427 1651 4492 atque
1671 4420 1725 4477 lma
1738 4417 1822 4476 tueri.

999 4526 1085 4593 Quem
1099 4532 1177 4590 mage
1196 4518 1327 4574 virtutum
1342 4512 1469 4571 iecerunt
1482 4511 1590 4584 agmina
1608 4511 1723 4567 clarum.

998 4609 1201 4682 ubsequttsque
1216 4606 1265 4663 bei
1285 4619 1342 4663 nen
1356 4601 1452 4661 muudi
1467 4600 1589 4658 membra
1605 4599 1725 4672 subeqit.

999 4701 1050 4758 lile
1065 4703 1211 4771 postquam
1225 4708 1322 4766 <ampo
1337 4700 1378 4750 tot
1392 4691 1464 4748 vinci
1479 4694 1592 4762 pectora
1607 4689 1692 4752 videt,

1000 4791 1034 4847 Et
1049 4784 1295 4860 pavidosluqitare
1314 4784 1412 4849 duces,
1432 4787 1515 4852 atque
1534 4779 1661 4837 hostibus
1679 4777 1752 4835 ultro

999 4877 1105 4935 cedere
1118 4875 1250 4947 projectis
1264 4887 1281 4930 a
1299 4886 1361 4930 sese
1376 4870 1505 4943 protinus
1523 4867 1617 4933 armis,

1000 4965 1154 5034 infremuit,
1170 4963 1346 5032 validumque
1359 4960 1422 5018 tulit
1434 4960 1486 5018 sub
1501 4959 1585 5018 eorde
1600 4956 1734 5015 dolorem.

1000 5055 1156 5127 Ulciseique
1170 5052 1256 5123 cupit,
1274 5051 1358 5121 pudet
1372 5049 1467 5106 hostes
1480 5047 1553 5106 ierre
1572 5045 1750 5115 triumphum.

999 5145 1056 5202 Nee
1076 5150 1176 5211 umen,
1190 5146 1221 5198 ut
1239 5153 1365 5212 preceps
1384 5153 1414 5196 se
1428 5151 1572 5209 opponere
1586 5141 1675 5193 tentat
1689 5135 1824 5200 inermen,

1001 5234 1128 5292 Festinus
1142 5231 1211 5303 petit
1225 5244 1300 5286 arma
1319 5228 1391 5296 dari,
1409 5234 1545 5300 gestuque
1564 5224 1665 5282 minaci

1001 5321 1074 5379 Bella
1094 5328 1182 5392 parat,
1198 5319 1318 5392 gaudent
1333 5323 1439 5374 stantes
1453 5317 1518 5372 hine
1537 5314 1602 5371 inde
1621 5327 1742 5382 sorores,
1841 5383 1844 5390 Ι

1001 5413 1058 5468 lieo
1073 5425 1161 5483 passae
1174 5415 1319 5468 externum
1333 5406 1505 5464 circumdare
1520 5403 1616 5460 militis
1630 5411 1716 5460 artus.

1001 5499 1125 5556 Officium
1140 5499 1253 5556 voluere
1268 5497 1327 5554 suis
1341 5497 1414 5553 hunc
1428 5496 1540 5566 einqere
1555 5492 1670 5560 dextris,

1004 5590 1085 5658 Eece,
1098 5588 1198 5660 inquil,
1210 5591 1328 5656 scutum,
1342 5585 1403 5643 velo
1422 5582 1527 5642 inarata
1541 5594 1665 5646 serenam
