4108 6164
205 253 255 314 351
678 257 866 315 anathoth}
886 255 1092 315 rursumltltl
1110 251 1389 312 consummuusls
1837 251 1893 310 352

241 381 411 440 Eberhardaa
427 382 592 440 lbeameasis
608 381 818 456 archiepiscopus
834 380 868 436 17
880 381 942 440 Kal.
958 380 1063 442 auita
1103 379 1152 437 llis
1164 377 1335 449 temporibus
1347 375 1408 450 (54)
1424 375 1536 448 quidam
1550 369 1678 434 monachi
1693 378 1728 435 dc
1743 377 1814 436 valle
1828 393 1893 449 que

205 469 315 528 sabbata
325 475 415 527 rorata
427 471 457 504 ¹¹⁸
471 471 589 538 Pascha,
604 469 738 544 completis
752 485 807 527 asc
820 471 902 543 ipsius
916 472 971 528 diei
989 471 1029 544 as·
1071 477 1183 526 uocatur
1197 467 1341 532 Umbrosa,
1361 465 1390 522 in
1414 465 1574 523 Florentino
1596 465 1768 538 episcopatu,
1784 467 1895 539 episco-

206 560 283 633 tlm'io,
298 559 363 632 ipsis
377 558 586 617 sacerdotalibus
599 560 757 616 uestimentis
769 559 884 627 indatus,
904 561 1029 632 requievit
1071 571 1135 628 pum
1158 570 1237 613 suum
1251 556 1288 612 ob
1310 553 1500 626 symoniacam
1519 553 1636 611 heresim
1652 556 1777 627 recipcre
1797 555 1895 614 ualue-

206 649 234 705 io
247 663 322 721 pace.
337 649 386 706 Cui
399 647 570 704 Charmadas
584 645 744 706 achaeae
756 648 922 721 praepositos,
933 647 1030 706 electa
1070 652 1144 713 runt,
1156 653 1183 700 et
1197 645 1301 702 clerum
1315 643 1501 714 populumque
1519 643 1548 700 in
1564 649 1668 701 uantum
1687 643 1722 700 ab
1738 659 1772 702 eo
1786 651 1895 702 aucme-

207 751 312 808 arepe,
332 737 470 794 madere
493 722 600 804 aeduin
619 739 659 792 set
673 753 689 793 a
703 735 773 794 clera
793 741 817 794 et
830 737 927 794 ciaibm
943 739 1031 794 Freai·
1070 742 1145 801 runt,
1162 740 1189 790 et
1208 733 1284 790 nullo
1312 732 1395 790 modo
1418 731 1538 789 elicium
1562 730 1637 788 illius
1659 733 1784 804 recipere
1799 733 1896 806 digna·

207 827 325 885 rarsibra
342 827 472 898 reimarus
487 831 536 883 cet.
568 826 642 882 dode
656 827 762 898 acidam
781 842 866 884 camec
890 827 923 883 de
936 827 1030 884 militia
1071 830 1177 880 rentur.
1193 823 1243 892 Qui
1260 826 1483 888 etsacrameuta,
1502 835 1565 891 qua
1579 822 1614 878 ab
1628 836 1662 879 eo
1676 822 1753 880 etab
1766 822 1896 880 omuibus

210 915 364 984 10000000,
380 915 483 971 nomiae
507 914 689 982 Theodericus,
714 915 822 971 caadca
847 916 1031 973 chounradum
1070 911 1243 984 symoniacis
1275 918 1303 968 et
1332 911 1455 968 uxoratis
1486 910 1649 981 presbiteris
1680 910 1895 980 conficerentur,

210 1004 334 1060 Freoirim
354 1003 496 1060 tendentem
515 1002 716 1075 comprehendit,
732 1006 757 1059 ct
777 1004 822 1060 dia
841 1003 888 1060 aab
912 1005 1031 1061 molodia
1070 1001 1146 1058 nulla
1161 1000 1273 1059 omnino
1288 1014 1349 1057 esse
1365 1005 1393 1056 et
1415 999 1509 1071 sperni
1527 999 1640 1069 debere,
1655 999 1767 1072 seriptis
1781 1000 1898 1072 quibus·

208 1097 367 1148 omamotam
385 1095 497 1163 quatuor
510 1089 635 1147 mihtibua
654 1091 813 1148 enecandum
828 1093 963 1148 commisit.
981 1093 1031 1162 (tui
1071 1088 1132 1146 dam
1143 1089 1253 1160 publice
1265 1088 1409 1159 protestati
1423 1093 1504 1156 suut;
1515 1093 1543 1144 et
1553 1087 1618 1146 inde
1628 1088 1743 1146 maxima
1758 1088 1897 1146 dissensio

209 1181 269 1236 dum
289 1197 346 1236 cam
364 1186 404 1236 ter
422 1194 473 1252 per
490 1179 619 1251 quoddam
640 1181 804 1254 praecipitum
822 1181 985 1252 dcy'ccr'sccat,
1006 1187 1032 1239 et
1072 1177 1816 1246 01001000100100000000000010001000000ῑὶ0
1834 1176 1899 1234 aliis

139 1307 144 1314 ·
208 1266 289 1324 nichil
300 1267 350 1325 cibi
368 1269 420 1325 olai
439 1268 572 1326 brachium
587 1267 711 1325 collidere
719 1274 834 1342 possent,
850 1285 916 1326 unua
930 1286 965 1327 ec
979 1269 1032 1327 alto
1073 1267 1146 1323 circa
1161 1266 1299 1338 contiguis
1318 1265 1398 1326 locis.
1549 1263 1551 1266 ’

207 1357 358 1428 ammiratio
369 1359 471 1425 dactm,
483 1355 557 1413 abeo
568 1357 670 1413 aeciam
684 1357 840 1430 impetrauit.
854 1359 931 1417 Alias
945 1366 1032 1416 amera
1108 1355 1262 1413 Alexander
1283 1361 1374 1412 autem
1399 1368 1468 1426 papa
1492 1355 1544 1412 bac
1563 1355 1657 1413 audita
1676 1369 1759 1414 causa
1773 1362 1802 1412 et
1830 1369 1899 1426 000-

208 1446 296 1501 aalma
305 1461 363 1502 000
374 1445 515 1514 00001000,
531 1445 668 1502 macdlam
682 1447 739 1518 ejus
748 1451 848 1504 tantum
861 1448 981 1506 abscidit.
997 1451 1034 1506 Ft
1072 1444 1174 1512 stione,
1190 1451 1218 1500 et
1232 1444 1582 1516 episcopumetmonacbos
1594 1445 1708 1501 Romam
1722 1443 1756 1501 ad
1771 1458 1801 1501 se
1810 1457 1893 1500 voca-

207 1533 313 1605 ciaipre
328 1535 382 1590 lica
397 1534 492 1604 dianus
509 1539 609 1605 martyr
623 1534 658 1591 ad
673 1535 809 1592 horricum
822 1537 951 1606 mipraait.
970 1539 1034 1592 Fas·
1073 1533 1122 1598 rlt,
1138 1538 1168 1590 ut
1182 1534 1210 1589 in
1225 1533 1610 1604 Romanasynodoseutentia
1624 1547 1708 1604 super
1722 1533 1897 1590 bisteneuda

206 1638 253 1679 aar
267 1627 306 1678 est
320 1621 450 1678 Kalendis
472 1625 536 1679 lua.
556 1637 625 1678 auno
636 1621 667 1654 ¹¹·
686 1621 720 1678 ab
737 1624 918 1680 incantatione
931 1627 1034 1681 loomim
1075 1621 1396 1680 catholicedillluirelur.
1407 1624 1479 1694 Erpa
1494 1636 1526 1678 ea
1541 1621 1598 1680 illic
1612 1622 1749 1678 sententia
1759 1621 1899 1692 episcopis

211 1709 289 1777 1066,
304 1709 381 1779 repai
400 1725 462 1767 aero
488 1711 596 1767 chrici
618 1711 688 1782 repis
710 1710 752 1779 10,
771 1711 887 1784 sepultam
914 1713 984 1785 apud
1000 1711 1108 1774 ’ΠΒιη
1136 1711 1375 1782 expostulantibus
1398 1710 1515 1768 dilllnita
1541 1716 1593 1778 est,
1623 1717 1653 1767 ut
1673 1711 1767 1782 judice
1790 1711 1898 1768 llamma

209 1798 342 1855 abbatiam
352 1799 453 1854 rmmircc
463 1798 494 1832 ¹¹⁸
502 1797 632 1870 Dalejam.
650 1801 713 1856 Frca
726 1806 812 1858 autem
826 1799 930 1866 milites,
943 1802 1033 1866 marlia
1076 1800 1158 1872 ignis,
1173 1801 1275 1857 ueritas
1288 1805 1392 1858 sanctor
1416 1800 1549 1858 aecclesia
1574 1799 1708 1871 paulacta
1733 1800 1896 1857 innotuerit.

209 1886 280 1942 illias
304 1891 426 1944 auctores
449 1887 530 1958 amaa
543 1887 607 1944 ultio
630 1889 794 1960 postmodum
821 1889 957 1946 subsecuta
983 1895 1032 1947 est.
1074 1889 1152 1957 Quod
1167 1889 1202 1946 ab
1218 1895 1422 1960 utraqueparte
1437 1888 1557 1948 tiendum
1572 1888 1898 1957 dumlaudaretur,unus

210 1978 281 2034 Nam
295 1991 361 2032 uara
375 1991 464 2034 eorum
478 1983 612 2049 acceptum
626 1977 711 2033 0000
724 1977 852 2049 00010100
866 1994 918 2035 aaa
931 1977 1032 2046 acum,
1075 1977 1186 2048 atridam
1201 1977 1236 2035 de
1255 1978 1398 2038 monachis
1407 1992 1468 2036 sese
1482 1977 1554 2035 idem
1566 1977 1701 2049 judicium
1718 1978 1774 2035 Deo
1789 1983 1861 2034 toste
1871 1983 1898 2034 et

210 2063 260 2120 alli
287 2065 338 2122 duo
358 2080 450 2122 maora
467 2081 531 2122 auae
553 2065 740 2122 lacaaatca¹¹⁰
763 2066 802 2123 sic
823 2068 1033 2140 respiraverunt,
1074 2065 1228 2124 discretore
1242 2080 1300 2124 suae
1308 2067 1423 2137 justitiae
1438 2067 1592 2124 subiturum
1603 2064 1743 2137 protessus
1757 2071 1809 2124 est.
1821 2067 1856 2122 Et
1865 2079 1898 2122 co

210 2153 246 2208 ad
266 2152 383 2211 doaetra
406 2153 501 2226 interni
524 2154 723 2214 0000000001.
753 2157 858 2214 Praeter
876 2156 936 2214 bec
955 2156 1034 2228 plura
1074 2159 1179 2212 statuto
1202 2169 1218 2210 a
1241 2169 1311 2225 papa
1335 2154 1519 2226 promulgato,
1539 2155 1716 2222 Florentiam,
1736 2161 1767 2211 ut
1789 2155 1848 2212 illic
1869 2155 1898 2212 in

211 2243 341 2299 miracula
356 2244 391 2300 ad
405 2243 581 2314 sepulchrum
596 2241 667 2300 iacta
682 2250 757 2312 sunt,
772 2258 822 2315 per
836 2259 898 2315 qum
913 2245 944 2276 ¹¹⁰
958 2257 1034 2302 mar·
1077 2245 1223 2315 praesentia
1237 2243 1305 2301 cleri
1325 2251 1352 2300 et
1367 2243 1462 2314 populi
1482 2245 1672 2315 perficeretur,
1695 2243 1813 2316 regressi
1833 2251 1899 2300 sunt

211 2333 311 2402 tyrium
331 2331 407 2389 illius
428 2332 614 2391 uenerandum
642 2332 784 2402 probatur.
810 2334 862 2390 Uto
886 2333 1036 2391 canonicus
1111 2331 1435 2404 00010000001000100
1457 2332 1559 2390 ibidem
1584 2331 1656 2390 iacto
1679 2331 1899 2405 000011101μο

210 2421 381 2478 trevirensis
394 2429 458 2492 post
477 2419 699 2479 interiectionem
723 2421 797 2478 illius
811 2423 1037 2494 archiepiscopus
1077 2421 1262 2494 flammigerus
1277 2422 1432 2492 plusquam
1450 2422 1485 2478 ad
1503 2427 1635 2478 suturam
1651 2421 1771 2478 hominis
1786 2421 1859 2478 altus
1871 2429 1899 2478 et

211 2509 344 2566 electusa
361 2509 437 2567 clero
447 2511 635 2567 constituitur.
1077 2509 1224 2568 duodecim
1245 2510 1345 2582 pedum
1360 2509 1531 2582 longitudine
1546 2516 1712 2582 protractus,
1725 2510 1899 2583 duarumque

247 2599 359 2654 Comatae
378 2603 436 2654 ruat
460 2598 522 2656 aaa
540 2598 568 2654 ia
590 2599 689 2654 ocraou
711 2598 832 2665 Pascha,
846 2599 875 2654 id
888 2603 927 2656 est
941 2597 1034 2658 01101.
1077 2600 1178 2670 pedum
1193 2599 1343 2656 interstitio
1358 2613 1374 2656 a
1388 2599 1544 2667 audianeus,
1557 2599 1764 2657 exaridissimis
1777 2599 1898 2672 amisus

211 2686 290 2753 llaii,
310 2691 335 2742 et
347 2687 464 2758 perdica
478 2687 698 2746 cotumaciam.
714 2690 821 2761 ltlaptr'a
834 2689 954 2746 11000000·
966 2689 1037 2758 repis
1077 2688 1148 2745 atrio
1182 2688 1317 2746 aecclesiae
1345 2687 1546 2745 studiosissime
1564 2688 1795 2746 succendebatur.
1813 2689 1899 2756 Quem

212 2773 284 2845 apud
300 2775 465 2833 Triburiam.
482 2779 548 2832 llam
567 2781 667 2832 cometa
681 2777 739 2834 cira
753 2782 802 2834 est.
817 2778 866 2834 llic
880 2777 1037 2850 temporibus
1077 2791 1139 2834 cum
1149 2776 1297 2848 episcopus
1310 2779 1408 2835 Petrus
1418 2776 1604 2844 Florentiuus,
1616 2783 1901 2848 utsesuosquecom·

212 2864 369 2922 aromatitis
383 2868 476 2922 Palma
489 2867 612 2924 hermari
630 2881 665 2922 ea
678 2865 804 2924 000000
818 2865 963 2924 cardinalia
978 2868 1037 2938 cpt-
1079 2880 1160 2937 pares
1175 2867 1209 2923 de
1220 2867 1369 2938 praeposita
1384 2865 1465 2937 culpa
1475 2867 1667 2924 etintentiouc
1682 2867 1823 2924 innoxium
1839 2881 1900 2924 esse

211 2968 305 3025 acapna
323 2954 405 3011 auhn
419 2957 583 3028 comaiprit,
599 2960 624 3011 et
644 2957 857 3012 incontinentium
871 2955 1037 3012 sacedotum
1078 2961 1252 3028 expurgaret,
1269 2955 1377 3028 ingredi
1397 2956 1516 3014 medium
1532 2970 1588 3013 nou
1605 2956 1730 3024 auderet,
1750 2957 1902 3014 monachus

211 3045 278 3096 satra
296 3041 489 3098 rationabiliter
502 3043 718 3115 0000010000
731 3044 886 3115 mutilavit,
902 3041 1067 3106 ordinatori}
1078 3044 1125 3102 ille
1138 3043 1289 3116 praediatus
1310 3043 1372 3116 (55)
1393 3046 1593 3103 communicata
1607 3045 1709 3102 Christi
1724 3045 1900 3122 eucharistia,

214 3132 331 3184 amoma
346 3129 523 3199 symoniacis,
543 3134 571 3186 ut
592 3131 677 3197 aiunt,
693 3130 798 3187 maium
813 3131 1036 3189 0000010000-
1078 3133 1116 3190 ita
1130 3139 1241 3204 paratus
1254 3132 1336 3189 sicuti
1362 3132 1464 3190 ibidem
1486 3134 1583 3190 missas
1597 3131 1672 3202 lecit,
1690 3133 1771 3192 nudis
1785 3135 1903 3206 pedibus

213 3216 287 3272 tacit.
1077 3227 1246 3292 acceptaque
1274 3235 1356 3278 cruce
1370 3221 1400 3277 lu
1419 3221 1545 3278 manibus
1566 3222 1618 3280 sub
1643 3223 1836 3280 sacramentali
1852 3223 1903 3280 bac

251 3306 741 3380 llapaBiraaticusisarchiepircopur,
758 3308 800 3365 vir
813 3307 960 3382 religiosus
972 3309 1038 3368 hde-
1077 3311 1126 3368 bei
1137 3309 1253 3382 iustitiae
1277 3316 1306 3366 et
1318 3310 1442 3368 ueritatis
1462 3311 1568 3368 mtione
1588 3310 1619 3344 ¹¹⁸
1633 3311 1858 3382 comprobandae,
1875 3313 1903 3368 iu

213 3393 248 3450 lis
261 3395 536 3466 etprudeusllomiui
552 3411 658 3464 servus,
669 3397 798 3470 gaudium
813 3399 921 3456 bomini
937 3400 980 3456 sui
991 3415 1039 3457 su·
1078 3399 1217 3457 audientia
1234 3399 1318 3456 totius
1337 3398 1471 3456 acclesiae
1494 3400 1521 3456 lu
1545 3399 1655 3458 Christo
1678 3401 1719 3457 sic
1733 3405 1904 3470 protestatus

214 3499 264 3556 per
272 3485 357 3542 multa
367 3486 582 3544 constituendus
591 3485 710 3543 leliciter
719 3485 897 3546 intravitoui
905 3490 1039 3546 successit
1078 3495 1131 3556 est,
1146 3487 1220 3560 quod
1244 3487 1373 3546 uidelicet
1395 3489 1493 3546 Petrus
1511 3487 1568 3556 ille,
1593 3489 1640 3560 qui
1655 3489 1830 3546 Florentiuus
1845 3491 1904 3562 epi-

214 3573 366 3646 asratribcr
380 3574 612 3632 aaaouiceelectur
625 3575 740 3646 eiusdem
753 3574 878 3634 cadmia
886 3577 1036 3635 aenomaus.
1077 3591 1180 3649 scopus
1193 3577 1284 3634 dictus
1302 3577 1348 3646 sit,
1368 3577 1529 3648 symoniace
1548 3577 1737 3648 episcopatum
1762 3578 1903 3636 obtineret

564 3665 691 3721 lltxvlt.
1078 3665 1146 3739 (56),
1167 3673 1195 3723 at
1213 3680 1276 3738 que
1294 3666 1329 3722 ab
1343 3666 1405 3738 ipso
1420 3666 1559 3724 electoris
1570 3668 1741 3739 symoniacis
1754 3671 1783 3724 ct
1804 3682 1904 3726 uxora-

250 3751 395 3808 lleinricus
423 3767 472 3809 rex
494 3753 612 3810 natalem
632 3753 739 3811 bomini
765 3755 852 3826 spire
877 3754 1036 3826 celebravit,
1079 3757 1115 3813 tis
1130 3757 1292 3828 presbiteris
1305 3756 1509 3814 conicerentur
1525 3762 1706 3824 sacramenta,
1722 3757 1799 3814 nullo
1819 3758 1903 3816 modo

214 3840 317 3896 Pascha
332 3848 421 3898 autem
426 3881 481 3898 .....
499 3842 539 3899 ¹¹¹.
1079 3845 1255 3904 acatholicis
1278 3845 1437 3917 recipienda
1461 3851 1564 3902 essent.
1580 3847 1614 3903 Et
1637 3859 1671 3904 eo
1686 3851 1767 3918 pacto
1782 3847 1903 3905 medium

250 3928 373 3984 sacaria
395 3927 467 3985 cimh
485 3929 589 3986 laborm
613 3930 758 4002 discordia,
779 3921 949 3990 Bmehardus
971 3933 1039 3990 llat-
1079 3935 1194 3992 damme
1223 3933 1418 4006 pedetemptim
1443 3934 1612 4006 ingrediens,
1632 3935 1736 4006 absque
1762 3936 1904 3994 0000110-

213 4014 379 4072 beraleteaaia
397 4019 533 4090 episcopm
550 4025 650 4090 peram
670 4019 834 4077 henricorum
857 4021 967 4078 matter
994 4023 1040 4080 de·
1079 4023 1157 4081 sione
1171 4023 1280 4079 ardoris
1298 4028 1326 4079 at
1341 4021 1461 4080 incendii
1485 4023 1512 4079 in
1536 4023 1647 4080 nominc
1662 4023 1770 4080 Domini
1783 4022 1904 4083 ieliciter

215 4107 339 4161 vastarit.
1081 4111 1112 4145 ¹¹⁸
1126 4111 1334 4183 perambulavit.
1351 4112 1398 4169 set
1421 4111 1511 4168 omnis
1525 4111 1612 4182 plebs,
1639 4117 1669 4170 ut
1687 4113 1756 4170 uidit
1766 4113 1902 4185 judicium

250 4193 402 4252 Ftabardus
429 4197 563 4269 Spirensis
586 4196 722 4270 episcopus
749 4197 777 4254 iu
804 4199 896 4256 itinere
922 4202 1038 4259 Romano
1080 4202 1144 4268 boc,
1159 4200 1216 4258 Deo
1229 4199 1332 4271 gratias
1350 4208 1378 4257 et
1392 4199 1488 4258 laudes
1502 4214 1623 4272 superno
1639 4203 1904 4273 10010100101000-

215 4282 278 4340 obiit
306 4291 334 4340 et
356 4285 445 4342 sienae
473 4285 599 4358 sepultus
620 4293 673 4356 cst,
702 4287 744 4344 aci
772 4286 882 4359 quidam
901 4289 1040 4347 troadem
1080 4291 1191 4349 nimiter
1205 4289 1351 4346 relerebat.
1482 4349 1485 4362 ,

214 4374 349 4430 marech.
1047 4376 1073 4436 D
1114 4381 1290 4437 Petrusvero
1305 4377 1415 4438 tandem
1434 4379 1547 4439 Romam
1567 4393 1582 4436 a
1602 4380 1705 4438 domno
1728 4395 1799 4453 papa
1812 4381 1903 4439 aduo-

546 4429 564 4461 1

890 4532 1012 4590 VbRLAE
1030 4534 1222 4594 tltclloltrs.

251 4667 398 4726 ¹¹⁸sarctae
416 4669 453 4724 l·.
509 4669 540 4702 ¹¹⁸
552 4671 762 4744 anno-regis
778 4671 821 4729 10.
843 4674 935 4731 deccat
950 4674 978 4730 3.
1036 4674 1115 4732 ¹¹⁷ad
1135 4673 1162 4732 3.
1220 4674 1251 4708 ¹¹⁸
1273 4672 1409 4778 quandam
1428 4673 1456 4731 3.
1513 4673 1545 4706 ¹¹⁰
1558 4673 1601 4730 hia
1618 4674 1646 4729 ia
1669 4675 1757 4733 rudia
1773 4674 1903 4731 00010000

215 4739 379 4868 meh
402 4741 433 4774 ¹¹⁰
452 4755 532 4813 qum
551 4743 578 4799 ²·
627 4744 656 4776 ¹¹¹
676 4744 835 4817 fflisslwflae
850 4744 1024 4819 illFlllerulum
1037 4745 1151 4804 uidetur.
1169 4748 1231 4805 Uss.
1301 4745 1398 4816 'rpsis
1415 4744 1442 4802 2.
1491 4745 1522 4779 ¹¹⁸
1541 4757 1661 4802 romana
1678 4744 1715 4804 l'.
1763 4745 1844 4802 rapa
1862 4745 1900 4800 μ.

1004 4916 1113 4974 NOTAE.

253 5062 309 5135 154)
338 5065 471 5122 Batonius
497 5067 646 5140 ceterique
692 5066 774 5124 assim
793 5066 853 5124 baea
872 5065 906 5124 ad
934 5080 1036 5123 aunum
1078 5065 1168 5124 ldibuo
1191 5065 1341 5133 Februarii,
1360 5066 1428 5138 saia
1450 5072 1546 5139 quarta
1566 5067 1659 5140 prima
1681 5065 1852 5123 hadomadc
1874 5071 1903 5123 in

218 5133 434 5192 locarelcrum.
450 5081 1034 5220 1001100000οἵ011110011100100(00001.
1077 5137 1286 5220 Quadrapraiaca
1308 5137 1336 5194 ia
1354 5137 1510 5195 moaaatcrio
1530 5139 1563 5196 de
1580 5139 1707 5211 Septima,
1731 5149 1781 5195 seu
1800 5137 1847 5196 die
1870 5139 1902 5193 13

216 5205 317 5263 bened
328 5214 350 5264 t.
361 5209 395 5274 v,
410 5205 462 5279 p.l
479 5211 553 5280 sqq.)
567 5210 613 5266 ulu
623 5224 657 5267 ex
671 5223 738 5268 msc.
753 5209 849 5268 codice
859 5207 1036 5268 bibliothecae
1077 5209 1230 5266 Februarii.
1249 5211 1308 5266 tss.

216 5275 308 5334 Sancti
323 5279 439 5352 llemigii
464 5280 626 5338 llhemensis
654 5282 683 5340 di
714 5286 814 5340 motum
839 5281 938 5352 probat
966 5295 1035 5337 aare
1116 5279 1172 5352 (55)
1196 5282 1302 5345 Petrus,
1332 5281 1430 5353 lgneus
1451 5287 1598 5352 propterea
1621 5281 1842 5352 copulaminatus,
1868 5297 1901 5338 ac

220 5347 297 5409 1067.
322 5365 407 5406 merrae
430 5350 586 5422 Februario,
606 5354 673 5425 ferra
698 5357 792 5424 auara
815 5353 914 5424 prioris
942 5351 1037 5409 hebda-
1078 5358 1173 5420 postea
1205 5351 1352 5423 episcopus
1383 5352 1546 5409 albanensis
1568 5359 1596 5409 et
1624 5352 1771 5410 cardinalis
1799 5350 1900 5410 lactus.

218 5419 301 5476 sada
328 5421 355 5476 ia
373 5423 590 5493 Quadrupesimo,
619 5438 669 5482 sen
684 5423 729 5482 dle
756 5424 791 5479 28
814 5425 937 5495 ejusdem
961 5437 1036 5481 men·
1077 5423 1138 5479 tiss.

216 5490 263 5548 sls.
281 5491 399 5550 Faustus
420 5508 485 5552 vero
505 5495 550 5568 (su
559 5495 610 5624 tpl.
633 5496 733 5553 concil.
758 5502 778 5553 t.
804 5497 825 5562 l,
856 5510 883 5567 p.
912 5493 987 5564 1300)
1002 5509 1037 5552 ex
1115 5493 1170 5565 (56)
1187 5492 1261 5550 1600
1277 5494 1362 5551 relert
1375 5493 1527 5552 Beroaldus
1551 5508 1647 5622 ogga.
1674 5509 1712 5562 rx,
1727 5493 1755 5563 5,
1780 5509 1810 5566 p.
1835 5493 1899 5551 376.

217 5561 271 5620 alio
287 5577 354 5619 msc.
373 5564 533 5625 Florentino
548 5581 555 5623 r

595 5568 743 5639 contigisse
757 5567 855 5625 scribit
870 5581 938 5624 aare
956 5565 1035 5635 1068,
1077 5563 1117 5623 Cl.
1134 5579 1245 5638 quoquc
1258 5580 1356 5638 opusc.
1371 5581 1420 5636 xu,
1434 5564 1463 5636 3,
1479 5567 1507 5637 b,
1523 5581 1551 5637 p.
1602 5565 1715 5636 0300
