4036 6162
128 245 180 302 ⁸8⁰
644 247 800 342 msronm
817 250 1091 310 unuromurusrs.
1111 278 1147 292 -
1165 248 1229 304 urs.
1249 245 1283 303 ιι.
1719 225 1724 236 “
1753 240 1807 297 seo
1828 201 1831 211 “

128 375 185 428 orta
200 368 337 426 dissensio
359 374 427 436 erat,
442 368 477 426 ab
492 369 622 442 injuriato
641 371 790 430 humilibus
804 373 836 406 ‘⁶¹
852 377 1085 446 preci-amotus,
1105 373 1195 444 primo
1220 371 1332 430 omnino
1355 371 1486 442 ignorans
1513 379 1568 438 qua
1586 367 1621 423 de
1649 379 1731 424 causa
1753 366 1806 424 ista

126 461 177 515 bus
191 457 324 528 requisita
341 458 502 526 concordia,
518 460 650 518 continuo
671 473 727 518 non
751 462 945 534 adquiesceret
985 464 1098 522 insolito
1122 463 1294 528 advenirent,
1315 460 1389 531 quod
1409 457 1526 529 amplius
1550 468 1606 512 non
1625 454 1742 522 viderat,
1757 469 1806 512 ar·

127 547 276 618 superbus,
300 560 352 603 nec
377 546 459 603 ullam
478 545 532 604 vim
546 548 626 606 alteri
653 548 766 620 inferre,
792 551 881 610 donec
900 568 945 610 res
986 559 1066 625 repto
1095 550 1222 609 malleolo
1241 549 1324 607 nimia
1352 549 1393 605 ira
1426 547 1579 604 commotus
1608 542 1749 600 universas
1777 543 1805 600 in

127 639 184 708 ipsa
199 635 325 708 legaliter
339 634 462 692 discussa
476 635 582 705 luisset,
603 637 714 695 minime
724 639 852 698 audebat.
988 657 1070 698 vinum
1090 641 1282 714 constringens
1296 635 1453 696 laminam
1468 637 1558 708 ignem
1573 632 1685 690 misitiu
1704 632 1804 702 ipsum.

160 723 205 780 30.
222 725 305 794 cujus
320 723 353 756 ⁸⁸⁸
367 724 395 780 in
410 729 533 795 ternpore
548 725 591 782 lex
609 725 643 758 ⁸⁸⁸
655 733 749 784 sancta
768 733 850 800 atque
869 743 944 786 man-
986 735 1019 788 at
1033 733 1105 788 beus
1124 744 1184 788 eum
1201 732 1257 801 jam
1272 729 1345 787 beati
1363 726 1500 783 Ambrosii
1517 723 1623 780 meritis
1639 720 1741 779 lurtum
1756 733 1806 791 per

127 813 332 870 datumnovum
347 813 491 869 sibonum
511 814 623 882 ecoelo,
644 821 674 872 ut
693 818 781 873 sancti
796 817 847 874 viri
866 832 945 875 asse·
986 821 1135 892 sacrilegos
1150 827 1239 876 actum
1269 818 1389 889 pandere
1413 822 1533 879 curaret,
1557 819 1585 870 et
1608 811 1680 869 ultra
1694 809 1806 866 illorum

126 905 251 968 ruerunt,
280 902 408 959 omnibus
436 902 594 960 christianis
623 908 676 959 tam
706 904 835 962 ildelibus
863 921 944 978 quam
985 909 1127 982 perfidiam
1154 922 1209 965 non
1229 908 1347 979 patiens,
1377 919 1460 975 super
1489 903 1648 974 magistrum
1674 905 1701 956 et
1722 913 1806 969 super

124 992 282 1048 infidelibus
307 991 370 1048 data
395 997 447 1060 est,
472 992 568 1049 dicens
592 1000 728 1065 quatenus
742 1009 837 1052 omnes
851 996 943 1054 homi·
985 997 1134 1068 sacrilegos
1153 996 1261 1052 laminae
1284 1007 1381 1051 sonum
1405 991 1508 1064 grande
1532 989 1654 1046 terentes
1677 992 1705 1044 et
1720 986 1805 1042 terri·

124 1095 174 1138 nes
187 1095 284 1138 secure
309 1081 344 1137 ab
368 1082 436 1138 hora
455 1082 543 1152 prima
565 1083 640 1139 lovis
661 1097 747 1156 usque
771 1085 805 1141 ad
829 1086 944 1156 primam
985 1088 1078 1145 biliter
1091 1086 1222 1142 salientes
1236 1084 1407 1155 apertissima
1421 1082 1470 1139 bei
1494 1080 1535 1137 ira
1552 1081 1628 1150 ipsos
1642 1078 1671 1134 in
1685 1075 1806 1133 vultibus

123 1167 218 1224 boram
241 1168 297 1225 diei
325 1171 418 1236 Lunae,
444 1169 633 1241 cuiuscunque
661 1171 750 1243 culpae
774 1173 874 1243 iurent,
895 1190 944 1232 sua
985 1177 1083 1234 misere
1100 1176 1321 1233 combusserunt.
1345 1175 1411 1241 Quae
1434 1171 1502 1228 visio
1517 1182 1614 1227 omnes
1632 1166 1680 1237 qui
1695 1163 1729 1221 ad
1744 1165 1805 1221 lraec

123 1258 233 1329 negotia
253 1263 367 1329 agentes
385 1264 596 1329 permanerent;
622 1266 649 1318 et
677 1263 843 1334 quicumque
872 1264 943 1322 hauc
985 1266 1103 1325 videnda
1123 1267 1179 1337 jam
1202 1271 1281 1322 antea
1300 1267 1496 1327 convenerant,
1522 1259 1642 1317 aurificis
1662 1253 1806 1313 domestici

122 1346 211 1417 legem
231 1346 392 1416 offenderet,
417 1347 545 1404 videlieet
564 1353 685 1420 treguam
706 1351 843 1422 licique
858 1353 942 1410 misc·
985 1356 1113 1414 acviciui
1129 1355 1262 1426 ejusdem,
1278 1359 1308 1411 ut
1326 1351 1528 1418 erantlaminae
1546 1345 1709 1405 venerandae
1724 1343 1805 1400 testi·
1885 1337 1892 1346 '

123 1434 243 1492 ricordia
268 1434 372 1491 domini
396 1436 484 1492 nostri
510 1437 574 1493 lesu
598 1438 699 1494 Christi
724 1441 806 1496 terris
836 1443 944 1498 noviter
985 1448 1108 1512 deantes,
1138 1444 1288 1516 sacrilegos
1314 1444 1391 1513 ipsos
1419 1440 1549 1498 dentibus
1568 1437 1719 1494 stridentes
1737 1446 1805 1491 voce

121 1524 260 1594 adparuit,
272 1524 368 1594 lll⁰01¹i
379 1522 464 1582 dubio
474 1526 502 1582 in
512 1524 595 1582 exilio
610 1527 773 1598 dampnatus
788 1543 838 1599 per
851 1529 943 1600 aliqua
984 1535 1082 1608 grandi
1096 1534 1263 1591 vocitabant.
1288 1533 1382 1602 ltaque
1407 1528 1565 1586 convocatis
1587 1522 1736 1597 aliquantis
1750 1522 1805 1577 hu·

122 1618 247 1683 tempora
276 1626 383 1683 poenam
414 1613 732 1686 patiatur-corpoream.
763 1619 797 1674 st
812 1619 859 1688 qui
874 1633 942 1676 ean·
982 1626 1028 1694 jus
1055 1623 1132 1680 urbis
1151 1621 1300 1688 nobilibus,
1329 1633 1440 1676 earcere
1468 1618 1598 1683 obscuro,
1623 1614 1669 1670 ubi
1684 1609 1805 1668 damnati

122 1702 186 1758 dem
200 1703 358 1769 servaverit,
374 1703 409 1759 ab
423 1704 545 1760 omnium
568 1711 744 1774 peccatorum
762 1705 879 1764 vinculis
893 1707 1112 1783 beigsolebaut
1142 1710 1281 1778 concludi,
1312 1709 1401 1779 poenis
1424 1706 1511 1762 attriti
1534 1701 1650 1760 diversis
1673 1699 1805 1768 durisque

122 1791 312 1856 misericordia
327 1791 494 1850 absolvatur·
985 1801 1100 1860 vinculis
1115 1800 1236 1872 colligati
1265 1798 1368 1855 redacti
1392 1802 1466 1853 sunt.
1486 1794 1556 1862 Quin
1586 1792 1667 1848 etiam
1686 1786 1806 1844 induciis

155 1879 284 1936 3l.-cum
313 1879 345 1913 ⁸⁸⁸
372 1881 445 1938 enim
475 1881 603 1939 dominus
621 1896 653 1940 ac
671 1889 766 1941 noster
784 1885 944 1955 redemptor
984 1905 1071 1962 usque
1092 1903 1170 1946 mane
1194 1887 1226 1920 ⁸⁸⁹
1249 1887 1359 1944 illorum
1387 1885 1450 1941 vitae
1466 1882 1586 1948 donatis,
1601 1883 1648 1935 aut
1662 1877 1718 1934 illis
1737 1888 1806 1946 quo·

121 1974 205 2041 tique
234 1969 354 2027 salvator
381 1970 502 2027 omnium
531 1971 655 2028 Christus
683 1974 763 2030 Jesus
785 1988 835 2044 per
858 1974 943 2031 multa
984 1980 1066 2038 modo
1085 1979 1291 2037 adinvenissent
1310 1975 1417 2032 ratione
1440 1971 1613 2043 apertissima
1636 1965 1805 2025 coniteren-

119 2060 176 2128 Jam
196 2063 320 2130 tempora
338 2059 530 2117 antecedentia
549 2061 622 2118 beati
636 2063 774 2120 Ambrosii
788 2076 883 2120 omnes
893 2077 943 2120 ec·
984 2075 1039 2137 tur,
1055 2073 1102 2124 aut
1116 2067 1198 2139 lignis
1212 2065 1352 2122 altissimis
1365 2062 1492 2133 suspensi
1509 2059 1655 2116 durissime
1671 2054 1806 2126 puniren-

121 2147 290 2205 clesiasticas
313 2149 513 2216 ordinationes,
537 2165 607 2221 quas
625 2151 685 2222 ipse
700 2151 786 2209 cultui
800 2152 893 2209 divino
908 2151 942 2208 ad
984 2163 1039 2214 tur.
1056 2156 1133 2211 Enim
1150 2155 1204 2211 hoe
1228 2153 1401 2224 saerilegium
1428 2165 1479 2207 nee
1500 2163 1517 2206 a
1533 2146 1696 2204 custodibus
1709 2155 1805 2199 secre-

119 2237 169 2292 Dei
184 2236 317 2293 bonorem
341 2251 425 2307 opere
445 2238 660 2306 decentissimo,
685 2245 769 2310 prout
788 2242 943 2312 cuicunque
985 2244 1048 2302 tarii
1071 2243 1172 2300 iactum
1195 2254 1256 2298 esse
1276 2247 1335 2298 erat
1353 2245 1535 2309 compertum,
1551 2249 1603 2292 uec
1618 2233 1725 2290 civibus
1743 2229 1807 2287 ullis

119 2325 162 2381 rei
187 2325 370 2394 competebat,
393 2331 538 2382 ornaverat
557 2327 669 2397 praediis
687 2327 730 2397 ⁸⁰¹,
757 2335 839 2400 atquc
863 2331 944 2386 mira·
984 2338 1145 2390 reseratum.
1161 2331 1231 2400 Quid
1247 2330 1353 2386 multat
1377 2327 1518 2398 Sacrilegi,
1534 2322 1632 2396 procul
1650 2320 1736 2378 dubio
1755 2331 1806 2376 oo-

121 2413 195 2470 culis
213 2428 269 2470 sua
295 2415 446 2485 majestatis
469 2416 566 2472 dextra
590 2416 766 2486 exaltaverat,
791 2419 870 2489 quasi
883 2420 943 2478 haee
984 2427 1149 2496 gnoscentes
1171 2435 1232 2478 sese
1254 2419 1336 2476 morti
1361 2417 1453 2475 subito
1487 2416 1658 2478 incursuros,
1684 2405 1805 2479 siquod

120 2502 216 2557 omnia
241 2501 372 2560 oblivioni
384 2503 440 2573 jam
459 2499 559 2562 tradita
575 2504 701 2576 tuissent,
718 2508 745 2564 in
762 2508 867 2564 baculis
881 2510 943 2581 glo·
983 2515 1056 2568 Deus
1070 2511 1200 2581 paulatim
1216 2509 1344 2566 fidelibus
1368 2506 1440 2563 beati
1455 2504 1562 2562 meritis
1575 2499 1712 2559 ambrosii
1727 2511 1805 2555 rese·

120 2589 205 2646 riosie
227 2591 325 2646 summi
348 2591 481 2649 antistitis
504 2593 641 2650 Ambrosii
664 2609 715 2666 per
740 2610 874 2653 summum
894 2597 943 2653 mi-
985 2601 1072 2670 rabat,
1098 2599 1151 2670 ipsi
1180 2599 1292 2656 omniuo
1319 2597 1489 2669 denegarent
1510 2614 1516 2650 :
1535 2592 1629 2665 paucis
1648 2585 1806 2647 convocatis

119 2678 244 2735 racnlum
273 2683 364 2736 tamen
392 2685 516 2751 tempore
545 2682 618 2739 beati
642 2683 780 2741 lieriberti
807 2685 943 2756 arehiepi·
984 2689 1185 2756 sacerdotibus,
1202 2687 1255 2745 ilde
1275 2700 1325 2758 pro
1343 2685 1432 2742 salute
1456 2683 1566 2740 illorum
1590 2683 1715 2749 accepta,
1740 2673 1805 2732 uni·

119 2765 198 2836 scopi
227 2766 368 2824 declarare
383 2770 497 2837 curavit,
514 2784 622 2828 necnon
638 2771 667 2827 iu
687 2777 796 2843 quantae
812 2788 942 2831 reveren·
982 2793 1061 2836 versa
1075 2778 1195 2849 qualiter
1209 2777 1262 2848 ipsi
1272 2777 1393 2848 egissent
1407 2773 1528 2831 seriatim
1548 2770 1603 2828 illis
1618 2771 1803 2838 aperueruut;

119 2853 166 2911 tiae
190 2861 356 2928 quantaeque
387 2857 537 2930 diligentis
568 2861 703 2918 universis
736 2862 873 2931 fidelibus,
894 2865 942 2935 qui
983 2869 1050 2938 quin
1074 2868 1156 2924 etiarn
1180 2865 1271 2923 locum
1290 2866 1391 2936 ipsum,
1407 2865 1433 2920 in
1450 2875 1506 2934 quo
1527 2874 1576 2933 per
1589 2857 1754 2927 semetipsos
1772 2853 1805 2909 li-

119 2944 203 3002 modo
227 2950 292 3002 sunt
306 2951 334 3003 et
352 2947 400 3018 qui
415 2946 500 3006 futuri
524 2955 599 3017 sunt,
615 2951 839 3008 Ambrosiauicos
863 2959 941 3010 actus
982 2970 1035 3028 gna
1059 2955 1092 2988 ⁸⁶⁰
1119 2955 1278 3013 eorumdem
1313 2952 1475 3010 baculorum
1504 2951 1686 3014 immiserunt,
1713 2943 1806 3000 verbis
1840 2956 1845 2964 ·

118 3031 470 3101 ⁰fflss0⁵s01011biss³udil0
495 3043 522 3094 et
546 3037 633 3095 inviso
653 3039 785 3097 miraculo
800 3041 1162 3116 humilitercapcrdssimis
1185 3047 1375 3099 narraverunt.
1399 3043 1458 3099 lloe
1472 3039 1567 3096 audito
1586 3036 1746 3094 sacerdotes
1759 3031 1804 3089 ul·

118 3121 264 3193 propalare
279 3125 392 3180 curavit.
418 3125 515 3182 Evenit
537 3127 630 3198 itaque
652 3129 727 3198 quod
746 3129 837 3186 baculi
852 3131 940 3186 saneti
981 3133 1034 3190 mia
1049 3133 1203 3189 reverentia
1218 3131 1347 3189 commoti
1367 3129 1424 3188 lere
1439 3127 1588 3201 angustiati
1606 3131 1681 3182 sunt.
1698 3125 1806 3180 interea

116 3212 266 3281 ambrosii,
282 3227 344 3270 cum
360 3214 461 3284 quibus
479 3219 570 3272 mntem
591 3219 686 3287 juncta
714 3219 789 3290 virga
809 3219 940 3290 pastorali
981 3223 1091 3294 quidam
1116 3221 1208 3278 animo
1236 3220 1361 3292 cupienti
1384 3219 1503 3277 clericus
1526 3230 1608 3274 cursu
1630 3212 1806 3270 velocissimo

117 3301 323 3369 poeniteutiales
337 3308 366 3359 et
380 3303 438 3374 ipse
453 3303 481 3360 in
497 3304 613 3362 ecclesia
637 3307 685 3363 bei
706 3308 825 3376 trahere,
847 3322 943 3380 quam·
981 3311 1013 3368 ad
1040 3311 1130 3367 locum
1155 3309 1327 3366 teterrimum
1345 3312 1373 3364 et
1386 3323 1403 3363 a
1417 3307 1560 3378 sacrilegis
1584 3301 1759 3373 pradictum,
1775 3305 1806 3354 ut
1847 3311 1852 3318 ·

118 3389 164 3446 diu
179 3389 272 3448 initae
286 3392 340 3448 vita
359 3393 435 3460 vixit,
451 3394 568 3465 solebat,
589 3394 681 3452 furtim
703 3411 753 3467 per
766 3397 942 3454 latrocinium
982 3399 1057 3470 ligna
1070 3397 1187 3464 videret,
1212 3409 1267 3452 nou
1292 3401 1322 3451 ut
1345 3394 1410 3451 inde
1425 3395 1485 3464 ipsa
1504 3391 1637 3457 traheret,
1656 3387 1780 3445 cucurrit
1796 3405 1804 3454 ;

118 3491 182 3534 casu
199 3477 301 3535 sublati
315 3485 389 3536 sunt.
405 3481 509 3548 Quibus
523 3483 690 3554 asserilegis
707 3483 812 3552 tractis,
828 3489 942 3556 argento
982 3488 1031 3559 qui
1050 3487 1124 3542 intro
1152 3485 1300 3555 aspiciens,
1330 3483 1403 3554 ligna
1427 3481 1487 3552 ipsa
1506 3485 1586 3550 rupta
1605 3492 1637 3535 ac
1656 3476 1806 3549 pendentia

120 3572 147 3623 et
159 3580 240 3635 auro,
257 3582 272 3624 e
291 3568 392 3638 quibus
407 3569 498 3626 baculi
517 3574 596 3626 eraut
617 3572 779 3627 circumdati
794 3572 899 3629 honore
915 3578 943 3629 et
982 3577 1062 3643 vidit,
1078 3582 1108 3632 ut
1122 3559 1208 3630 uec'a
1223 3585 1303 3630 coeno
1318 3569 1532 3628 sordidabantur
1546 3580 1598 3624 nec
1609 3567 1643 3622 ab
1658 3565 1713 3622 ulla
1727 3567 1809 3635 parte'

121 3647 277 3713 reverentia
304 3657 377 3713 beati
396 3657 533 3714 Ambrosii
560 3657 708 3728 decoratis,
728 3659 855 3732 sacrilegi
870 3659 944 3732 ligna
984 3664 1177 3735 tangebantur.
1192 3662 1259 3718 cum
1273 3665 1364 3717 autem
1383 3658 1437 3716 hoc
1456 3656 1629 3723 inveritate,
1653 3652 1729 3726 qnod
1748 3651 1806 3709 cle·

121 3758 218 3802 eorum
233 3745 334 3802 nudata
352 3748 380 3802 in
396 3746 515 3817 quodam
532 3747 691 3819 turpissimo
706 3763 827 3817 secessu,
843 3755 873 3804 ut
887 3763 945 3805 am·
984 3753 1059 3810 ricus
1080 3753 1231 3817 invenerat,
1259 3749 1419 3807 sacerdotes
1447 3747 1627 3813 invenissent,
1653 3746 1805 3802 convocato

121 3834 193 3905 plius
222 3835 333 3893 minime
371 3835 560 3895 invenirentur
602 3836 728 3895 clanculo
760 3839 942 3907 immiserunt,
983 3843 1087 3915 populo
1106 3842 1234 3899 universo
1249 3839 1383 3897 continuo
1397 3839 1458 3896 baec
1473 3837 1564 3895 omnia
1578 3834 1700 3893 seriatim
1715 3831 1806 3891 notill·

119 3925 176 3980 auri
208 3936 274 3981 vero
302 3928 330 3981 et
359 3925 465 3996 argenti
484 3925 569 3982 lamas
590 3926 699 3983 cuidam
727 3926 848 3985 aurificae
876 3929 944 3984 artis
984 3935 1124 3989 caverunt.
1144 3931 1239 4000 ltaque
1258 3929 1376 4000 populus
1404 3939 1553 3997 omnesque
1578 3924 1674 3982 clerici
1701 3925 1758 3980 beo
1778 3925 1807 3979 et

120 4014 263 4085 magistro,
292 4013 452 4071 simulantes
480 4014 541 4071 baec
564 4015 759 4087 aquibusdam
786 4015 944 4088 allobrogis
983 4021 1065 4077 beato
1095 4018 1240 4076 Ambrosio
1272 4017 1373 4089 gratias
1396 3999 1549 4074 reier'eutes
1572 4015 1728 4079 immensas,
1754 4024 1833 4068 eo·.

120 4105 282 4173 emissent
304 4103 429 4160 semotim
454 4103 656 4176 delinquarent,
681 4104 803 4163 aurideis
815 4106 943 4164 mercede
983 4114 1149 4182 gnoscentes
1172 4108 1232 4164 haec
1247 4110 1278 4163 ut
1292 4111 1371 4163 erant
1393 4103 1465 4162 lacta
1492 4119 1543 4176 per
1566 4103 1704 4169 ordinem,
1719 4098 1805 4157 laetati

120 4193 265 4262 apretiata,
290 4192 476 4250 contulerunt.
501 4194 588 4265 igitur
610 4192 722 4252 fornace
747 4196 803 4265 jam
827 4210 943 4254 accensa
984 4203 1057 4257 sunt.
1074 4199 1108 4254 Et
1131 4196 1237 4254 baculis
1260 4195 1321 4253 usui
1336 4195 1454 4267 pristino
1473 4191 1658 4265 reintegratis,
1673 4202 1742 4246 auro
1757 4201 1804 4245 ar·

121 4279 150 4314 ‘³⁷
179 4289 210 4339 et
227 4281 370 4354 sacrilegis
387 4283 634 4354 superastantibus,
660 4282 766 4342 aurifer
784 4286 844 4342 auri
859 4285 942 4342 lami·
983 4293 1122 4358 genteque
1147 4285 1334 4352 circumdatis,
1361 4287 1476 4353 ruptura
1499 4294 1580 4352 quam
1599 4277 1711 4348 maligni
1726 4276 1803 4333 iece-

123 4369 305 4442 nasffisuper
320 4370 518 4428 candescentes
537 4372 673 4429 carbones
682 4386 763 4430 manu
773 4378 871 4432 mneus
889 4377 938 4433 mi·
948 4369 974 4432 D
985 4381 1111 4433 rautnon
1126 4379 1286 4445 apparente,
1303 4373 1331 4428 in
1347 4373 1430 4428 Βοιιιιι
1445 4370 1531 4442 gavisi
1549 4373 1623 4425 sunt.

121 4460 164 4516 sit.
179 4459 286 4528 Quibus
311 4458 401 4516 missis
424 4460 549 4531 maleque
563 4460 690 4532 aquisitis
710 4463 877 4520 carbonibus
892 4479 942 4522 su·
1017 4463 1063 4519 32.
1081 4462 1146 4535 (Aa.
1165 4461 1257 4534 1045.)
1274 4460 1416 4519 Revolutis
1429 4458 1460 4492 “¹
1477 4470 1611 4515 annorum
1629 4455 1723 4512 multis
1738 4468 1804 4511 our·

122 4545 320 4620 perimpositis,
345 4548 478 4607 continuo
492 4548 609 4620 imperio
624 4548 672 4607 bei
687 4547 798 4608 lornaoe
814 4558 941 4623 urgente,
984 4551 1090 4620 riculis,
1105 4551 1134 4607 in
1149 4549 1250 4621 quibus
1269 4549 1386 4606 domnus
1405 4547 1567 4605 Heribertus
1585 4543 1723 4602 cathedrae
1737 4545 1804 4599 dm·

121 4638 154 4693 ab
168 4639 232 4710 igne
247 4637 435 4709 prosilierunt.
460 4639 532 4706 Quas
555 4637 686 4711 magister
699 4653 731 4695 ac
746 4640 873 4712 sacrilegi
888 4641 942 4699 eol·
983 4640 1121 4701 bresiana
1149 4637 1342 4696 decentissime
1365 4651 1399 4693 ac
1425 4649 1476 4707 pro
1499 4640 1624 4704 ternpore
1648 4633 1677 4689 in
1697 4631 1805 4688 cunctis

122 4725 219 4798 ligone,
234 4726 264 4783 in
286 4724 398 4786 lomace
418 4727 526 4785 easdem
550 4742 635 4800 super
654 4728 788 4786 carbones
802 4729 944 4788 curialiter
983 4728 1179 4794 ecclesiasticis
1195 4725 1294 4786 oldoils
1319 4730 1448 4784 strenuus
1468 4730 1497 4782 ut
1511 4728 1643 4795 operator
1657 4721 1804 4779 duruerat·

123 4817 204 4874 misit.
219 4818 332 4874 bemum
347 4815 429 4889 ignis,
449 4817 589 4875 voluntate
604 4816 695 4876 diviua
710 4825 851 4890 operante,
868 4821 943 4891 ipsas
981 4833 1088 4883 summa
1106 4832 1171 4891 pars
1193 4816 1327 4875 nobilium
1342 4817 1475 4887 majorum
1498 4812 1702 4884 militumque
1716 4823 1804 4880 usque

122 4906 230 4975 gmvius
251 4905 366 4963 laminas
388 4904 420 4938 “⁸
443 4907 543 4965 emisit.
570 4908 691 4966 Tandem
720 4908 850 4980 magister
868 4923 943 4967 com·
982 4907 1017 4966 ad
1044 4907 1112 4965 illud
1140 4911 1249 4978 tempus
1271 4904 1398 4972 eeclesiae
1427 4918 1460 4963 ac
1488 4903 1654 4963 clericorum
1681 4903 1804 4959 tutamen
1874 4925 1881 4936 ·

794 5079 907 5137 VARIAE
934 5079 1127 5137 aucmentis.

156 5219 188 5252 “¹
202 5221 313 5280 humilis
324 5224 355 5280 B.
395 5221 428 5254 ⁸⁸⁸
444 5221 562 5279 litatur:
579 5222 678 5295 incipit
691 5224 725 5282 de
740 5229 835 5297 tregua
856 5227 905 5284 bei
929 5229 1088 5329 excerptum
1164 5223 1200 5283 od
1219 5223 1392 5282 ierosolimis
1409 5221 1546 5352 apparuit.
1561 5223 1604 5279 dt
1621 5223 1659 5278 be
1674 5219 1803 5304 quodam,

123 5290 198 5360 quod
211 5293 407 5366 Hierosolymis
426 5293 562 5364 apparuit.
578 5297 639 5352 A**.
655 5295 696 5351 itt.
717 5298 754 5353 ite
770 5297 899 5367 quodam.
915 5299 945 5355 s.
990 5296 1011 5330 ⁸³
1037 5298 1056 5354 l.
1072 5267 1119 5368 qiri
1140 5311 1183 5353 em
1198 5311 1221 5352 s.
1238 5298 1268 5352 Β.
1290 5294 1415 5366 quaedam
1442 5337 1449 5351 .
1471 5309 1494 5350 s.
1510 5291 1552 5351 nl.
1597 5291 1630 5326 ⁸³⁸
1655 5291 1755 5350 Tutatur
1778 5293 1806 5348 in

123 5362 271 5420 mdieibua:
293 5367 331 5422 be
351 5364 483 5422 miraculo
509 5365 640 5436 (mirabili
663 5367 724 5438 Ab)
751 5369 910 5426 baculorum
932 5369 1019 5428 sancti
1042 5369 1190 5426 Ambrosii.
1242 5365 1275 5399 “⁸
1295 5365 1430 5438 prodigiis
1448 5365 1491 5421 iil.
1542 5363 1574 5395 “¹
1588 5364 1608 5421 i.
1623 5379 1650 5421 a.
1667 5364 1758 5420 meunt
1773 5365 1801 5420 B.

123 5431 401 5573 *Ιζὲὲἰιὲιοᾶιὲᾱοοᾶιέἐὲι
415 5435 459 5579 ὦ·
470 5436 588 5566 fflvb.
626 5436 658 5470 ⁸⁸⁰
673 5439 739 5509 ligni
755 5441 784 5495 b.
822 5439 852 5474 “¹
869 5440 988 5498 malm:
1009 5442 1046 5498 be
1062 5442 1150 5499 morte
1165 5438 1269 5497 domiui
1294 5437 1432 5496 llcriberti
1454 5435 1656 5511 archiepiscopi
1676 5435 1808 5498 ltcdiolaa
