4160 6196
202 247 251 303 ici
756 235 900 294 JOANNES
919 183 1127 292 inculcaret.
1146 235 1314 295 noronte.
1833 239 1884 296 tes

198 372 227 428 in
241 365 402 434 Dominicis,
408 369 483 494 (post
496 363 614 422 Tertiam
629 368 734 433 septem
744 360 840 432 psalmi
855 374 916 416 cnm
927 358 1179 422 litaniahintroitn
1204 362 1329 419 ecclcsiae
1353 361 1441 418 beatae
1459 362 1561 418 itariae.
1576 361 1704 434 ipchrtstt
1723 363 1811 433 Virpc,
1828 368 1883 421 etc.

428 435 621 493 leliuslestivis
635 439 701 561 gost
714 433 831 488 Primam
852 431 1018 488 immediate.
1061 435 1129 492 inde
1152 433 1268 504 ingressi
1287 433 1402 489 chorum
1426 433 1550 490 ecclesiae
1573 433 1661 490 beatae
1686 435 1778 491 itariae
1803 449 1879 492 more

199 441 393 568 uffiuomliiiflibgn
404 510 492 581 prima
521 510 549 564 in
576 509 633 575 Qua
654 505 806 630 mesonma,
835 501 869 558 ad
899 501 1019 571 missam,
1062 522 1091 564 sc
1107 506 1226 562 hahcant
1239 505 1365 561 aliorum.
1389 505 1475 561 Debet
1497 519 1593 560 cavere
1617 503 1736 561 clericus
1749 507 1883 562 sacristiae

199 581 319 640 cilicium
351 581 487 638 luuocom't
518 593 567 644 mc,
602 583 655 633 etc.
710 579 802 630 iactus
829 575 880 641 Qui
907 573 1017 640 lectitet,
1062 577 1137 649 qnod
1166 576 1281 648 singulis
1311 576 1451 633 canonicis
1484 576 1586 632 nostris
1614 590 1705 633 ramos
1733 577 1883 634 distribuat

199 669 281 726 (luem
305 660 423 736 qualum
445 650 599 733 ³¹¹⁰P¹¹³²¹¹¹¹
625 650 734 730 “imme
750 649 804 728 Ῥω·
826 646 882 702 ¹¹³⁰
897 644 942 700 ‘¹¹⁰
958 651 1018 715 1³⁰⁵¹
1062 665 1233 722 benedictos.
1258 665 1326 720 hum
1350 665 1418 720 rami
1438 655 1516 725 287
1537 665 1749 733 distribuuntur,
1775 668 1884 723 canitur

199 725 414 797 completorium
442 727 555 778 sacrista
587 725 720 776 cornuam
749 723 822 772 inter
850 715 964 772 chorum
993 721 1021 772 ct
1061 736 1211 806 ,mmmm
1234 735 1313 790 pm
1336 734 1515 802 gemm,
1541 741 1595 792 010·
1620 737 1651 791 ln
1665 737 1756 796 reditu
1772 752 1885 808 proces.

199 817 285 873 altare
309 813 475 885 protendat,
499 817 565 868 tunc
586 808 668 864 etiam
689 819 787 862 cruces
810 812 838 862 ct
861 796 940 866 284
954 806 1019 860 ima·
1060 811 1157 876 sionis,
1172 813 1230 862 ant.
1246 808 1383 877 Coeperam
1402 822 1500 862 omncs.
1525 807 1544 876 ii
1566 808 1688 863 Dominus
1702 811 1788 864 lesus.
1813 810 1883 865 lieni

199 889 277 959 gines
309 885 461 954 cooperiat.
490 883 512 936 Α
544 877 665 936 secunda
698 875 766 934 scria
798 876 1018 947 Quadragcsimae
1060 881 1160 952 ipOum
1175 876 1391 934 nudissctturhc.
1416 879 1482 934 (inm
1508 879 1543 934 ad
1567 883 1674 947 portam
1689 879 1808 936 civitatis
1823 895 1885 950 pro-

200 971 287 1028 nsque
306 957 341 1013 ad
367 954 480 1020 Pascha,
495 951 618 1022 exceptis
632 949 719 1014 lestis,
736 948 770 1004 ad
791 948 899 1004 initium
918 947 1020 1016 princi·
1061 951 1150 1006 cessio
1181 948 1288 1005 uenerit
1303 948 1333 1002 tit
1347 948 1440 1016 statio,
1457 950 1551 1018 pneris
1565 963 1648 1019 super
1662 957 1768 1019 portam
1784 965 1882 1008 canen·

199 1029 269 1100 palis
292 1029 373 1084 llorae
399 1026 462 1080 dum
487 1021 578 1078 Gloria
601 1021 677 1076 Petit
700 1019 812 1086 dicitur,
833 1018 867 1073 ah
891 1019 1020 1075 omnihus
1062 1017 1339 1086 cumdiscretam.
1365 1021 1394 1075 ln
1414 1021 1530 1078 introitu
1545 1019 1663 1076 civitatis
1677 1024 1883 1092 responsorium

199 1099 280 1156 simul
299 1112 382 1167 snper
400 1093 593 1151 lormasvcnia
609 1097 728 1161 petatur.
1062 1092 1227 1162 lcprcdtcntc
1250 1093 1370 1160 Decumo.
1396 1090 1415 1153 i
1439 1092 1551 1162 Cumque
1575 1092 1710 1159 audisset,
1739 1099 1805 1150 tnnc
1829 1095 1884 1150 ite-

234 1170 380 1226 Sciendum
404 1165 478 1229 onod
502 1164 530 1219 in
554 1162 682 1219 omnihus
705 1160 796 1216 missis
815 1173 876 1230 qiiae
895 1159 929 1216 dc
948 1161 1020 1228 Qua·
1061 1179 1120 1220 rniii
1136 1163 1239 1218 dehent
1254 1160 1357 1233 pulsari
1372 1161 1428 1218 duo
1443 1162 1477 1218 dc
1493 1164 1643 1232 majoribus
1662 1163 1757 1234 signis.
1787 1166 1816 1220 ln
1841 1166 1883 1221 ln-

199 1240 352 1311 dragesima
370 1237 501 1294 dicuntur
523 1235 630 1290 cortina
645 1231 728 1288 dehet
747 1245 807 1287 esse
822 1230 940 1288 collecta
955 1231 1019 1287 dum
1061 1236 1146 1292 troitn
1162 1233 1287 1288 ecclesiae
1302 1232 1394 1288 Sancti
1418 1233 1514 1298 Laudi,
1534 1237 1742 1304 responsorium
1765 1237 1883 1292 tiroeini-

198 1311 373 1381 Evaugclium
411 1307 522 1378 legitur,
560 1304 610 1361 sed
644 1303 716 1359 lecto
749 1302 895 1373 Evangelio
928 1303 1020 1358 statim
1061 1307 1186 1362 dederunt
1210 1319 1260 1370 mc,
1285 1302 1357 1359 lacta
1380 1303 1408 1358 in
1436 1304 1549 1360 basilica
1578 1306 1715 1373 statione,
1745 1321 1840 1362 versus
1868 1323 1883 1362 a

198 1383 389 1452 expandatnr;
416 1376 527 1448 quando
553 1388 619 1432 vero
641 1373 741 1431 lestnm
757 1373 951 1429 celebrandum
967 1379 1018 1440 cst,
1061 1377 1170 1433 duobus
1193 1376 1310 1430 canitur.
1337 1374 1427 1430 Finito
1451 1378 1628 1444 responsorio
1653 1378 1884 1449 praelatusgeuna

198 1454 273 1509 linita
298 1453 379 1508 missa
404 1449 459 1504 diei
484 1447 668 1518 praecedentis
692 1447 783 1502 statim
798 1445 944 1516 colligatur
958 1459 1020 1501 cor·
1062 1447 1198 1504 llectcndo
1225 1446 1342 1502 delatam
1366 1445 1418 1500 sihi
1442 1446 1620 1515 antiphonam
1644 1462 1660 1502 a
1682 1455 1794 1505 cantore
1816 1453 1882 1516 Ace,

199 1525 266 1592 tina,
282 1538 344 1593 qnae
364 1529 455 1576 tamen
478 1520 538 1588 ipsa
553 1518 597 1574 die
618 1517 682 1573 dnm
707 1515 790 1572 missa
809 1517 843 1571 de
866 1516 1020 1586 Quadrage·
1060 1534 1110 1575 rec
1129 1521 1236 1584 moster,
1262 1523 1305 1573 ter
1325 1517 1458 1586 incipiam
1483 1523 1587 1573 tantum
1617 1518 1713 1574 dicens
1739 1521 1809 1582 Aue,
1834 1535 1884 1576 rec

198 1596 266 1650 sima
290 1594 399 1650 canitur
421 1590 505 1646 dehet
528 1603 588 1646 csse
608 1595 756 1660 protensa;
782 1589 811 1643 in
826 1601 880 1656 qua
895 1587 977 1643 missa
989 1601 1019 1643 se
1059 1596 1157 1656 moster,
1174 1595 1325 1645 conventus
1340 1587 1526 1660 persingulas
1544 1589 1629 1655 vices,
1645 1589 1772 1646 similiter
1793 1605 1882 1661 genua

197 1666 297 1721 tratres
319 1676 402 1733 snper
428 1659 530 1719 lormas
552 1660 586 1716 ad
616 1673 749 1716 canonem
773 1672 829 1714 non
853 1659 1296 1744 incurvent33llectendo,⁴idem
1316 1667 1433 1784 resciat,
1449 1661 1558 1716 interim
1584 1660 1729 1717 crncitliius
1753 1662 1882 1733 paulatim

197 1735 311 1807 quadie
326 1733 617 1804 postcompletoiium
637 1731 690 1786 nisi
710 1729 783 1786 aliud
803 1727 901 1786 lestnm
916 1743 1018 1787 occur·
1061 1735 1300 1802 discooperiatnr;
1326 1745 1341 1784 a
1383 1729 1508 1786 ultimum
1532 1737 1589 1786 tota
1613 1732 1762 1801 antiphona
1786 1741 1884 1789 cante-

199 1813 251 1874 rat,
268 1807 385 1872 cortina,
404 1807 476 1860 sicut
494 1803 575 1870 solet,
595 1801 768 1858 extendatur.
1060 1817 1114 1861 tnr.
1140 1803 1180 1860 hd
1210 1801 1352 1858 introitum
1376 1802 1465 1869 chori,
1495 1801 1514 1871 ii
1543 1801 1716 1872 Ocllcpernnt
1745 1817 1841 1860 versus
1868 1819 1882 1859 a

234 1878 388 1933 Notandum
412 1874 488 1945 qnod
510 1874 578 1930 teria
600 1871 722 1930 secunda
744 1871 964 1942 Quadragesimae
983 1872 1018 1928 ad
1059 1877 1150 1932 trihus
1177 1873 1211 1930 de
1239 1873 1395 1929 senioribus
1423 1874 1457 1928 ad
1485 1873 1587 1944 gradus
1619 1881 1774 1930 cantetur:
1812 1877 1883 1930 llum

198 1943 748 2016 collationcminctpieodmsunthomtliae
755 1941 1016 2013 Quadragesimales.
1059 1953 1165 2012 ectcmc
1191 1945 1301 2002 interim
1316 1951 1469 2000 conventus
1482 1945 1587 2000 sedeat.
1604 1945 1670 2001 Post
1684 1960 1791 2002 uersum
1807 1947 1881 2002 dicta

234 2019 359 2089 (Suthule
377 2017 395 2071 4
414 2017 577 2088 temporum.)
603 2016 723 2072 Sahhato
748 2014 783 2070 ad
809 2015 929 2081 missam,
959 2013 1019 2069 olli-
1060 2018 1225 2088 repetitione
1248 2015 1408 2086 antiphonae
1428 2018 1471 2074 Ille
1491 2016 1568 2085 forle,
1585 2016 1733 2087 subjungat
1752 2017 1882 2088 praelatus

199 2092 271 2146 cium
295 2093 378 2146 lutrcl
401 2090 496 2144 oratic.
521 2088 614 2144 Oratio
635 2085 761 2158 Populum
784 2091 865 2152 tcum,
881 2085 915 2140 ad
937 2099 1018 2155 quam
1058 2088 1078 2162 i
1102 2089 1257 2144 Bemdictiu
1280 2085 1324 2157 pei
1340 2086 1426 2154 uenit,
1454 2085 1539 2143 choro
1555 2088 1740 2157 respondente
1755 2090 1882 2145 Hcaemm

198 2162 307 2218 dicatur
331 2159 479 2217 Flectcmus
502 2173 605 2228 penna,
631 2163 658 2214 ct
681 2158 789 2213 dicatur
811 2157 870 2212 siue
894 2156 1018 2211 Dominus
1058 2167 1086 2214 m
1100 2159 1221 2216 eccelsia.
1246 2157 1339 2214 Oratio
1359 2157 1526 2229 Omnipotens
1543 2160 1706 2229 sempiterne.
1724 2161 1799 2216 lunc
1833 2173 1882 2216 os-

198 2232 337 2299 ucliscum,
355 2246 417 2288 cnm
436 2229 562 2287 omnihus
583 2229 773 2300 sequentihus,
790 2231 905 2298 excepta
923 2227 1019 2283 ultima
1059 2237 1123 2286 sunt
1138 2230 1255 2288 ministri
1270 2229 1304 2285 dc
1328 2229 1385 2284 suis
1409 2229 1572 2284 necessariis
1592 2230 1747 2299 providere.
1772 2231 1792 2286 P
1822 2236 1882 2287 sato

197 2309 261 2360 aute
293 2302 453 2373 Epistolam.
487 2301 597 2370 lectio,
630 2299 746 2370 repetes
777 2299 880 2354 Domini
912 2297 1019 2370 legatur
1059 2302 1175 2359 classico
1189 2301 1335 2356 inchoatur
1349 2298 1473 2356 Olticinm
1486 2301 1605 2368 Domine,
1625 2316 1658 2356 ue
1675 2301 1760 2372 lompc.
1784 2303 1882 2358 Sacer-

198 2377 285 2458 usque
308 2371 740 2457 ³d‚ill¹1ffllfll8}¹m,1?0⁷¹⁶d5⁰¹¹‚⁸³
754 2385 782 2425 ⁶⁸
796 2370 1016 2454 ilfim‘lmemi
1059 2392 1110 2447 dos
1129 2397 1157 2446 et
1179 2389 1298 2445 ministri
1321 2388 1504 2458 procedentes
1523 2379 1602 2449 288
1621 2389 1656 2446 ad
1671 2389 1757 2445 altare
1772 2389 1877 2460 palmas

198 2534 341 2590 dimidium
371 2539 489 2602 quatuor
516 2530 615 2587 tratres
631 2575 632 2578 ,
647 2529 747 2597 simul,
781 2528 905 2599 reliquos
936 2519 1015 2590 285
1059 2539 1284 2602 ctusaquatuor
1299 2535 1434 2596 cantetur,
1451 2531 1523 2586 sicut
1546 2530 1633 2600 prima
1656 2532 1798 2589 Dominica
1815 2533 1881 2600 Qua·

197 2605 256 2661 tiini
270 2610 299 2660 et
313 2602 370 2659 hini
385 2602 496 2668 dieant;
522 2602 624 2658 chorus
637 2614 702 2658 iero
724 2600 842 2671 primum
856 2613 964 2657 versum
983 2600 1018 2655 ah
1059 2603 1230 2676 dragesimam
1245 2601 1286 2657 lld
1310 2602 1465 2671 passionem
1484 2603 1609 2657 Dominus
1623 2603 1754 2658 cetheum
1768 2609 1882 2674 propter

196 2689 231 2732 cc
252 2675 327 2746 quic
349 2673 452 2730 cicili
473 2675 508 2729 Et
532 2671 683 2740 nennio,
708 2671 834 2743 iccipiat.
860 2673 935 2727 runc
955 2676 1018 2740 cosi
1058 2676 1227 2733 dominicam
1254 2672 1371 2740 cicitur,
1400 2672 1450 2728 scd
1479 2673 1570 2730 cuma
1599 2671 1655 2741 titi,
1680 2675 1881 2743 comumnes

196 2747 277 2802 llncm
302 2751 465 2802 caeterorum
487 2758 614 2800 versuum
638 2745 767 2814 Hpmnum
788 2743 884 2811 dicite,
909 2755 1019 2812 semper
1059 2761 1109 2803 sno
1137 2751 1271 2802 taceatur.
1300 2744 1394 2800 Credo.
1423 2742 1568 2800 Oliemnda
1595 2746 1793 2817 improperium,
1819 2760 1881 2816 quac

197 2817 321 2874 sedendo
344 2820 461 2887 repetat.
486 2817 633 2886 Postquam
659 2821 762 2871 tractus
783 2813 867 2870 tuerit
889 2812 1018 2870 tinitnsa
1059 2817 1124 2874 dum
1139 2817 1247 2873 canitur
1266 2814 1354 2885 primo
1370 2815 1488 2870 ministri
1531 2815 1615 2870 almas
1639 2815 1765 2883 otieraut,
1781 2815 1881 2874 deinde

198 2889 340 2958 praedictis
354 2894 481 2958 quatuor,
497 2888 602 2956 primus
615 2899 710 2942 versus
725 2885 914 2956 reincipiatur.
939 2885 1018 2940 llunc
1059 2888 1203 2958 prelatus,
1217 2892 1245 2942 et
1267 2885 1368 2957 reliqui
1391 2886 1449 2942 hini
1464 2893 1492 2942 ct
1511 2830 1569 2942 flini
1585 2886 1711 2944 ordinate
1726 2888 1879 2956 venientes,

199 2965 315 3016 tractum
338 2951 367 3014 in
390 2957 448 3014 suis
466 2957 553 3040 nigris
571 2956 666 3028 cappis
684 2956 772 3012 laneis
790 2961 902 3021 canunt,
918 2955 947 3011 iri
962 2968 1018 3025 quo
1062 2973 1130 3029 quas
1143 2958 1258 3014 sacrista
1272 2957 1414 3027 suscipiat.
1436 2959 1553 3027 Propter
1575 2955 1697 3015 laborem
1716 2959 1800 3015 cilicii
1820 2966 1883 3084 post

200 3030 280 3100 (sicut
310 3030 340 3084 ln
371 3033 558 3098 suprascripta
593 3026 734 3083 [lominica
766 3026 933 3096 descriptum
966 3016 1206 3101 cstlflprandinm
1221 3027 1376 3094 dormiant;
1402 3042 1519 3098 cumque
1538 3033 1646 3097 tempus
1664 3031 1795 3102 surgendi
1832 3045 1880 3086 ue-

198 3099 318 3155 vicisslm
332 3096 456 3154 sedeant.
481 3098 606 3153 Dominus
619 3097 759 3165 cormeum,
775 3097 864 3180 oratio
878 3099 958 3162 Deus,
976 3098 1020 3168 cui
1061 3102 1107 3169 rit,
1123 3115 1208 3158 unum
1222 3099 1256 3154 de
1272 3099 1426 3156 minorihus
1446 3099 1532 3170 signis
1554 3101 1689 3170 pulsetur,
1710 3115 1765 3172 quo
1785 3101 1880 3157 audito

198 3169 280 3227 trices
303 3170 403 3242 pueris,
426 3167 486 3225 sine
508 3167 656 3225 ructamus
678 3183 772 3237 peuce.
792 3166 914 3238 Epistola
934 3169 1019 3238 depc-
1060 3173 1088 3229 in
1104 3173 1192 3238 claust
1208 3184 1253 3226 nm
1267 3171 1419 3239 venientes,
1435 3171 1524 3242 primo
1549 3171 1631 3242 (sicut
1646 3185 1706 3230 mos
1719 3173 1771 3244 cst)
1786 3187 1883 3229 manus

198 3255 255 3298 mus
278 3256 334 3298 uos.
358 3242 473 3323 Tractus
496 3239 616 3322 tondete
629 3240 776 3302 Dominum,
792 3239 919 3295 inchoro
934 3239 1017 3294 alter·
1060 3243 1160 3310 lavent,
1185 3187 1285 3298 ifeinde
1310 3242 1417 3313 pulsata
1437 3243 1514 3299 Nona
1537 3241 1698 3368 {recedant
1720 3243 1882 3314 Hujnsmodi

198 3313 284 3369 natim
294 3317 430 3369 cantetur.
438 3312 518 3368 llissa
531 3315 583 3366 ista
598 3324 651 3366 nna
667 3309 783 3366 collecta
797 3315 901 3366 tautum
913 3309 1016 3367 tlnltnr.
1060 3315 1210 3372 meridiana
1234 3314 1407 3370 observantia
1431 3327 1447 3368 a
1470 3314 1537 3370 Pasc
1558 3329 1573 3369 a
1595 3313 1730 3385 usquead
1746 3315 1883 3372 llalendas

234 3383 375 3441 nominica
395 3382 477 3439 tertia
500 3381 730 3453 Quadragcsimae‚
746 3380 786 3464 ad,
802 3381 1018 3450 completorium
1059 3387 1197 3452 Octobris,
1213 3387 1337 3454 exeeptis
1351 3385 1450 3442 diehns
1466 3386 1634 3456 jejuniorum
1652 3387 1681 3441 ln
1703 3387 1804 3456 quibus
1817 3395 1881 3456 post

196 3456 347 3528 antiphona
361 3455 453 3513 Medic
467 3453 531 3522 cite,
547 3453 617 3524 psal.
632 3455 710 3511 ltluuc
722 3453 840 3509 dimuttts.
866 3453 896 3508 ln
913 3465 1018 3508 cauen—
1058 3459 1163 3514 Nonam
1178 3455 1332 3514 comeditur
1347 3463 1374 3512 et
1396 3455 1541 3523 dormitur,
1558 3461 1694 3513 teneatur.
1715 3459 1769 3514 llac
1784 3457 1830 3513 die
1854 3463 1881 3513 et

195 3528 232 3586 do
256 3529 336 3585 istam
357 3526 546 3597 antiphonam,
571 3538 631 3582 cum
656 3525 764 3581 venitur
785 3524 820 3579 ad
843 3523 945 3590 locum,
969 3524 1018 3579 nhi
1050 3525 1191 3598 'deinceps
1209 3541 1296 3597 nsque
1320 3527 1353 3584 ad
1377 3527 1515 3584 Kalendas
1537 3527 1664 3584 Octobris
1688 3529 1879 3586 conventnsiu

195 3599 297 3655 dicitnr
306 3600 404 3657 Sancte
414 3599 494 3666 Deus,
506 3597 609 3653 debent
619 3595 802 3652 omncsteriu
814 3594 944 3666 protestis
953 3594 1015 3651 die·
1058 3598 1179 3656 clanstro
1194 3599 1295 3655 sedens
1309 3600 1448 3655 silentium
1464 3604 1565 3654 teneat.

123 3695 128 3710 ·
195 3672 246 3727 hus
253 3670 402 3741 prosterni,
413 3670 441 3724 in
453 3667 551 3724 diebus
565 3681 630 3725 vero
644 3666 750 3724 testinis
764 3671 868 3723 tantum
877 3666 1015 3723 inclinari.
1093 3671 1171 3727 Peria
1195 3677 1294 3740 quarta
1315 3671 1350 3726 ad
1374 3670 1483 3726 missam
1509 3670 1599 3726 Passio
1618 3669 1731 3735 Ocnum,
1748 3670 1808 3726 sine
1826 3672 1880 3726 Do-

229 3741 371 3798 Dominica
393 3740 423 3795 in
445 3740 587 3804 Passioue,
611 3739 647 3795 ad
689 3739 772 3794 rimas
793 3739 846 3794 ves
867 3752 937 3802 eras,
957 3743 1014 3794 ant.
1056 3742 1141 3797 uncus
1163 3741 1293 3798 colurum
1317 3748 1345 3797 et
1368 3743 1427 3796 sine
1452 3740 1544 3796 Gloria
1567 3740 1623 3808 titi,
1643 3742 1760 3796 Ocu-tue.
1777 3743 1879 3814 Appro-

193 3812 373 3878 Benedictus,
416 3812 471 3866 etc.
504 3826 528 3891 is
564 3809 666 3866 Circam
700 3809 802 3864 derum.
888 3810 1016 3876 occatum
1055 3813 1199 3884 piopuchct
1227 3812 1283 3867 dies
1310 3813 1411 3882 [cetus3
1438 3812 1507 3867 hora
1535 3827 1589 3882 qna
1617 3811 1750 3870 diaconus
1777 3813 1879 3868 dixerit

194 3880 347 3947 tribulatio,
369 3880 430 3936 sine
445 3878 537 3936 Glcmc
561 3880 644 3948 Petri,
661 3881 760 3935 iterum
776 3879 1013 3961 Circumdederunt.
1063 3883 1150 3939 Votum
1164 3882 1252 3954 templi
1265 3882 1374 3938 scissam
1389 3889 1436 3948 cat,
1453 3883 1561 3939 cortina
1579 3883 1678 3939 cadere
1692 3885 1876 3954 permittatur.

193 3951 348 4008 Notandum
365 3950 439 4020 quod
456 3950 631 4020 responsoria
644 3955 698 4006 tam
712 3950 747 4005 ad
762 3950 922 4006 llatutmum
933 3964 1015 4020 qnam
1091 3954 1131 4011 hd
1147 3956 1281 4023 vesperas
1297 3962 1325 4010 et
1339 3968 1426 4025 usqne
1442 3953 1475 4009 ad
1497 3955 1606 4010 missam
1622 3957 1650 4010 in
1665 3956 1785 4012 crastino
1801 3956 1878 4026 signa

193 4021 228 4078 ld
252 4023 340 4078 filliis
363 4035 424 4091 ‘1¹¹ae
448 4035 510 4076 cum
534 4019 736 4104 6818110198
755 4020 821 4087 (Ῑῗθῑν
842 4021 1014 4105 181θῖ11111·
1054 4043 1127 4098 slcnt
1150 4043 1179 4100 in
1203 4043 1355 4099 Oominicis
1398 4043 1522 4100 ulscntur
1542 4036 1621 4105 288
1642 4043 1771 4114 prelatus
1795 4044 1878 4100 dehet

194 4099 240 4150 ull*
249 4106 336 4163 usque
350 4091 384 4148 ad
400 4092 513 4148 Pascha.
529 4091 607 4160 Quod
630 4107 654 4148 Sl
677 4091 777 4148 festum
792 4091 927 4148 celebfafl
942 4106 1012 4148 0011·
1054 4119 1165 4170 camffl'e
1180 4115 1325 4185 Vespera&
1346 4058 1537 4186 Affvespeffls
1551 4115 1701 4187 antiphona
1716 4118 1814 4171 Beams
1826 4117 1876 4182 W,

193 4180 454 4263 commeminisse
474 4179 658 4251 dicaturque
677 4171 756 4242 286
776 4179 1013 4250 nonsitdepas-
1053 4185 1123 4255 psal.
1156 4186 1218 4244 Nisi
1249 4186 1376 4242 Dominus
1409 4187 1595 4257 edificaverit,
1634 4193 1689 4244 etc.
1722 4185 1877 4257 Capitulum

192 4253 280 4320 sione,
297 4250 389 4309 Glcrm
403 4252 477 4310 Petri
491 4252 574 4309 solito
589 4266 666 4309 more
681 4251 792 4308 dicitnr.
1052 4255 1173 4324 attende,
1201 4257 1316 4313 Domine.
1344 4273 1368 4328 ip
1394 4257 1622 4315 Otreatmdedercnt
1643 4273 1693 4324 me,
1718 4257 1791 4328 quod
1816 4271 1878 4313 caii·

226 4324 368 4380 Dominiea
391 4324 420 4379 in
444 4325 526 4380 ramis
549 4324 712 4406 Palmarum.
737 4325 767 4380 lu
790 4321 930 4406 Laudibus
952 4328 1111 4404 autntarc
1137 4327 1239 4384 delient
1260 4335 1393 4385 cantores
1416 4329 1449 4385 ad
1475 4330 1576 4400 gradus
1597 4330 1624 4384 in
1649 4329 1745 4399 cappis
1768 4328 1876 4385 sericis.

192 4397 336 4454 Occurrunt
364 4394 464 4462 turice,
498 4395 567 4466 psal.
596 4395 760 4452 Beccdrclus.
790 4395 841 4450 llic
868 4393 1011 4450 sciendum
1054 4400 1177 4470 llymnus
1204 4399 1309 4455 Vecillo
1335 4400 1415 4469 repis,
1443 4409 1499 4457 ant.
1532 4402 1614 4455 Peme
1643 4405 1765 4471 tempore,
1795 4413 1877 4469 quani

191 4467 278 4538 qnod,
294 4467 359 4523 dnm
373 4467 472 4524 transit
485 4467 628 4537 processio
643 4468 731 4524 heate
745 4465 835 4522 itariae
852 4478 901 4534 per
915 4466 1014 4522 terml-
1055 4469 1184 4540 praelatus
1206 4471 1340 4540 incipiat,
1368 4479 1395 4528 et
1411 4470 1467 4527 duo
1491 4471 1588 4526 altaria
1615 4471 1759 4538 incenset;
1785 4471 1876 4528 statim

192 4553 243 4596 nos
258 4538 397 4608 parochiae
412 4535 1012 4608 nostraelerendocorpnsliominiadlocum
1054 4543 1174 4612 incoepta
1206 4543 1368 4612 antiphona,
1402 4541 1552 4613 incipiatur
1584 4543 1747 4614 nociturae.
1782 4543 1876 4598 Oratio

192 4611 371 4676 dentatum,
397 4609 491 4666 audito
515 4609 639 4676 cymbalo
668 4607 790 4680 ejusdem
815 4608 1011 4678 processionis,
1053 4613 1171 4684 Respice,
1196 4628 1351 4684 pociorem,
1376 4614 1580 4683 nomtpcpquae
1604 4613 1692 4670 trinus
1711 4613 1810 4668 diebus
1828 4627 1876 4668 sc-

191 4625 297 4762 deBcnt
309 4680 411 4750 pulsari
426 4681 482 4737 dno
497 4680 532 4737 de
546 4681 697 4752 majoribus
719 4679 805 4750 signis
827 4681 855 4734 in
879 4679 1012 4762 honorem
1053 4684 1202 4752 qneutihus
1222 4685 1255 4740 ad
1281 4697 1375 4740 omnes
1399 4685 1487 4741 lloras
1513 4683 1631 4752 dicatur,
1648 4691 1749 4755 prater
1762 4683 1797 4740 ad
1819 4684 1876 4740 Pri·

191 4751 327 4832 Dominici
338 4753 477 4835 corporis.
491 4752 531 4809 hd
547 4753 663 4808 Primam
682 4765 761 4834 mane
778 4748 914 4877 pulsetur,
929 4764 1012 4806 missa
1054 4768 1123 4810 mam
1148 4761 1175 4811 ot
1198 4756 1423 4825 completorium.
1447 4757 1579 4813 cantores
1604 4757 1631 4812 in
1654 4757 1750 4826 cappis
1778 4755 1876 4811 sericis

192 4820 360 4876 matutinalis
387 4823 588 4880 intermittitur.
622 4824 652 4879 ln
685 4829 805 4892 caprino
838 4822 921 4878 lectio
950 4823 1013 4878 Oen
1053 4826 1147 4881 dicant
1172 4840 1178 4875 τ
1208 4827 1396 4882 Bericdicomns
1422 4828 1543 4883 Domino.
1572 4827 1640 4884 Nota
1664 4827 1739 4898 quod
1764 4826 1875 4896 quando

192 4892 436 4964 appropinquasset.
469 4895 565 4951 Statim
599 4901 661 4964 post
687 4894 837 4964 capitulum
870 4894 1011 4962 processio
1053 4897 1225 4954 annuntiatio
1249 4899 1356 4954 Domini
1379 4898 1431 4953 hac
1454 4899 1499 4955 die
1519 4899 1681 4964 occurrerit,
1697 4899 1750 4954 iles
1770 4912 1825 4954 erae
1840 4898 1875 4953 de

193 4964 328 5033 pulsetur.
348 4961 392 5044 hd
411 4963 528 5020 Tertiam
551 4965 686 5036 pulsetur,
712 4971 808 5034 postea
831 4963 1013 5046 benedicatur
1052 4966 1123 5024 lesto
1143 4975 1270 5040 aguntur.
1297 4968 1399 5039 Regula
1421 4969 1455 5025 ad
1471 4970 1614 5040 prandium
1629 4969 1680 5026 hac
1695 4971 1739 5026 dic
1752 4911 1779 5024 fe
1800 4977 1871 5024 atur.

192 5033 424 5162 r
1769 4983 1873 5165 her

191 5175 329 5232 madarius
342 5147 472 5262 Tertiam,
488 5191 550 5247 quae
565 5149 836 5263 dnm’canitur,’ipse
847 5121 918 5234 pcuin
932 5191 1011 5260 aquae
1051 5124 1248 5248 gffusstrraoiogeel
1265 5125 1754 5241 iuagactessissolflgiliiislmueiicilcafflgm
1773 5125 1872 5250 vlicuerit}

191 5245 284 5316 hatulo
308 5261 383 5306 more
406 5249 490 5306 solito
514 5255 635 5322 aspergit
658 5249 791 5307 officinas.
812 5250 878 5306 Post
891 5249 1010 5306 Tertiam
1052 5253 1226 5310 emundetur.

191 5317 282 5376 statim
297 5318 442 5378 ordinetur
456 5320 607 5392 processio,
622 5320 751 5378 videlicet
765 5335 835 5392 aqua
853 5319 1009 5389 benedicta,
1086 5325 1165 5381 Perta
1193 5325 1288 5394 quinta
1316 5327 1344 5382 in
1374 5339 1453 5383 coena
1484 5325 1592 5384 Domini
1625 5331 1718 5383 custos
1747 5324 1872 5382 ecclesie

191 5387 366 5460 candelabra,
382 5396 411 5448 et
434 5407 501 5450 crux
524 5390 709 5463 discooperta.
725 5396 826 5450 Omnes
840 5391 942 5449 dehent
955 5395 1010 5446 tam
1050 5394 1169 5451 sollicite
1185 5396 1328 5466 provideat
1342 5404 1372 5454 nt
1386 5412 1417 5454 ea
1432 5399 1500 5455 hora
1514 5397 1548 5454 ad
1563 5397 1723 5456 llatntiuum
1733 5403 1871 5467 surgatur,

191 5459 346 5544 preshyteri
369 5463 541 5533 parochiales
563 5477 645 5534 quam
668 5464 715 5520 alii
737 5463 836 5522 iratres
862 5462 927 5520 hnic
946 5475 1011 5533 pro
1051 5466 1125 5536 qnod
1140 5473 1203 5524 ante
1219 5469 1307 5526 lucem
1321 5483 1371 5528 sno
1387 5469 1469 5526 modo
1483 5470 1603 5540 spatiose
1619 5476 1785 5527 nocturnum
1803 5467 1872 5524 Olli·

190 5531 310 5590 cessioni
332 5531 475 5592 iuteresse.
499 5534 657 5606 antiphona
670 5535 738 5593 trite
755 5551 804 5593 sec
822 5535 889 5605 dics,
905 5539 959 5592 etc.
979 5533 1009 5589 ln
1050 5537 1123 5594 cinni
1134 5538 1266 5611 compleri
1281 5541 1377 5598 valeat.
1394 5542 1451 5597 llac
1465 5541 1510 5598 dle
1525 5542 1598 5599 sicut
1611 5547 1639 5600 et
1652 5541 1681 5598 iu
1692 5539 1871 5612 sequentihus
