4034 6152
57 364 103 418 977
439 363 464 418 l.
486 364 515 419 P.
536 362 712 422 puntentur
731 365 880 424 DlSSERT.
899 367 944 424 bs
962 368 1186 426 CONTINENTIA
1202 369 1333 426 clunic.
1676 375 1731 430 978

57 487 232 570 praeceptaria
248 486 443 568 sccustodire.
460 505 475 540 n
495 489 633 546 Hactenus
651 489 680 546 in
704 504 736 547 ea
759 491 1107 560 sanctnstlbebdomadn
1124 493 1175 548 etsi
1191 507 1245 549 non
1269 493 1361 549 desint
1378 494 1425 564 qul
1446 493 1504 552 iere
1528 496 1652 567 quotidie
1666 499 1732 570 bap

57 560 211 617 bmbrosrus
229 557 357 627 eprstola.
915 565 1033 619 tizcntur
1057 563 1134 633 aegri.
1156 565 1222 619 Nam
1246 566 1386 621 veteribus
1410 565 1473 622 idco
1496 576 1729 636 concessumst,

89 630 153 685 xlx.
173 628 214 685 nd
230 628 417 698 precationem
436 643 509 685 nune
525 631 688 702 progredior
701 631 774 688 illam
786 647 867 702 quam
908 634 973 702 quia
988 634 1073 689 multo
1091 643 1215 704 tempore
1238 635 1267 690 in
1295 635 1398 704 templo
1422 648 1477 692 non
1491 636 1665 707 ridebantur,
1680 641 1730 696 sed

56 701 122 758 idem
135 700 296 756 Ambrosius
319 701 433 769 primam
448 701 632 770 concinnavit,
647 711 677 759 ut
691 705 867 774 semetipsum
908 711 987 760 crant
1011 705 1119 774 priuati.
1141 706 1169 759 Si
1193 705 1266 760 enirn
1291 705 1407 775 plebeiis
1425 706 1582 765 bominibus
1596 711 1731 766 orationis

55 773 226 842 reliquosque
238 785 304 828 suos
318 771 477 828 sacerdotes
490 772 524 827 ad
540 773 751 830 celebrationem
770 789 866 832 sacro·
908 789 991 832 causa
1004 775 1038 830 ad
1050 783 1157 844 ternpus
1166 776 1304 832 abstinere
1313 791 1343 832 εε
1354 778 1480 846 precipit
1490 779 1610 848 (sacietas
1619 781 1729 848 Paulus,

53 843 136 899 sancti
161 843 252 898 missas
277 842 404 897 sacrificii
434 851 618 913 praepararet,
649 859 711 914 quae
744 848 867 915 precatio
908 847 1003 916 primae
1022 845 1240 912 ad‘tJoriutbios,
1260 847 1410 919 capitevn)
1432 854 1463 903 ut
1483 857 1580 905 uacent
1599 852 1729 918 orationi,

54 914 150 984 legitur
162 913 243 970 etiam
259 926 346 983 prope
361 913 441 968 linem
466 915 533 969 tomi
557 915 617 983 ejus
634 930 748 984 operum
766 919 866 987 quinti,
908 923 1011 986 quanto
1028 917 1113 986 magis
1128 916 1217 971 lenitis
1231 923 1279 971 ant
1293 917 1483 974 sacerdotibus
1495 933 1565 989 quos
1578 920 1623 977 die
1635 928 1731 978 noctu-

54 985 104 1040 boc
119 989 170 1050 εει,
186 991 249 1039 εειε
265 986 381 1054 bymnos
405 984 501 1053 ipsius.
517 983 576 1040 lllic
600 987 682 1053 enim,
700 1000 754 1042 non
770 988 866 1057 procul
908 1001 962 1056 que
978 1000 1027 1056 pro
1049 988 1129 1056 plebe
1148 987 1201 1041 sibi
1216 988 1360 1044 commissa
1371 994 1481 1057 oportet
1494 997 1595 1046 oraret
1609 993 1732 1049 Mundio-

52 1057 84 1110 ab
98 1055 189 1122 initio,
205 1054 255 1109 bas
269 1056 334 1110 item
349 1054 383 1111 ad
396 1056 479 1111 licum
495 1070 593 1125 preces
602 1054 734 1113 tundebat
750 1078 757 1113 :
775 1076 789 1110 o
809 1060 868 1115 llex
908 1071 1028 1127 rescrgo
1039 1071 1099 1113 esse
1112 1056 1215 1112 debent
1225 1059 1343 1124 caeteris,
1360 1060 1425 1127 quia
1436 1066 1545 1116 actores
1556 1069 1621 1117 sunt
1634 1063 1691 1119 liei.
1715 1083 1729 1116 n

51 1127 188 1194 virtutum,
204 1127 338 1182 castitatis
352 1129 381 1182 et
395 1125 560 1196 integritatis
575 1134 690 1196 amator,
710 1130 790 1195 bens,
812 1145 868 1186 cce-
943 1129 1011 1183 lllll.
1033 1129 1097 1184 llaec
1116 1128 1305 1183 sanctissimus
1327 1131 1443 1185 antistes
1457 1138 1553 1187 noster
1567 1133 1728 1190 Ambrosius

51 1197 111 1253 lesti
137 1211 200 1252 roro
223 1196 426 1252 benedictionis
449 1204 503 1252 tuae
530 1199 673 1268 exstingue
697 1199 725 1254 in
749 1213 866 1270 corpore
909 1197 939 1254 in
954 1199 989 1253 iis
1003 1199 1223 1265 commentariis;
1249 1199 1273 1253 si
1296 1205 1387 1255 tamen
1410 1200 1469 1270 ipsc
1493 1217 1522 1258 re
1540 1217 1604 1259 vera
1618 1202 1728 1260 illorum

52 1282 111 1324 meo
123 1273 210 1324 totum
229 1266 352 1323 tomitem
367 1267 508 1323 ardentem
527 1268 661 1334 libidinis,
676 1277 707 1325 ut
721 1279 828 1327 maneat
838 1272 866 1327 in
908 1275 950 1326 est
963 1276 1069 1324 auctor.
1084 1268 1223 1325 liebertus
1246 1282 1311 1326 sane
1335 1270 1483 1327 cardinalis
1502 1273 1682 1330 bellarminus
1698 1276 1726 1331 id

49 1353 89 1394 mc
104 1343 185 1394 teum
199 1340 285 1394 totius
294 1340 428 1394 castitatis
437 1339 534 1394 anima
544 1346 573 1394 ει
588 1342 723 1409 corporis.
734 1342 866 1398 blortidca
907 1354 958 1410 pro
982 1347 1058 1395 certo
1084 1347 1111 1395 ει
1133 1339 1289 1396 indubitato
1313 1342 1459 1412 supposuit
1481 1342 1553 1399 libro
1576 1345 1665 1414 primo
1689 1349 1728 1401 lle

47 1411 73 1464 in
84 1424 127 1465 me
138 1410 230 1464 carnis
238 1409 374 1474 stimulos,
382 1416 409 1464 ει
419 1422 514 1465 omnes
522 1409 647 1467 libidinis
654 1414 865 1482 commotiones,
907 1409 1019 1477 clericis
1035 1411 1125 1478 capite
1143 1409 1184 1477 19,
1200 1413 1212 1476 t
1231 1409 1393 1478 Ambrosias,
1409 1427 1470 1468 cum
1485 1415 1655 1484 superiorem
1665 1416 1728 1472 illc-

46 1487 73 1534 ει
83 1480 117 1536 da
133 1480 200 1536 mibi
210 1494 301 1535 ueram
312 1487 340 1536 et
351 1487 509 1550 perpetuam
521 1481 673 1538 castitatem
684 1497 746 1538 cum
757 1485 867 1541 ceteris
907 1495 967 1537 rum
983 1487 1085 1536 textum
1100 1482 1237 1546 innueret,
1262 1487 1290 1536 et
1314 1483 1403 1552 capite
1426 1481 1471 1551 20,
1491 1488 1503 1549 i
1522 1487 1597 1552 Quod
1620 1493 1706 1542 culcio
1715 1509 1726 1554 ‚-

46 1549 127 1606 donis
142 1551 206 1616 tuis,
223 1565 285 1620 quas
301 1551 350 1606 tibi
366 1551 512 1621 placentin
524 1554 647 1618 scritate,
659 1560 689 1609 ut
702 1555 867 1610 sacrificium
907 1566 988 1607 secus
1002 1559 1093 1606 autem
1105 1550 1229 1622 prolecto
1253 1554 1340 1609 sensit
1361 1555 1390 1608 in
1412 1553 1484 1610 libro
1505 1556 1729 1627 descriptoribus

44 1621 134 1676 laudis
150 1629 225 1678 casto
241 1636 359 1692 corpore
374 1627 403 1677 et
417 1623 519 1678 mundo
544 1624 628 1678 corde
642 1624 746 1680 valcant
761 1625 812 1681 tibi
827 1625 868 1681 ol·
907 1621 1100 1678 ecelesiasticis.
1118 1624 1155 1678 lte
1170 1629 1266 1678 sancto
1283 1625 1355 1678 enirn
1372 1624 1517 1681 Ambrosio
1531 1626 1729 1684 blcdiolauensl

42 1690 124 1748 lerre.
142 1695 247 1759 Quanta
263 1695 346 1758 enim,
358 1693 472 1748 bomine
486 1695 550 1748 lesu
566 1694 684 1761 cbriste,
695 1696 788 1753 cordis
803 1709 868 1752 con·
907 1692 942 1748 ad
955 1706 1054 1749 annum
1067 1691 1121 1746 374
1131 1707 1224 1763 agens,
1236 1694 1292 1749 sinc
1304 1695 1523 1752 observationem
1532 1697 1560 1752 in
1571 1699 1631 1767 ejus
1644 1711 1729 1768 opera

43 1763 159 1818 tritionc
182 1769 210 1819 et
233 1764 412 1834 lacrymarum
436 1762 523 1830 iente,
541 1771 642 1834 quanta
666 1768 819 1823 reverentia
838 1773 866 1823 ct
909 1771 1069 1829 contexens,
1086 1765 1123 1818 ita
1146 1763 1352 1820 concludebat:
1369 1779 1384 1819 n
1404 1767 1434 1820 ln
1458 1767 1555 1837 quinto
1575 1775 1650 1824 tomo
1665 1774 1730 1824 sunt

42 1839 175 1898 tremore,
192 1842 294 1904 quanta
315 1835 441 1905 corporis
465 1835 592 1891 castitate
607 1843 634 1892 st
649 1837 732 1894 animi
748 1813 1110 1907 puritateBCommentaria
1125 1835 1153 1889 in
1166 1835 1304 1904 Epistulas
1316 1837 1405 1892 sancti
1419 1836 1515 1903 Pauli;
1531 1851 1593 1907 que
1607 1852 1622 1892 a
1637 1837 1731 1894 multis

40 1903 115 1959 istud
132 1905 255 1960 divinum
267 1912 295 1962 ει
308 1905 864 1975 coelestesacrillciumestcelebrandunr,
909 1919 965 1961 non
983 1906 1135 1960 creduntur
1156 1906 1305 1970 Ambrosii,
1321 1919 1372 1961 nec
1396 1907 1457 1962 sine
1476 1921 1566 1963 causa.
1589 1928 1603 1961 n
1623 1909 1680 1975 Qua
1696 1909 1730 1964 de

41 1975 88 2030 ubi
105 1989 174 2031 caro
189 1983 235 2031 tua
250 1976 279 2031 in
297 1976 412 2032 ueritate
427 1977 554 2041 sumitur,
571 1978 617 2033 ubi
632 1979 744 2049 sangnis
759 1981 865 2036 tunsio
906 1991 936 2031 re
952 1976 1058 2032 consuli
1074 1989 1124 2045 per
1136 1989 1179 2031 mc
1194 1975 1306 2046 quidem
1321 1983 1436 2046 possunt
1449 1976 1729 2036 bllonsusSalmeron

39 2047 159 2102 ueritate
175 2046 289 2114 bibitur,
300 2047 347 2102 ubi
362 2061 466 2103 summa
476 2049 539 2103 imis
551 2051 714 2132 junguntur,
726 2049 772 2106 ubi
787 2051 866 2107 adest
908 2048 1172 2103 Commentariorum
1196 2060 1308 2103 suorum
1332 2053 1407 2103 torno
1435 2048 1543 2104 decimo
1567 2051 1660 2115 tertio,
1681 2053 1729 2121 qui

40 2118 192 2184 praesentia
205 2125 363 2173 sanctorum
381 2118 551 2189 angelorum,
568 2120 614 2175 ubr
635 2127 664 2176 tu
687 2134 717 2175 es
730 2121 865 2177 Sacerdos
908 2119 1016 2188 primns
1031 2117 1115 2172 estin
1139 2130 1235 2173 omnes
1257 2117 1330 2172 beati
1345 2118 1432 2186 Pauli,
1447 2126 1475 2175 ει
1490 2121 1637 2176 canonicas
1651 2122 1728 2189 Epis·

39 2193 67 2242 et
81 2187 255 2244 Sacrificium
271 2189 433 2245 mirabiliter
447 2197 475 2245 et
488 2190 665 2246 ineliabiliter
678 2192 862 2248 constitutus!
907 2187 999 2253 telas,
1021 2184 1092 2242 libro
1107 2187 1215 2242 scilicet
1230 2189 1329 2256 primo,
1345 2188 1531 2257 disputatione
1549 2189 1599 2256 le;
1613 2197 1640 2246 ει
1661 2192 1728 2246 cor·

37 2257 104 2322 Quis
120 2259 207 2329 digne
219 2261 273 2316 boc
287 2260 428 2316 celebrare
444 2262 556 2329 poterit,
567 2263 621 2316 nisi
636 2267 677 2326 tu,
693 2262 765 2318 bens
779 2263 866 2318 omni·
906 2258 997 2313 nelius
1011 2271 1026 2311 a
1040 2256 1141 2326 Lepide
1154 2257 1212 2312 suls
1225 2258 1293 2313 item
1308 2259 1516 2315 Commentariis
1527 2261 1554 2314 in
1565 2260 1727 2316 omnesdiri
1786 2259 1793 2282 ⁹

36 2333 153 2397 potens,
173 2329 333 2386 olierentcm
347 2327 447 2385 leceris
465 2330 599 2400 dignum?
619 2352 632 2380 a
905 2329 982 2384 Pauli
995 2326 1141 2396 Epistolas,
1158 2341 1212 2407 qua
1225 2334 1303 2397 parte
1319 2329 1391 2384 inter
1401 2329 1553 2398 primordia
1568 2330 1727 2454 operisdis-

69 2400 130 2454 xx.
156 2401 327 2455 Postremum
350 2400 432 2454 nobis
459 2413 533 2455 nunc
556 2406 599 2456 est
623 2405 654 2456 ut
677 2401 705 2455 in
730 2401 865 2471 ejusdem,
905 2399 973 2454 serit
983 2397 1017 2453 de
1038 2397 1236 2468 interpretibus
1246 2399 1522 2468 Epistularumsancti
1532 2402 1587 2455 Pau
1600 2400 1727 2470 i,pagina

34 2481 119 2536 qnam
153 2469 357 2535 contendimus,
386 2469 510 2525 veritatis
538 2470 726 2526 testimonium
752 2473 865 2528 veniant
906 2469 972 2524 mibi
985 2467 1030 2532 24,
1045 2476 1073 2524 ει
1087 2469 1115 2523 in
1126 2469 1374 2538 caputseptimum,
1384 2484 1416 2526 ac
1426 2484 1534 2526 versum
1549 2470 1725 2526 undecimum

33 2539 120 2594 eliam
150 2541 346 2595 commentaria
370 2540 399 2595 io
423 2539 560 2610 Epistolas
583 2543 672 2596 sancti
695 2543 781 2607 Pauli,
802 2557 864 2613 quaa
905 2539 1667 2609 EpistolaeprimaeadCorinthios.blentiniveroetiam
1683 2556 1726 2598 me

33 2610 219 2664 communius
233 2619 330 2666 sancto
353 2611 499 2667 Ambrosio
514 2612 614 2667 ascribi
630 2610 731 2678 solent,
747 2628 865 2683 quaeque
905 2611 999 2666 multis
1013 2609 1114 2664 abbinc
1128 2611 1207 2664 annis
1217 2610 1316 2680 legisse
1332 2611 1497 2667 luculentam
1512 2612 1635 2682 ejusdem
1646 2627 1727 2683 argu-

33 2679 59 2734 in
76 2694 112 2734 ea
129 2680 323 2750 enumquam
348 2695 379 2736 su
402 2696 431 2736 ra
450 2681 644 2750 memorabam,
668 2682 790 2740 editione
810 2686 865 2741 lic·
904 2682 990 2736 urenti
1004 2679 1281 2747 lucubratiunculam,
1292 2683 1439 2751 separatim
1449 2683 1561 2748 editam,
1577 2691 1630 2739 eta
1645 2685 1728 2739 llico·

31 2763 114 2806 mana
131 2755 164 2806 ει
186 2751 367 2807 emendatiori
382 2695 514 2822 fegitimis
529 2753 590 2823 ejus
611 2755 743 2823 operibns
761 2769 864 2812 connn-
905 2752 949 2808 lao
964 2753 1054 2807 Rusca
1069 2759 1236 2819 contextam,
1248 2758 1277 2806 ει
1290 2765 1306 2806 a
1320 2752 1454 2809 cardinali
1467 2755 1585 2810 baronio
1599 2767 1727 2823 compro-

31 2827 193 2875 merantur.
223 2823 253 2876 ln
277 2823 474 2879 commentario
496 2825 568 2879 enirn
593 2825 688 2905 primae
713 2825 747 2880 ad
775 2827 865 2882 Timo·
905 2823 1005 2877 batam.
1026 2822 1111 2889 Quam
1136 2836 1197 2878 curn
1221 2835 1272 2892 ego
1298 2823 1428 2893 religioso
1451 2824 1559 2879 cuidam
1580 2825 1726 2881 exordinc

31 2891 130 2946 tbeum
153 2892 296 2960 Epistola,
311 2893 346 2948 ad
371 2907 403 2948 ea
426 2894 525 2963 capitis
539 2895 615 2951 tertii
633 2894 716 2950 acrba
733 2915 740 2950 ε
757 2897 865 2968 Oportet
903 2893 1133 2958 Praedicatorum,
1145 2898 1173 2948 et
1187 2907 1202 2948 ε
1218 2894 1369 2948 Ruscarum
1378 2895 1543 2964 cognatione
1556 2895 1727 2951 commodas-

30 2962 191 3032 episcopam
204 2977 261 3017 esse
274 2963 352 3017 anian
366 2964 460 3018 nands
474 2965 569 3028 cirum,
584 2966 622 3019 ita
647 2979 761 3035 prorsus
779 2969 864 3023 inter·
904 2977 960 3018 sem
979 2961 1022 3032 (ut
1036 2977 1110 3032 saepe
1128 2963 1194 3017 mibi
1209 2964 1319 3028 accidit)
1330 2965 1419 3020 amisi.
1436 2964 1564 3021 Nicolans
1578 2971 1669 3020 autem
1680 2965 1727 3020 illc

28 3038 166 3155 Kretatnr
181 3051 187 3087 :
201 3032 328 3101 Quamvis
344 3033 493 3090 secundam
504 3048 618 3091 nurnero
634 3049 745 3093 uxorem
760 3037 863 3094 nonsit
904 3035 994 3088 Rusca
1009 3040 1068 3089 erat
1082 3047 1168 3088 sacrae
1184 3033 1330 3103 theologiae
1354 3034 1462 3100 doctor,
1478 3035 1588 3090 Sondrii
1609 3037 1636 3090 in
1653 3035 1726 3090 Valle

47 3101 138 3158 abere
160 3104 342 3172 prohibitum,
363 3113 393 3160 ut
407 3112 498 3161 tannen
514 3106 576 3176 quis
590 3106 690 3176 dignus
704 3107 739 3162 ad
755 3104 1007 3188 spisso-ciciliae
1036 3104 1268 3174 archipresbyter,
1302 3111 1330 3160 ει
1357 3104 1490 3162 l'ederlcc
1519 3104 1654 3161 cardinali
1682 3120 1727 3160 ar-

26 3180 126 3241 palum
138 3173 190 3239 sit,
201 3173 282 3230 ctiam
293 3174 395 3231 licitam
405 3176 489 3232 debet
498 3190 640 3246 spernere,
652 3191 703 3246 pro
725 3178 862 3234 lersubli-
903 3175 1136 3244 cbiepiscopoque
1147 3182 1242 3230 nostro
1257 3176 1414 3231 Borromaeo
1426 3176 1631 3242 dilectissimus,
1645 3175 1727 3232 mibi-

27 3243 160 3299 mitatem
171 3244 383 3313 ipsinsordinis,
395 3247 459 3315 qnia
469 3248 578 3303 caeteris
588 3247 685 3303 melior
695 3193 778 3304 trebel
788 3264 859 3316 esse,
902 3259 956 3314 qne
972 3246 1164 3311 amicissimus,
1180 3258 1290 3302 necnon
1301 3247 1382 3302 etiarn
1398 3247 1617 3302 studiosissimus
1631 3247 1726 3302 calbo·

24 3314 74 3382 qui
86 3315 216 3384 cupidus
225 3323 267 3372 est
276 3315 351 3372 sedis
365 3317 449 3373 illius.
470 3335 485 3369 n
502 3319 535 3373 Et
547 3318 688 3388 aliquanto
703 3325 766 3388 post
780 3321 813 3376 ad
829 3335 861 3376 ea
902 3315 964 3372 licae
989 3315 1052 3371 lidel
1078 3323 1276 3386 propugnator.
1291 3317 1426 3384 Quocirca
1450 3318 1531 3373 etiam
1552 3316 1725 3384 iniquissime

26 3385 115 3440 rerba
134 3405 141 3440 :
161 3386 276 3441 Diocooi
289 3389 340 3442 sint
354 3389 430 3443 nnius
444 3390 537 3444 naonis
551 3389 611 3456 sutri,
621 3389 661 3444 sic
672 3391 737 3446 item
747 3404 860 3460 progne·
902 3385 1011 3441 tandem
1027 3387 1061 3441 ab
1076 3387 1217 3442 haereticis
1238 3400 1311 3442 anno
1327 3387 1434 3442 bomini
1449 3400 1533 3456 snpra
1549 3385 1724 3442 millesimum

25 3454 126 3512 ditur:
145 3474 161 3506 ι(
184 3458 222 3512 Εε
236 3472 298 3526 quar
316 3458 405 3513 minus
428 3459 535 3514 dixerat
559 3459 593 3514 de
609 3459 783 3517 ordinatione
800 3461 860 3517 dia·
900 3456 1130 3512 sexcentesimum
1154 3457 1262 3511 decimo
1286 3463 1382 3512 octavo
1402 3463 1516 3512 necatus
1530 3463 1583 3521 est,
1608 3457 1724 3525 ejusqnc

25 3533 165 3590 conatus,
190 3540 262 3584 nuuc
285 3528 413 3597 subjecit.
435 3527 562 3585 Ostendit
580 3531 672 3595 etiam,
687 3532 764 3599 ipsos
778 3535 860 3586 unius
901 3527 956 3581 vita
966 3534 994 3581 et
1008 3539 1083 3582 mors
1096 3540 1111 3580 a
1126 3527 1230 3581 Joarrne
1246 3527 1366 3596 Baptista
1381 3527 1509 3595 Bajocba,
1523 3526 1724 3595 jurisconsulto

25 3597 127 3652 uxoris
144 3598 224 3654 viros
239 3613 299 3654 esse
321 3599 433 3664 debere,
458 3605 489 3654 ut
510 3599 539 3654 bl
563 3599 597 3655 ad
615 3601 796 3656 ministerium
812 3601 860 3657 bei
901 3597 1039 3663 Comensi,
1063 3595 1148 3652 latine
1167 3597 1307 3665 descripta
1322 3604 1350 3652 et
1364 3597 1544 3652 Comensibus
1559 3597 1632 3667 typis
1650 3610 1724 3652 anno

22 3666 186 3737 eligantur,
202 3669 249 3738 qui
265 3683 319 3726 non
334 3677 399 3725 sunt
413 3671 516 3740 egressi
530 3672 710 3726 constitutum
724 3672 783 3727 liei.
801 3673 860 3726 llo·
901 3667 997 3722 saeculi
1008 3666 1132 3736 eiusdem
1141 3669 1273 3736 vigesimo
1286 3667 1374 3738 primo
1386 3667 1510 3737 evulgata
1520 3666 1723 3735 circumfertur,

23 3739 94 3792 mirri
115 3739 198 3794 eninr
214 3753 294 3796 unam
309 3754 421 3796 uxorem
437 3740 559 3796 decreuit
574 3742 654 3805 bens,
667 3755 727 3796 com
743 3755 797 3811 qua
813 3742 860 3798 be·
900 3737 973 3793 sicut
987 3738 1068 3793 ctiam
1085 3737 1344 3807 ipsiusrnetllicolai
1355 3737 1436 3801 liber,
1451 3751 1524 3794 anno
1538 3737 1633 3793 seculi
1644 3752 1726 3806 supe-

22 3809 203 3873 nedicatnr;
233 3824 312 3866 nemo
341 3811 413 3867 enim
442 3825 503 3866 carm
531 3811 651 3867 secunda
675 3812 859 3868 benedicitur.
902 3809 984 3864 rionis
998 3810 1177 3878 nonagesimo
1192 3814 1289 3864 εειεεο
1305 3809 1406 3873 editus,
1423 3822 1478 3878 qno
1493 3807 1727 3877 acladisputatio-

20 3880 74 3945 Qui
113 3881 139 3935 si
180 3880 252 3936 lilios
274 3882 345 3938 bene
378 3881 581 3952 gubernaverit,
613 3890 641 3937 et
669 3882 766 3939 domos
784 3897 858 3949 suas,
901 3879 944 3933 nis
958 3877 1725 3945 TirancnsisadncrsnsCalvinum,etministroscalvini

19 3950 48 4002 id
76 3957 124 4005 est
150 3953 329 4018 vernaculos,
353 3960 401 4007 εει
424 3953 602 4016 domesticos,
629 3959 759 4022 poterunt
782 3953 858 4024 digni
901 3947 1063 4004 deiensores
1078 3951 1266 4005 continentur.
1283 3951 1336 4005 Sed
1361 3951 1428 4005 binc
1447 3950 1482 4005 ad
1497 3950 1639 4019 proprium
1655 3964 1726 4018 prae-

21 4019 83 4075 lieri
100 4021 289 4088 sacerdotio,¹
301 4030 328 4078 et
350 4022 477 4078 fiduciam
493 4023 595 4079 babere
616 4023 689 4093 apud
713 4025 809 4090 licum,
829 4031 860 4080 ut
900 4021 988 4075 sentis
1001 4021 1100 4088 capitis
1115 4021 1272 4076 institutum
1288 4021 1443 4076 redeamus.
1460 4022 1513 4076 Pro
1528 4035 1560 4076 ea
1576 4021 1660 4090 igitur
1674 4035 1725 4076 sua

19 4093 116 4147 sciant
132 4107 168 4148 se
186 4107 268 4161 posse
293 4095 451 4162 impetrare,
473 4093 547 4162 quod
573 4093 731 4162 postulant;
750 4095 809 4162 jnrn
826 4096 860 4151 de
900 4097 928 4145 st
938 4091 1054 4146 aliorum
1064 4092 1201 4147 sententia
1210 4093 1391 4148 bellarminus
1402 4091 1502 4148 multas
1511 4091 1618 4161 colligit
1628 4105 1725 4147 causas

20 4167 121 4218 cetero
139 4178 173 4218 sc
187 4161 223 4218 nb
237 4163 720 4234 nsefenirtccolribcntcs.veteribus
734 4167 806 4221 enirn
819 4165 859 4221 id·
900 4168 928 4217 el
952 4163 1083 4227 rationes,
1105 4170 1132 4217 ει
1156 4164 1228 4217 inter
1251 4163 1313 4217 illas
1336 4161 1537 4232 bancsquoque
1560 4163 1723 4218 nominatim

19 4232 103 4288 circo
120 4247 291 4290 concessum
306 4241 348 4290 cst
370 4234 460 4291 levitis
474 4240 522 4289 ant
544 4235 734 4292 sacerdotibus
757 4249 858 4292 uxores
900 4233 982 4287 tertio
993 4232 1066 4297 1000.
1078 4232 1153 4303 quod
1168 4234 1241 4288 iulet
1255 4234 1339 4289 mulla
1353 4247 1415 4302 ttuae
1426 4234 1521 4288 illium
1535 4241 1633 4288 auctor
1643 4233 1722 4287 C⁰m·

17 4303 52 4357 ad
71 4319 162 4359 usum
180 4304 296 4370 babere,
310 4305 374 4374 quia
399 4305 512 4360 multum
528 4313 635 4374 tempus
649 4307 707 4362 otio
726 4307 859 4363 vacabant
899 4304 1095 4359 mentariornm
1111 4303 1270 4373 exposuerit
1284 4309 1380 4358 contra
1394 4304 1487 4357 Sancti
1505 4302 1643 4357 Ambrosii
1656 4315 1722 4382 sen-

14 4387 31 4426 a
50 4375 233 4439 ministerio,
248 4383 295 4431 aut
309 4375 476 4432 sacerdotio.
492 4375 637 4432 llnltitudo
654 4379 726 4433 eninr
742 4385 801 4434 erat
816 4392 858 4433 sa-
900 4373 1068 4438 tentiam‚ita
1086 4373 1167 4442 plane
1182 4375 1210 4428 in
1229 4374 1431 4430 Commentario
1453 4374 1547 4440 primm
1568 4371 1602 4426 ad
1613 4372 1722 4427 l'lnmo-

14 4445 190 4512 cerdotum,
207 4453 235 4501 et
250 4459 347 4517 magna
362 4447 442 4515 copia
459 4445 610 4512 levitarum,
626 4452 654 4502 ει
669 4449 857 4518 unnsquisque
867 4439 1263 4526 Dtbeumexponatilluditem
1275 4444 1374 4513 capitis
1385 4440 1718 4525 primi,llcpisoecnlorom,

15 4522 101 4570 certo
115 4523 250 4585 ternpore
264 4517 402 4572 serviebat
413 4516 512 4571 divinis
524 4518 697 4573 caeremoniis
707 4518 857 4574 secundum
899 4514 1050 4580 torrenten,
1066 4519 1131 4580 etc,
1156 4520 1253 4570 contra
1268 4529 1348 4584 quam
1365 4513 1474 4570 scrlrcet
1487 4512 1646 4567 Ambrosius
1661 4525 1720 4580 rpse

14 4586 192 4642 institutum
207 4588 301 4642 bavid.
317 4588 367 4642 llic
382 4588 454 4643 enirn
471 4587 567 4657 viginti
582 4593 610 4642 ct
625 4594 743 4656 quatuor
756 4587 859 4645 classes
899 4599 995 4640 revera
1010 4585 1168 4655 exposuerit
1183 4584 1254 4641 libro
1269 4585 1391 4642 secundo
1401 4585 1441 4640 De
1452 4583 1513 4654 fide,
1530 4583 1620 4651 capite
1630 4584 1720 4651 primo

13 4657 182 4714 constituit
195 4658 381 4724 sacerdotum,
397 4665 427 4714 ut
442 4670 492 4728 per
502 4657 765 4714 viccsdcservirent.
781 4658 858 4716 Unde
899 4669 932 4711 ac
948 4657 1043 4720 tertio,
1058 4655 1148 4724 capite
1163 4658 1296 4712 secundo.
1312 4656 1382 4723 Quid
1397 4658 1419 4711 si
1435 4667 1501 4711 vero
1519 4653 1721 4710 Comnrcntaria

13 4729 87 4782 nbis
105 4736 240 4784 octavam
266 4729 382 4786 classem
403 4728 517 4795 babuit;
538 4729 616 4798 cujus
638 4730 698 4784 vice
714 4729 858 4786 Zacbarias
899 4725 946 4780 illa
958 4741 1023 4782 vere
1037 4724 1139 4782 luerint
1153 4741 1169 4782 a
1183 4727 1432 4784 sanctobmbrosio
1443 4725 1604 4796 composita,
1621 4723 1670 4779 sed
1686 4723 1720 4777 ab

15 4797 122 4868 (bucae
141 4798 247 4869 primo)
272 4798 437 4870 fungebatur
450 4799 618 4864 sacerdotio,
633 4799 705 4856 sicut
729 4801 858 4857 contine·
899 4796 954 4853 alio
970 4803 1065 4868 postea
1081 4797 1221 4854 nonnullis
1235 4799 1263 4853 in
1279 4797 1348 4854 locis
1357 4797 1525 4866 depravant
1539 4801 1567 4852 et
1581 4796 1608 4850 in
1624 4794 1659 4848 iis
1673 4806 1722 4849 nn-

11 4875 61 4926 tur
78 4871 110 4925 in
129 4868 379 4939 Paralipomenon,
395 4873 433 4925 ita
448 4877 489 4936 ut,
505 4875 629 4940 ternpore
652 4883 708 4941 quo
723 4883 779 4926 oon
794 4871 859 4928 illos
899 4869 1021 4924 minatim
1038 4883 1108 4940 quos
1121 4869 1302 4926 bellarminus
1326 4869 1428 4937 aliique
1443 4865 1582 4936 opinionis
1597 4863 1721 4935 ejusdem

12 4941 218 5010 contingebat
240 4940 379 4998 deservire
403 4941 494 5005 altari,
510 4941 653 4997 domorum
672 4956 782 4998 suarum
797 4957 859 5013 agc-
899 4939 1025 4996 bomines
1045 4940 1261 5009 reprehendunt,
1282 4939 1331 4994 sed
1353 4952 1408 4996 nou
1428 4940 1456 4994 ln
1475 4951 1508 4993 eo
1533 4950 1613 5007 quem
1637 4949 1720 5018 snpra

9 5019 79 5068 rent
97 5025 218 5068 cnram.
236 5014 270 5067 bt
284 5011 330 5068 nbi
351 5025 416 5067 vero
434 5018 543 5080 tempus
557 5013 716 5069 imminebat
734 5013 857 5068 ministe-
899 5023 950 5080 ego
965 5010 1171 5081 producebam;
1188 5011 1290 5080 quippe
1314 5023 1375 5065 eum
1394 5008 1441 5066 ille
1461 5009 1541 5078 plane
1565 5011 1721 5063 consentiat

9 5083 59 5148 rii,
79 5081 236 5152 purificati
260 5081 409 5152 aliquantis
432 5081 531 5138 diebus
554 5083 722 5139 accedebant
740 5083 774 5138 ad
790 5091 856 5140 tem·
899 5095 959 5137 cunr
984 5082 1093 5137 cacteris
1116 5081 1171 5136 illis
1185 5080 1425 5137 lucubrationibus
1446 5079 1591 5135 bmbrosio
1611 5082 1718 5144 nostro,

9 5153 92 5224 plnrn
112 5152 227 5209 offerre
241 5154 308 5210 beo.
328 5155 406 5209 Nunc
416 5161 507 5208 autem
526 5161 630 5222 septem
645 5153 778 5210 diaconos
797 5169 857 5210 esse
898 5151 1087 5208 indubitanter
1099 5151 1274 5221 adjudicatis,
1286 5165 1338 5207 nec
1349 5151 1383 5206 ab
1395 5151 1451 5206 ullo
1463 5149 1575 5205 vitiatis.
1585 5147 1721 5216 Quocirca

9 5232 152 5294 oportet,
173 5229 204 5278 ει
218 5223 374 5294 aliquantos
396 5225 584 5306 presbyteros,
600 5230 631 5280 ut
650 5224 707 5280 bini
722 5226 778 5281 sint
797 5240 857 5295 per·
898 5224 921 5278 si
937 5223 1000 5292 quis
1015 5225 1096 5278 etiam
1112 5229 1273 5279 constanter
1287 5221 1415 5278 altercari
1434 5220 1509 5286 velit,
1526 5220 1720 5300 mordicusquc

9 5294 185 5360 Ecclesias,
202 5301 229 5350 et
245 5308 316 5350 unns
330 5296 359 5350 in
378 5294 489 5350 caritate
509 5294 602 5364 episco
624 5309 674 5362 us;
694 5311 727 5350 cc
743 5310 791 5366 per
808 5295 857 5352 lrcc
898 5293 1067 5350 contendere
1079 5295 1281 5350 Commentario
1291 5292 1338 5347 illa
1348 5291 1515 5348 nullomodo
1527 5290 1628 5346 ascribi
1639 5301 1720 5358 posse

9 5381 109 5422 omncs
127 5381 148 5421 a
168 5365 408 5436 conncnlnscminoe
423 5363 553 5419 obstinere
567 5309 670 5430 deNere,
697 5365 742 5421 nia
752 5382 857 5422 neccsse
897 5365 1041 5420 Ambrosio
1068 5373 1175 5431 nostro,
1203 5379 1255 5435 ego
1274 5376 1340 5419 sane
1363 5364 1393 5418 in
1413 5361 1543 5432 prasenti
1562 5373 1617 5416 non
1640 5358 1732 5442 ualde

9 5445 46 5492 εει
62 5452 118 5492 cos
136 5435 262 5506 quetidie
270 5440 365 5506 precato
380 5450 436 5490 esse
450 5435 477 5490 in
491 5433 611 5498 ecclesio,
625 5381 856 5494 nechbcr'edilc·
898 5436 1067 5506 repugnabo.
1088 5435 1127 5492 bd
1149 5434 1296 5506 praesentis
1315 5434 1387 5490 enim
1400 5432 1564 5503 questionis
1578 5438 1606 5487 ει
1620 5436 1720 5512 capatus

9 5509 129 5570 tionem,
148 5509 258 5575 ratpert
282 5510 432 5561 emaculans
454 5504 567 5573 legitime
588 5507 770 5576 purificentur,
789 5509 856 5565 ειεει
897 5505 1051 5562 institutum
1066 5507 1134 5561 satis
1148 5508 1230 5562 stiam
1246 5504 1312 5560 mibi
1327 5509 1392 5560 sunt
1406 5503 1511 5572 reliqua
1526 5501 1573 5557 illa
1591 5513 1719 5572 superro-

9 5585 130 5636 celeres.
143 5576 233 5632 Omni
244 5577 315 5633 enirn
326 5577 497 5632 bebdomada
507 5575 677 5633 olierendum
687 5583 739 5642 εει,
748 5579 855 5636 etiamst
897 5577 974 5632 ribus
988 5577 1044 5633 illis
1058 5592 1073 5633 e
1085 5577 1153 5633 locis
1163 5578 1337 5647 deprompta,
1357 5581 1388 5632 ut
1402 5573 1557 5631 summatim
1572 5571 1719 5630 ostendere

9 5664 64 5708 ron
88 5645 237 5720 qnotidie
264 5647 429 5719 peregrinis,
452 5647 553 5704 incolis
575 5656 665 5704 tamcn
693 5647 736 5706 nel
755 5647 799 5704 bis
825 5649 854 5705 in
895 5661 959 5705 mox
977 5649 1132 5718 aggredior.
