<?xml version="1.0" encoding="UTF-8"?>
<!DOCTYPE html PUBLIC "-//W3C//DTD XHTML 1.0 Transitional//EN"
    "http://www.w3.org/TR/xhtml1/DTD/xhtml1-transitional.dtd">
<html xmlns="http://www.w3.org/1999/xhtml" xml:lang="en" lang="en">
 <head>
  <title>
</title>
<meta http-equiv="Content-Type" content="text/html;charset=utf-8" />
  <meta name='ocr-system' content='tesseract 3.04.00' />
  <meta name='ocr-capabilities' content='ocr_page ocr_carea ocr_par ocr_line ocrx_word'/>
</head>
<body>
  <div class='ocr_page' id='page_1' title='image "./patrologiaecurs128unkngoog_0566.png"; bbox 0 0 4106 6178; ppageno 0'>
   <div class='ocr_carea' id='block_1_1' title="bbox 219 233 1904 320">
    <p class='ocr_par' dir='ltr' id='par_1_1' title="bbox 219 233 1904 320">
     <span class='ocr_line' id='line_1_1' title="bbox 219 233 1904 320; baseline -0.003 -2"><span class='ocrx_word' id='word_1_1' title='bbox 219 260 288 320; x_wconf 81' lang='lat' dir='ltr'><strong>tras</strong></span> <span class='ocrx_word' id='word_1_2' title='bbox 780 233 941 316; x_wconf 80' lang='lat' dir='ltr'><strong>sonorum</strong></span> <span class='ocrx_word' id='word_1_3' title='bbox 961 252 1110 311; x_wconf 85' lang='lat' dir='ltr'><strong>uouacvu</strong></span> <span class='ocrx_word' id='word_1_4' title='bbox 1129 251 1335 314; x_wconf 84' lang='lat' dir='ltr'><strong>svnmvervsvs</strong></span> <span class='ocrx_word' id='word_1_5' title='bbox 1834 255 1904 314; x_wconf 82' lang='lat' dir='ltr'><strong>uer</strong></span> 
     </span>
    </p>
   </div>
   <div class='ocr_carea' id='block_1_2' title="bbox 212 375 1906 904">
    <p class='ocr_par' dir='ltr' id='par_1_2' title="bbox 212 375 1906 904">
     <span class='ocr_line' id='line_1_2' title="bbox 215 375 1906 458; baseline -0.004 -14"><span class='ocrx_word' id='word_1_6' title='bbox 215 385 325 444; x_wconf 88' lang='lat' dir='ltr'><strong>coelltus</strong></span> <span class='ocrx_word' id='word_1_7' title='bbox 357 383 476 458; x_wconf 63' lang='lat' dir='ltr'><strong>medula</strong></span> <span class='ocrx_word' id='word_1_8' title='bbox 508 399 592 457; x_wconf 91' lang='lat' dir='ltr'><strong>super</strong></span> <span class='ocrx_word' id='word_1_9' title='bbox 623 383 712 456; x_wconf 89' lang='lat' dir='ltr'><strong>ipsum</strong></span> <span class='ocrx_word' id='word_1_10' title='bbox 741 380 840 440; x_wconf 89' lang='lat' dir='ltr'><strong>coliem</strong></span> <span class='ocrx_word' id='word_1_11' title='bbox 868 379 1013 438; x_wconf 89' lang='lat' dir='ltr'><strong>videbatur</strong></span> <span class='ocrx_word' id='word_1_12' title='bbox 1028 375 1161 447; x_wconf 78' lang='lat' dir='ltr'><strong>,Aquom</strong></span> <span class='ocrx_word' id='word_1_13' title='bbox 1176 377 1277 436; x_wconf 89' lang='lat' dir='ltr'><strong>medici</strong></span> <span class='ocrx_word' id='word_1_14' title='bbox 1299 377 1430 436; x_wconf 78' lang='lat' dir='ltr'><strong>variolam</strong></span> <span class='ocrx_word' id='word_1_15' title='bbox 1449 377 1505 450; x_wconf 72' lang='lat' dir='ltr'><strong>(itt)</strong></span> <span class='ocrx_word' id='word_1_16' title='bbox 1522 384 1632 447; x_wconf 87' lang='lat' dir='ltr'><strong>vocant,</strong></span> <span class='ocrx_word' id='word_1_17' title='bbox 1656 381 1740 438; x_wconf 89' lang='lat' dir='ltr'><strong>morti</strong></span> <span class='ocrx_word' id='word_1_18' title='bbox 1761 380 1906 440; x_wconf 86' lang='lat' dir='ltr'><strong>videretur</strong></span> 
     </span>
     <span class='ocr_line' id='line_1_3' title="bbox 213 466 1904 548; baseline -0.002 -16"><span class='ocrx_word' id='word_1_19' title='bbox 213 475 347 534; x_wconf 80' lang='lat' dir='ltr'>simulans</span> <span class='ocrx_word' id='word_1_20' title='bbox 360 474 465 548; x_wconf 88' lang='lat' dir='ltr'><strong>speciei</strong></span> <span class='ocrx_word' id='word_1_21' title='bbox 479 489 537 533; x_wconf 86' lang='lat' dir='ltr'><strong>snae</strong></span> <span class='ocrx_word' id='word_1_22' title='bbox 550 473 644 532; x_wconf 93' lang='lat' dir='ltr'><strong>colore</strong></span> <span class='ocrx_word' id='word_1_23' title='bbox 663 470 790 545; x_wconf 88' lang='lat' dir='ltr'><strong>pluvialis</strong></span> <span class='ocrx_word' id='word_1_24' title='bbox 814 469 894 526; x_wconf 90' lang='lat' dir='ltr'><strong>iridis</strong></span> <span class='ocrx_word' id='word_1_25' title='bbox 916 467 1036 524; x_wconf 86' lang='lat' dir='ltr'><strong>varieta·</strong></span> <span class='ocrx_word' id='word_1_26' title='bbox 1078 478 1139 522; x_wconf 87' lang='lat' dir='ltr'><strong>esse</strong></span> <span class='ocrx_word' id='word_1_27' title='bbox 1153 467 1304 537; x_wconf 86' lang='lat' dir='ltr'><strong>proximus,</strong></span> <span class='ocrx_word' id='word_1_28' title='bbox 1319 466 1393 524; x_wconf 88' lang='lat' dir='ltr'><strong>ulnis</strong></span> <span class='ocrx_word' id='word_1_29' title='bbox 1406 466 1529 540; x_wconf 90' lang='lat' dir='ltr'><strong>propriis</strong></span> <span class='ocrx_word' id='word_1_30' title='bbox 1541 467 1691 527; x_wconf 87' lang='lat' dir='ltr'><strong>sustollens</strong></span> <span class='ocrx_word' id='word_1_31' title='bbox 1715 473 1780 527; x_wconf 85' lang='lat' dir='ltr'><strong>ante</strong></span> <span class='ocrx_word' id='word_1_32' title='bbox 1794 472 1823 529; x_wconf 87' lang='lat' dir='ltr'><strong>S.</strong></span> <span class='ocrx_word' id='word_1_33' title='bbox 1839 473 1904 529; x_wconf 84' lang='lat' dir='ltr'><strong>Ber·</strong></span> 
     </span>
     <span class='ocr_line' id='line_1_4' title="bbox 213 553 1903 637; baseline -0.003 -14"><span class='ocrx_word' id='word_1_34' title='bbox 213 570 280 634; x_wconf 92' lang='lat' dir='ltr'><strong>tem,</strong></span> <span class='ocrx_word' id='word_1_35' title='bbox 311 579 461 637; x_wconf 77' lang='lat' dir='ltr'><strong>coequans</strong></span> <span class='ocrx_word' id='word_1_36' title='bbox 487 579 538 623; x_wconf 89' lang='lat' dir='ltr'><strong>sua</strong></span> <span class='ocrx_word' id='word_1_37' title='bbox 569 563 650 620; x_wconf 91' lang='lat' dir='ltr'><strong>ctiam</strong></span> <span class='ocrx_word' id='word_1_38' title='bbox 682 559 863 632; x_wconf 88' lang='lat' dir='ltr'><strong>amplitudine</strong></span> <span class='ocrx_word' id='word_1_39' title='bbox 900 555 1036 629; x_wconf 80' lang='lat' dir='ltr'><strong>suppositi</strong></span> <span class='ocrx_word' id='word_1_40' title='bbox 1077 553 1129 610; x_wconf 92' lang='lat' dir='ltr'><strong>tini</strong></span> <span class='ocrx_word' id='word_1_41' title='bbox 1147 554 1234 612; x_wconf 86' lang='lat' dir='ltr'><strong>altare</strong></span> <span class='ocrx_word' id='word_1_42' title='bbox 1253 555 1421 627; x_wconf 86' lang='lat' dir='ltr'><strong>deportavit,</strong></span> <span class='ocrx_word' id='word_1_43' title='bbox 1449 558 1670 631; x_wconf 78' lang='lat' dir='ltr'><strong>monachumque</strong></span> <span class='ocrx_word' id='word_1_44' title='bbox 1688 559 1851 618; x_wconf 75' lang='lat' dir='ltr'><strong>eiecturum</strong></span> <span class='ocrx_word' id='word_1_45' title='bbox 1878 562 1903 618; x_wconf 86' lang='lat' dir='ltr'><strong>si</strong></span> 
     </span>
     <span class='ocr_line' id='line_1_5' title="bbox 214 645 1902 723; baseline -0.002 -11"><span class='ocrx_word' id='word_1_46' title='bbox 214 654 295 712; x_wconf 88' lang='lat' dir='ltr'><strong>collis</strong></span> <span class='ocrx_word' id='word_1_47' title='bbox 322 654 514 712; x_wconf 86' lang='lat' dir='ltr'><strong>latitudinem:</strong></span> <span class='ocrx_word' id='word_1_48' title='bbox 544 667 597 710; x_wconf 92' lang='lat' dir='ltr'><strong>nec</strong></span> <span class='ocrx_word' id='word_1_49' title='bbox 614 658 695 709; x_wconf 89' lang='lat' dir='ltr'><strong>antea</strong></span> <span class='ocrx_word' id='word_1_50' title='bbox 721 665 751 709; x_wconf 93' lang='lat' dir='ltr'><strong>se</strong></span> <span class='ocrx_word' id='word_1_51' title='bbox 782 650 903 706; x_wconf 87' lang='lat' dir='ltr'><strong>tinellum</strong></span> <span class='ocrx_word' id='word_1_52' title='bbox 931 650 1036 704; x_wconf 88' lang='lat' dir='ltr'><strong>intente</strong></span> <span class='ocrx_word' id='word_1_53' title='bbox 1077 645 1138 712; x_wconf 84' lang='lat' dir='ltr'><strong>ejus</strong></span> <span class='ocrx_word' id='word_1_54' title='bbox 1165 645 1211 715; x_wconf 90' lang='lat' dir='ltr'><strong>pia</strong></span> <span class='ocrx_word' id='word_1_55' title='bbox 1227 647 1369 716; x_wconf 84' lang='lat' dir='ltr'><strong>juvaretur</strong></span> <span class='ocrx_word' id='word_1_56' title='bbox 1392 647 1603 718; x_wconf 73' lang='lat' dir='ltr'><strong>intercessione,</strong></span> <span class='ocrx_word' id='word_1_57' title='bbox 1626 649 1789 723; x_wconf 70' lang='lat' dir='ltr'><strong>spopondit.</strong></span> <span class='ocrx_word' id='word_1_58' title='bbox 1817 652 1902 720; x_wconf 89' lang='lat' dir='ltr'><strong>Quem</strong></span> 
     </span>
     <span class='ocr_line' id='line_1_6' title="bbox 212 733 1904 810; baseline -0.005 -7"><span class='ocrx_word' id='word_1_59' title='bbox 212 759 273 803; x_wconf 91' lang='lat' dir='ltr'><strong>cam</strong></span> <span class='ocrx_word' id='word_1_60' title='bbox 309 744 549 802; x_wconf 77' lang='lat' dir='ltr'><strong>considerantibus</strong></span> <span class='ocrx_word' id='word_1_61' title='bbox 584 741 716 800; x_wconf 82' lang='lat' dir='ltr'><strong>subduxit</strong></span> <span class='ocrx_word' id='word_1_62' title='bbox 751 739 918 805; x_wconf 91' lang='lat' dir='ltr'><strong>obtutibus,</strong></span> <span class='ocrx_word' id='word_1_63' title='bbox 953 751 1036 808; x_wconf 86' lang='lat' dir='ltr'><strong>quarn</strong></span> <span class='ocrx_word' id='word_1_64' title='bbox 1077 745 1141 790; x_wconf 86' lang='lat' dir='ltr'><strong>mox</strong></span> <span class='ocrx_word' id='word_1_65' title='bbox 1159 733 1241 792; x_wconf 88' lang='lat' dir='ltr'><strong>saluti</strong></span> <span class='ocrx_word' id='word_1_66' title='bbox 1265 736 1421 795; x_wconf 90' lang='lat' dir='ltr'><strong>restitutum</strong></span> <span class='ocrx_word' id='word_1_67' title='bbox 1450 751 1482 794; x_wconf 91' lang='lat' dir='ltr'><strong>ac</strong></span> <span class='ocrx_word' id='word_1_68' title='bbox 1508 738 1697 810; x_wconf 80' lang='lat' dir='ltr'><strong>omnipotenti</strong></span> <span class='ocrx_word' id='word_1_69' title='bbox 1725 738 1856 796; x_wconf 84' lang='lat' dir='ltr'><strong>tumulum</strong></span> <span class='ocrx_word' id='word_1_70' title='bbox 1875 747 1904 796; x_wconf 90' lang='lat' dir='ltr'><strong>et</strong></span> 
     </span>
     <span class='ocr_line' id='line_1_7' title="bbox 214 823 1905 904; baseline -0.004 -12"><span class='ocrx_word' id='word_1_71' title='bbox 214 835 304 892; x_wconf 92' lang='lat' dir='ltr'><strong>omnis</strong></span> <span class='ocrx_word' id='word_1_72' title='bbox 331 835 379 891; x_wconf 90' lang='lat' dir='ltr'><strong>ilia</strong></span> <span class='ocrx_word' id='word_1_73' title='bbox 407 833 527 891; x_wconf 91' lang='lat' dir='ltr'><strong>hostium</strong></span> <span class='ocrx_word' id='word_1_74' title='bbox 556 832 673 904; x_wconf 90' lang='lat' dir='ltr'><strong>plurima</strong></span> <span class='ocrx_word' id='word_1_75' title='bbox 703 831 752 902; x_wconf 75' lang='lat' dir='ltr'><strong>td,</strong></span> <span class='ocrx_word' id='word_1_76' title='bbox 786 827 883 899; x_wconf 85' lang='lat' dir='ltr'><strong>turma]</strong></span> <span class='ocrx_word' id='word_1_77' title='bbox 914 825 1038 883; x_wconf 83' lang='lat' dir='ltr'><strong>tumuitus</strong></span> <span class='ocrx_word' id='word_1_78' title='bbox 1078 825 1105 880; x_wconf 91' lang='lat' dir='ltr'><strong>S.</strong></span> <span class='ocrx_word' id='word_1_79' title='bbox 1121 823 1232 882; x_wconf 85' lang='lat' dir='ltr'><strong>bertino</strong></span> <span class='ocrx_word' id='word_1_80' title='bbox 1252 825 1353 884; x_wconf 91' lang='lat' dir='ltr'><strong>obtulit</strong></span> <span class='ocrx_word' id='word_1_81' title='bbox 1376 826 1541 886; x_wconf 88' lang='lat' dir='ltr'><strong>monachum</strong></span> <span class='ocrx_word' id='word_1_82' title='bbox 1562 827 1761 900; x_wconf 78' lang='lat' dir='ltr'><strong>perpetualiter</strong></span> <span class='ocrx_word' id='word_1_83' title='bbox 1779 843 1905 900; x_wconf 87' lang='lat' dir='ltr'><strong>perman·</strong></span> 
     </span>
    </p>
   </div>
   <div class='ocr_carea' id='block_1_3' title="bbox 213 913 1260 989">
    <p class='ocr_par' dir='ltr' id='par_1_3' title="bbox 213 913 1260 989">
     <span class='ocr_line' id='line_1_8' title="bbox 213 913 1260 989; baseline -0.01 -7"><span class='ocrx_word' id='word_1_84' title='bbox 213 925 360 982; x_wconf 87' lang='lat' dir='ltr'><strong>discessit:</strong></span> <span class='ocrx_word' id='word_1_85' title='bbox 407 923 612 981; x_wconf 90' lang='lat' dir='ltr'><strong>evidentissime</strong></span> <span class='ocrx_word' id='word_1_86' title='bbox 656 920 803 979; x_wconf 87' lang='lat' dir='ltr'><strong>visibiliter</strong></span> <span class='ocrx_word' id='word_1_87' title='bbox 847 917 1037 989; x_wconf 91' lang='lat' dir='ltr'><strong>omnipotente</strong></span> <span class='ocrx_word' id='word_1_88' title='bbox 1077 928 1170 970; x_wconf 87' lang='lat' dir='ltr'><strong>sunum</strong></span> <span class='ocrx_word' id='word_1_89' title='bbox 1187 913 1260 986; x_wconf 86' lang='lat'><strong>(50).</strong></span> 
     </span>
    </p>
   </div>
   <div class='ocr_carea' id='block_1_4' title="bbox 213 1008 1905 1176">
    <p class='ocr_par' dir='ltr' id='par_1_4' title="bbox 213 1008 1905 1176">
     <span class='ocr_line' id='line_1_9' title="bbox 213 1008 1903 1091; baseline -0.001 -19"><span class='ocrx_word' id='word_1_90' title='bbox 213 1018 393 1080; x_wconf 81' lang='lat' dir='ltr'><strong>monstrante,</strong></span> <span class='ocrx_word' id='word_1_91' title='bbox 410 1013 465 1070; x_wconf 90' lang='lat' dir='ltr'><strong>imo</strong></span> <span class='ocrx_word' id='word_1_92' title='bbox 480 1017 647 1085; x_wconf 89' lang='lat' dir='ltr'><strong>provocante</strong></span> <span class='ocrx_word' id='word_1_93' title='bbox 662 1009 880 1068; x_wconf 88' lang='lat' dir='ltr'><strong>misericorditer</strong></span> <span class='ocrx_word' id='word_1_94' title='bbox 902 1018 954 1063; x_wconf 90' lang='lat' dir='ltr'><strong>nos</strong></span> <span class='ocrx_word' id='word_1_95' title='bbox 968 1008 1035 1073; x_wconf 86' lang='lat' dir='ltr'><strong>heo,</strong></span> <span class='ocrx_word' id='word_1_96' title='bbox 1077 1021 1143 1077; x_wconf 63' lang='lat' dir='ltr'><strong>epp,</strong></span> <span class='ocrx_word' id='word_1_97' title='bbox 1164 1021 1366 1091; x_wconf 65' lang='lat' dir='ltr'><strong>xqq,0„01ppr</strong></span> <span class='ocrx_word' id='word_1_98' title='bbox 1387 1023 1430 1080; x_wconf 61' lang='lat' dir='ltr'><strong>pr,</strong></span> <span class='ocrx_word' id='word_1_99' title='bbox 1452 1022 1524 1080; x_wconf 62' lang='lat' dir='ltr'><strong>qm</strong></span> <span class='ocrx_word' id='word_1_100' title='bbox 1544 1025 1643 1082; x_wconf 58' lang='lat' dir='ltr'><strong>mm</strong></span> <span class='ocrx_word' id='word_1_101' title='bbox 1666 1030 1818 1083; x_wconf 59' lang='lat' dir='ltr'><strong>pompm„</strong></span> <span class='ocrx_word' id='word_1_102' title='bbox 1833 1027 1903 1084; x_wconf 63' lang='lat' dir='ltr'><strong>pm..</strong></span> 
     </span>
     <span class='ocr_line' id='line_1_10' title="bbox 213 1094 1905 1176; baseline -0.004 -16"><span class='ocrx_word' id='word_1_103' title='bbox 213 1109 243 1160; x_wconf 89' lang='lat' dir='ltr'><strong>ut</strong></span> <span class='ocrx_word' id='word_1_104' title='bbox 255 1104 322 1160; x_wconf 91' lang='lat' dir='ltr'><strong>illuc</strong></span> <span class='ocrx_word' id='word_1_105' title='bbox 334 1103 437 1176; x_wconf 77' lang='lat' dir='ltr'><strong>jugiter</strong></span> <span class='ocrx_word' id='word_1_106' title='bbox 448 1102 522 1160; x_wconf 88' lang='lat' dir='ltr'><strong>omni</strong></span> <span class='ocrx_word' id='word_1_107' title='bbox 537 1101 637 1159; x_wconf 90' lang='lat' dir='ltr'><strong>mentis</strong></span> <span class='ocrx_word' id='word_1_108' title='bbox 649 1101 803 1158; x_wconf 90' lang='lat' dir='ltr'><strong>intentione</strong></span> <span class='ocrx_word' id='word_1_109' title='bbox 817 1101 930 1168; x_wconf 86' lang='lat' dir='ltr'><strong>totaque</strong></span> <span class='ocrx_word' id='word_1_110' title='bbox 944 1095 1037 1154; x_wconf 91' lang='lat' dir='ltr'><strong>cordis</strong></span> <span class='ocrx_word' id='word_1_111' title='bbox 1112 1094 1200 1156; x_wconf 85' lang='lat' dir='ltr'><strong>ceotir&#39;.</strong></span> <span class='ocrx_word' id='word_1_112' title='bbox 1215 1095 1362 1152; x_wconf 77' lang='lat' dir='ltr'><strong>ledemari</strong></span> <span class='ocrx_word' id='word_1_113' title='bbox 1384 1100 1410 1152; x_wconf 86' lang='lat' dir='ltr'><strong>et</strong></span> <span class='ocrx_word' id='word_1_114' title='bbox 1432 1097 1535 1154; x_wconf 87' lang='lat' dir='ltr'><strong>Bertiui</strong></span> <span class='ocrx_word' id='word_1_115' title='bbox 1552 1103 1656 1170; x_wconf 79' lang='lat' dir='ltr'><strong>ereptos</strong></span> <span class='ocrx_word' id='word_1_116' title='bbox 1678 1103 1717 1155; x_wconf 84' lang='lat' dir='ltr'><strong>eet</strong></span> <span class='ocrx_word' id='word_1_117' title='bbox 1731 1098 1767 1154; x_wconf 89' lang='lat' dir='ltr'><strong>ob</strong></span> <span class='ocrx_word' id='word_1_118' title='bbox 1787 1099 1905 1155; x_wconf 66' lang='lat' dir='ltr'><strong>modii</strong></span> 
     </span>
    </p>
   </div>
   <div class='ocr_carea' id='block_1_5' title="bbox 198 1164 1908 4668">
    <p class='ocr_par' dir='ltr' id='par_1_5' title="bbox 198 1164 1908 4668">
     <span class='ocr_line' id='line_1_11' title="bbox 214 1164 1271 1255; baseline -0.007 -8"><span class='ocrx_word' id='word_1_119' title='bbox 214 1189 363 1249; x_wconf 90' lang='lat' dir='ltr'><strong>devotione</strong></span> <span class='ocrx_word' id='word_1_120' title='bbox 394 1190 543 1248; x_wconf 89' lang='lat' dir='ltr'><strong>debeamus</strong></span> <span class='ocrx_word' id='word_1_121' title='bbox 568 1190 665 1248; x_wconf 92' lang='lat' dir='ltr'><strong>oculos</strong></span> <span class='ocrx_word' id='word_1_122' title='bbox 691 1197 747 1245; x_wconf 84' lang='lat' dir='ltr'><strong>tarn</strong></span> <span class='ocrx_word' id='word_1_123' title='bbox 776 1187 927 1245; x_wconf 85' lang='lat' dir='ltr'><strong>exteriores</strong></span> <span class='ocrx_word' id='word_1_124' title='bbox 954 1198 1036 1255; x_wconf 82' lang='lat' dir='ltr'><strong>quana</strong></span> <span class='ocrx_word' id='word_1_125' title='bbox 1113 1164 1271 1222; x_wconf 63' lang='lat' dir='ltr'><strong>diifflmmi·</strong></span> 
     </span>
     <span class='ocr_line' id='line_1_12' title="bbox 213 1271 1906 1348; baseline -0.002 -12"><span class='ocrx_word' id='word_1_126' title='bbox 213 1279 362 1337; x_wconf 87' lang='lat' dir='ltr'><strong>interiores</strong></span> <span class='ocrx_word' id='word_1_127' title='bbox 379 1280 408 1337; x_wconf 90' lang='lat' dir='ltr'><strong>in</strong></span> <span class='ocrx_word' id='word_1_128' title='bbox 427 1281 556 1338; x_wconf 90' lang='lat' dir='ltr'><strong>omnibus</strong></span> <span class='ocrx_word' id='word_1_129' title='bbox 570 1277 782 1336; x_wconf 89' lang='lat' dir='ltr'><strong>necessitatibus</strong></span> <span class='ocrx_word' id='word_1_130' title='bbox 804 1277 898 1348; x_wconf 71' lang='lat' dir='ltr'><strong>ligere,</strong></span> <span class='ocrx_word' id='word_1_131' title='bbox 914 1288 970 1346; x_wconf 93' lang='lat' dir='ltr'><strong>quo</strong></span> <span class='ocrx_word' id='word_1_132' title='bbox 984 1286 1036 1332; x_wconf 90' lang='lat' dir='ltr'><strong>nos</strong></span> <span class='ocrx_word' id='word_1_133' title='bbox 1111 1271 1302 1330; x_wconf 78' lang='lat' dir='ltr'><strong>veridicorum</strong></span> <span class='ocrx_word' id='word_1_134' title='bbox 1329 1274 1451 1332; x_wconf 91' lang='lat' dir='ltr'><strong>virorum</strong></span> <span class='ocrx_word' id='word_1_135' title='bbox 1485 1275 1533 1346; x_wconf 89' lang='lat' dir='ltr'><strong>qui</strong></span> <span class='ocrx_word' id='word_1_136' title='bbox 1569 1274 1774 1346; x_wconf 85' lang='lat' dir='ltr'><strong>interfuerunt,</strong></span> <span class='ocrx_word' id='word_1_137' title='bbox 1807 1275 1906 1334; x_wconf 80' lang='lat' dir='ltr'><strong>sedub</strong></span> 
     </span>
     <span class='ocr_line' id='line_1_13' title="bbox 213 1364 1905 1442; baseline -0.001 -16"><span class='ocrx_word' id='word_1_138' title='bbox 213 1371 406 1441; x_wconf 88' lang='lat' dir='ltr'><strong>pretiosissimi</strong></span> <span class='ocrx_word' id='word_1_139' title='bbox 438 1371 499 1428; x_wconf 84' lang='lat' dir='ltr'><strong>Filii</strong></span> <span class='ocrx_word' id='word_1_140' title='bbox 531 1371 574 1427; x_wconf 91' lang='lat' dir='ltr'><strong>sui</strong></span> <span class='ocrx_word' id='word_1_141' title='bbox 600 1368 743 1442; x_wconf 80' lang='lat' dir='ltr'><strong>sanguinis</strong></span> <span class='ocrx_word' id='word_1_142' title='bbox 770 1365 961 1437; x_wconf 89' lang='lat' dir='ltr'><strong>redemptione</strong></span> <span class='ocrx_word' id='word_1_143' title='bbox 989 1364 1035 1422; x_wconf 90' lang='lat' dir='ltr'><strong>di·</strong></span> <span class='ocrx_word' id='word_1_144' title='bbox 1077 1368 1249 1433; x_wconf 88' lang='lat' dir='ltr'><strong>compertum</strong></span> <span class='ocrx_word' id='word_1_145' title='bbox 1277 1367 1319 1421; x_wconf 87' lang='lat' dir='ltr'><strong>est</strong></span> <span class='ocrx_word' id='word_1_146' title='bbox 1347 1365 1500 1434; x_wconf 89' lang='lat' dir='ltr'><strong>relatione,</strong></span> <span class='ocrx_word' id='word_1_147' title='bbox 1530 1367 1670 1438; x_wconf 91' lang='lat' dir='ltr'><strong>quomodo</strong></span> <span class='ocrx_word' id='word_1_148' title='bbox 1697 1371 1824 1438; x_wconf 86' lang='lat' dir='ltr'><strong>tempore</strong></span> <span class='ocrx_word' id='word_1_149' title='bbox 1851 1368 1905 1424; x_wconf 89' lang='lat' dir='ltr'><strong>viri</strong></span> 
     </span>
     <span class='ocr_line' id='line_1_14' title="bbox 211 1451 1906 1531; baseline -0.002 -16"><span class='ocrx_word' id='word_1_150' title='bbox 211 1463 311 1531; x_wconf 73' lang='lat' dir='ltr'><strong>gnatus</strong></span> <span class='ocrx_word' id='word_1_151' title='bbox 325 1464 368 1516; x_wconf 91' lang='lat' dir='ltr'><strong>est</strong></span> <span class='ocrx_word' id='word_1_152' title='bbox 383 1459 509 1526; x_wconf 89' lang='lat' dir='ltr'><strong>invitare,</strong></span> <span class='ocrx_word' id='word_1_153' title='bbox 525 1459 572 1529; x_wconf 89' lang='lat' dir='ltr'><strong>qui</strong></span> <span class='ocrx_word' id='word_1_154' title='bbox 600 1472 662 1516; x_wconf 91' lang='lat' dir='ltr'><strong>cum</strong></span> <span class='ocrx_word' id='word_1_155' title='bbox 691 1471 724 1514; x_wconf 93' lang='lat' dir='ltr'><strong>eo</strong></span> <span class='ocrx_word' id='word_1_156' title='bbox 751 1456 827 1524; x_wconf 91' lang='lat' dir='ltr'><strong>vivit,</strong></span> <span class='ocrx_word' id='word_1_157' title='bbox 845 1454 980 1527; x_wconf 76' lang='lat' dir='ltr'><strong>gloriatur</strong></span> <span class='ocrx_word' id='word_1_158' title='bbox 1008 1459 1037 1511; x_wconf 90' lang='lat' dir='ltr'><strong>et</strong></span> <span class='ocrx_word' id='word_1_159' title='bbox 1075 1451 1241 1510; x_wconf 88' lang='lat' dir='ltr'><strong>venerabilis</strong></span> <span class='ocrx_word' id='word_1_160' title='bbox 1258 1451 1353 1511; x_wconf 87' lang='lat' dir='ltr'><strong>domni</strong></span> <span class='ocrx_word' id='word_1_161' title='bbox 1371 1453 1485 1512; x_wconf 84' lang='lat' dir='ltr'><strong>odberti</strong></span> <span class='ocrx_word' id='word_1_162' title='bbox 1512 1456 1630 1524; x_wconf 90' lang='lat' dir='ltr'><strong>abbatis,</strong></span> <span class='ocrx_word' id='word_1_163' title='bbox 1650 1456 1729 1514; x_wconf 91' lang='lat' dir='ltr'><strong>locus</strong></span> <span class='ocrx_word' id='word_1_164' title='bbox 1756 1457 1906 1514; x_wconf 85' lang='lat' dir='ltr'><strong>sithiensis</strong></span> 
     </span>
     <span class='ocr_line' id='line_1_15' title="bbox 212 1542 1904 1621; baseline -0.001 -17"><span class='ocrx_word' id='word_1_165' title='bbox 212 1552 309 1621; x_wconf 75' lang='lat' dir='ltr'><strong>regnat</strong></span> <span class='ocrx_word' id='word_1_166' title='bbox 326 1549 409 1616; x_wconf 87' lang='lat' dir='ltr'><strong>heus,</strong></span> <span class='ocrx_word' id='word_1_167' title='bbox 430 1549 458 1605; x_wconf 94' lang='lat' dir='ltr'><strong>in</strong></span> <span class='ocrx_word' id='word_1_168' title='bbox 474 1549 578 1606; x_wconf 87' lang='lat' dir='ltr'><strong>unitate</strong></span> <span class='ocrx_word' id='word_1_169' title='bbox 593 1547 712 1618; x_wconf 88' lang='lat' dir='ltr'><strong>Spiritus</strong></span> <span class='ocrx_word' id='word_1_170' title='bbox 729 1545 829 1614; x_wconf 90' lang='lat' dir='ltr'><strong>saneti,</strong></span> <span class='ocrx_word' id='word_1_171' title='bbox 852 1558 902 1616; x_wconf 91' lang='lat' dir='ltr'><strong>per</strong></span> <span class='ocrx_word' id='word_1_172' title='bbox 925 1543 1036 1600; x_wconf 88' lang='lat' dir='ltr'><strong>immor·</strong></span> <span class='ocrx_word' id='word_1_173' title='bbox 1076 1542 1197 1600; x_wconf 88' lang='lat' dir='ltr'><strong>coenobii</strong></span> <span class='ocrx_word' id='word_1_174' title='bbox 1223 1543 1331 1600; x_wconf 89' lang='lat' dir='ltr'><strong>meritis</strong></span> <span class='ocrx_word' id='word_1_175' title='bbox 1358 1544 1386 1600; x_wconf 86' lang='lat' dir='ltr'><strong>S.</strong></span> <span class='ocrx_word' id='word_1_176' title='bbox 1415 1545 1553 1603; x_wconf 78' lang='lat' dir='ltr'><strong>vincentii</strong></span> <span class='ocrx_word' id='word_1_177' title='bbox 1584 1545 1686 1603; x_wconf 85' lang='lat' dir='ltr'><strong>Christi</strong></span> <span class='ocrx_word' id='word_1_178' title='bbox 1717 1546 1846 1619; x_wconf 81' lang='lat' dir='ltr'><strong>martyris</strong></span> <span class='ocrx_word' id='word_1_179' title='bbox 1874 1553 1904 1602; x_wconf 89' lang='lat' dir='ltr'><strong>et</strong></span> 
     </span>
     <span class='ocr_line' id='line_1_16' title="bbox 211 1631 1904 1708; baseline 0 -15"><span class='ocrx_word' id='word_1_180' title='bbox 211 1637 277 1694; x_wconf 88' lang='lat' dir='ltr'><strong>talia</strong></span> <span class='ocrx_word' id='word_1_181' title='bbox 295 1637 398 1694; x_wconf 83' lang='lat' dir='ltr'><strong>saecula</strong></span> <span class='ocrx_word' id='word_1_182' title='bbox 411 1637 586 1706; x_wconf 86' lang='lat' dir='ltr'><strong>saeculorum,</strong></span> <span class='ocrx_word' id='word_1_183' title='bbox 601 1642 696 1693; x_wconf 85' lang='lat' dir='ltr'><strong>nmen.</strong></span> <span class='ocrx_word' id='word_1_184' title='bbox 1075 1636 1233 1689; x_wconf 91' lang='lat' dir='ltr'><strong>sanctorum</strong></span> <span class='ocrx_word' id='word_1_185' title='bbox 1269 1631 1460 1691; x_wconf 76' lang='lat' dir='ltr'><strong>confessorum</strong></span> <span class='ocrx_word' id='word_1_186' title='bbox 1495 1635 1645 1692; x_wconf 78' lang='lat' dir='ltr'><strong>audomari</strong></span> <span class='ocrx_word' id='word_1_187' title='bbox 1680 1641 1764 1708; x_wconf 90' lang='lat' dir='ltr'><strong>atquc</strong></span> <span class='ocrx_word' id='word_1_188' title='bbox 1795 1637 1904 1693; x_wconf 80' lang='lat' dir='ltr'><strong>Baetim</strong></span> 
     </span>
     <span class='ocr_line' id='line_1_17' title="bbox 337 1716 1904 1798; baseline 0.002 -18"><span class='ocrx_word' id='word_1_189' title='bbox 337 1725 398 1798; x_wconf 79' lang='lat' dir='ltr'><strong>(ab)</strong></span> <span class='ocrx_word' id='word_1_190' title='bbox 414 1728 479 1782; x_wconf 80' lang='lat' dir='ltr'><strong>Car.</strong></span> <span class='ocrx_word' id='word_1_191' title='bbox 495 1728 552 1782; x_wconf 85' lang='lat' dir='ltr'><strong>xii.</strong></span> <span class='ocrx_word' id='word_1_192' title='bbox 567 1729 606 1782; x_wconf 83' lang='lat' dir='ltr'><strong>bc</strong></span> <span class='ocrx_word' id='word_1_193' title='bbox 620 1726 739 1795; x_wconf 81' lang='lat' dir='ltr'><strong>impresso</strong></span> <span class='ocrx_word' id='word_1_194' title='bbox 752 1724 918 1796; x_wconf 69' lang='lat' dir='ltr'><strong>semimarem.</strong></span> <span class='ocrx_word' id='word_1_195' title='bbox 1046 1716 1178 1778; x_wconf 88' lang='lat' dir='ltr'><strong>Bdudum</strong></span> <span class='ocrx_word' id='word_1_196' title='bbox 1193 1721 1326 1779; x_wconf 87' lang='lat' dir='ltr'><strong>divinitus</strong></span> <span class='ocrx_word' id='word_1_197' title='bbox 1344 1728 1457 1795; x_wconf 91' lang='lat' dir='ltr'><strong>ereptus</strong></span> <span class='ocrx_word' id='word_1_198' title='bbox 1470 1723 1508 1781; x_wconf 91' lang='lat' dir='ltr'><strong>sit</strong></span> <span class='ocrx_word' id='word_1_199' title='bbox 1530 1725 1564 1780; x_wconf 93' lang='lat' dir='ltr'><strong>ab</strong></span> <span class='ocrx_word' id='word_1_200' title='bbox 1582 1724 1705 1782; x_wconf 90' lang='lat' dir='ltr'><strong>incendii</strong></span> <span class='ocrx_word' id='word_1_201' title='bbox 1728 1726 1904 1784; x_wconf 89' lang='lat' dir='ltr'><strong>discrimine.</strong></span> 
     </span>
     <span class='ocr_line' id='line_1_18' title="bbox 248 1809 1905 1884; baseline 0 -12"><span class='ocrx_word' id='word_1_202' title='bbox 248 1816 316 1872; x_wconf 87' lang='lat' dir='ltr'><strong>Cum</strong></span> <span class='ocrx_word' id='word_1_203' title='bbox 329 1814 504 1874; x_wconf 89' lang='lat' dir='ltr'><strong>venerandus</strong></span> <span class='ocrx_word' id='word_1_204' title='bbox 522 1818 603 1872; x_wconf 90' lang='lat' dir='ltr'><strong>Pater</strong></span> <span class='ocrx_word' id='word_1_205' title='bbox 626 1819 721 1872; x_wconf 89' lang='lat' dir='ltr'><strong>noster</strong></span> <span class='ocrx_word' id='word_1_206' title='bbox 740 1813 868 1870; x_wconf 80' lang='lat' dir='ltr'><strong>bertinus</strong></span> <span class='ocrx_word' id='word_1_207' title='bbox 891 1817 1035 1884; x_wconf 84' lang='lat' dir='ltr'><strong>postquam</strong></span> <span class='ocrx_word' id='word_1_208' title='bbox 1075 1809 1153 1876; x_wconf 86' lang='lat' dir='ltr'><strong>Quod</strong></span> <span class='ocrx_word' id='word_1_209' title='bbox 1172 1811 1237 1881; x_wconf 92' lang='lat' dir='ltr'><strong>quia</strong></span> <span class='ocrx_word' id='word_1_210' title='bbox 1263 1810 1372 1868; x_wconf 90' lang='lat' dir='ltr'><strong>videtur</strong></span> <span class='ocrx_word' id='word_1_211' title='bbox 1400 1810 1470 1870; x_wconf 89' lang='lat' dir='ltr'><strong>adeo</strong></span> <span class='ocrx_word' id='word_1_212' title='bbox 1497 1813 1666 1871; x_wconf 89' lang='lat' dir='ltr'><strong>audientium</strong></span> <span class='ocrx_word' id='word_1_213' title='bbox 1696 1814 1810 1872; x_wconf 90' lang='lat' dir='ltr'><strong>utilitati</strong></span> <span class='ocrx_word' id='word_1_214' title='bbox 1835 1829 1905 1872; x_wconf 93' lang='lat' dir='ltr'><strong>con·</strong></span> 
     </span>
     <span class='ocr_line' id='line_1_19' title="bbox 214 1898 1905 1977; baseline 0.001 -17"><span class='ocrx_word' id='word_1_215' title='bbox 214 1903 356 1962; x_wconf 90' lang='lat' dir='ltr'><strong>adiabolc</strong></span> <span class='ocrx_word' id='word_1_216' title='bbox 381 1904 410 1960; x_wconf 91' lang='lat' dir='ltr'><strong>in</strong></span> <span class='ocrx_word' id='word_1_217' title='bbox 435 1904 528 1976; x_wconf 89' lang='lat' dir='ltr'><strong>specie</strong></span> <span class='ocrx_word' id='word_1_218' title='bbox 556 1903 679 1961; x_wconf 90' lang='lat' dir='ltr'><strong>mulieris</strong></span> <span class='ocrx_word' id='word_1_219' title='bbox 704 1907 826 1959; x_wconf 89' lang='lat' dir='ltr'><strong>tentatus</strong></span> <span class='ocrx_word' id='word_1_220' title='bbox 853 1906 936 1969; x_wconf 90' lang='lat' dir='ltr'><strong>esset,</strong></span> <span class='ocrx_word' id='word_1_221' title='bbox 965 1907 995 1957; x_wconf 90' lang='lat' dir='ltr'><strong>et</strong></span> <span class='ocrx_word' id='word_1_222' title='bbox 1019 1914 1036 1958; x_wconf 91' lang='lat' dir='ltr'><strong>a</strong></span> <span class='ocrx_word' id='word_1_223' title='bbox 1075 1913 1185 1970; x_wconf 77' lang='lat' dir='ltr'><strong>gruere,</strong></span> <span class='ocrx_word' id='word_1_224' title='bbox 1209 1898 1275 1958; x_wconf 90' lang='lat' dir='ltr'><strong>licet</strong></span> <span class='ocrx_word' id='word_1_225' title='bbox 1289 1900 1385 1958; x_wconf 92' lang='lat' dir='ltr'><strong>tandiu</strong></span> <span class='ocrx_word' id='word_1_226' title='bbox 1413 1901 1530 1959; x_wconf 92' lang='lat' dir='ltr'><strong>celatum</strong></span> <span class='ocrx_word' id='word_1_227' title='bbox 1558 1903 1595 1960; x_wconf 87' lang='lat' dir='ltr'><strong>sit</strong></span> <span class='ocrx_word' id='word_1_228' title='bbox 1621 1905 1788 1975; x_wconf 86' lang='lat' dir='ltr'><strong>scriptorum</strong></span> <span class='ocrx_word' id='word_1_229' title='bbox 1817 1905 1905 1977; x_wconf 81' lang='lat' dir='ltr'><strong>negli-</strong></span> 
     </span>
     <span class='ocr_line' id='line_1_20' title="bbox 212 1989 1904 2066; baseline 0.003 -20"><span class='ocrx_word' id='word_1_230' title='bbox 212 1994 240 2048; x_wconf 83' lang='lat' dir='ltr'><strong>S.</strong></span> <span class='ocrx_word' id='word_1_231' title='bbox 257 1993 373 2050; x_wconf 89' lang='lat' dir='ltr'><strong>ttartino</strong></span> <span class='ocrx_word' id='word_1_232' title='bbox 397 1993 522 2050; x_wconf 88' lang='lat' dir='ltr'><strong>visitatus</strong></span> <span class='ocrx_word' id='word_1_233' title='bbox 545 1998 575 2050; x_wconf 89' lang='lat' dir='ltr'><strong>et</strong></span> <span class='ocrx_word' id='word_1_234' title='bbox 602 1991 745 2060; x_wconf 87' lang='lat' dir='ltr'><strong>liberatus,</strong></span> <span class='ocrx_word' id='word_1_235' title='bbox 771 1991 951 2047; x_wconf 87' lang='lat' dir='ltr'><strong>considerans</strong></span> <span class='ocrx_word' id='word_1_236' title='bbox 978 2003 1037 2046; x_wconf 92' lang='lat' dir='ltr'><strong>om·</strong></span> <span class='ocrx_word' id='word_1_237' title='bbox 1075 1990 1168 2059; x_wconf 77' lang='lat' dir='ltr'><strong>gentia</strong></span> <span class='ocrx_word' id='word_1_238' title='bbox 1183 1989 1308 2058; x_wconf 80' lang='lat' dir='ltr'><strong>incuriae,</strong></span> <span class='ocrx_word' id='word_1_239' title='bbox 1323 1996 1414 2048; x_wconf 90' lang='lat' dir='ltr'><strong>tamen</strong></span> <span class='ocrx_word' id='word_1_240' title='bbox 1434 1991 1547 2064; x_wconf 80' lang='lat' dir='ltr'><strong>dignum</strong></span> <span class='ocrx_word' id='word_1_241' title='bbox 1574 1992 1687 2050; x_wconf 90' lang='lat' dir='ltr'><strong>ducitur</strong></span> <span class='ocrx_word' id='word_1_242' title='bbox 1714 1992 1808 2052; x_wconf 86' lang='lat' dir='ltr'><strong>oidcio</strong></span> <span class='ocrx_word' id='word_1_243' title='bbox 1836 1995 1904 2066; x_wconf 78' lang='lat' dir='ltr'><strong>styli</strong></span> 
     </span>
     <span class='ocr_line' id='line_1_21' title="bbox 213 2079 1904 2154; baseline 0.002 -16"><span class='ocrx_word' id='word_1_244' title='bbox 213 2082 280 2140; x_wconf 93' lang='lat' dir='ltr'><strong>nino</strong></span> <span class='ocrx_word' id='word_1_245' title='bbox 295 2082 437 2140; x_wconf 86' lang='lat' dir='ltr'><strong>monachis</strong></span> <span class='ocrx_word' id='word_1_246' title='bbox 459 2094 516 2139; x_wconf 94' lang='lat' dir='ltr'><strong>non</strong></span> <span class='ocrx_word' id='word_1_247' title='bbox 540 2081 670 2152; x_wconf 88' lang='lat' dir='ltr'><strong>expedire</strong></span> <span class='ocrx_word' id='word_1_248' title='bbox 697 2094 764 2138; x_wconf 86' lang='lat' dir='ltr'><strong>sexu</strong></span> <span class='ocrx_word' id='word_1_249' title='bbox 791 2079 910 2138; x_wconf 79' lang='lat' dir='ltr'><strong>femineo</strong></span> <span class='ocrx_word' id='word_1_250' title='bbox 938 2079 1036 2151; x_wconf 90' lang='lat' dir='ltr'><strong>quovis</strong></span> <span class='ocrx_word' id='word_1_251' title='bbox 1075 2079 1262 2135; x_wconf 89' lang='lat' dir='ltr'><strong>commendari</strong></span> <span class='ocrx_word' id='word_1_252' title='bbox 1292 2080 1444 2136; x_wconf 75' lang='lat' dir='ltr'><strong>memorie.</strong></span> <span class='ocrx_word' id='word_1_253' title='bbox 1479 2079 1559 2138; x_wconf 88' lang='lat' dir='ltr'><strong>Nulla</strong></span> <span class='ocrx_word' id='word_1_254' title='bbox 1591 2082 1654 2140; x_wconf 91' lang='lat' dir='ltr'><strong>istic</strong></span> <span class='ocrx_word' id='word_1_255' title='bbox 1680 2083 1835 2154; x_wconf 89' lang='lat' dir='ltr'><strong>antiquitus</strong></span> <span class='ocrx_word' id='word_1_256' title='bbox 1867 2085 1904 2141; x_wconf 90' lang='lat' dir='ltr'><strong>de</strong></span> 
     </span>
     <span class='ocr_line' id='line_1_22' title="bbox 211 2166 1904 2243; baseline 0.001 -15"><span class='ocrx_word' id='word_1_257' title='bbox 211 2172 295 2229; x_wconf 91' lang='lat' dir='ltr'><strong>modo</strong></span> <span class='ocrx_word' id='word_1_258' title='bbox 330 2172 548 2240; x_wconf 91' lang='lat' dir='ltr'><strong>communicari,</strong></span> <span class='ocrx_word' id='word_1_259' title='bbox 585 2171 637 2228; x_wconf 87' lang='lat' dir='ltr'><strong>sub</strong></span> <span class='ocrx_word' id='word_1_260' title='bbox 673 2171 846 2228; x_wconf 89' lang='lat' dir='ltr'><strong>anathemate</strong></span> <span class='ocrx_word' id='word_1_261' title='bbox 882 2169 1034 2242; x_wconf 77' lang='lat' dir='ltr'><strong>ingressum</strong></span> <span class='ocrx_word' id='word_1_262' title='bbox 1076 2166 1191 2239; x_wconf 82' lang='lat' dir='ltr'><strong>prmiato</strong></span> <span class='ocrx_word' id='word_1_263' title='bbox 1210 2167 1312 2225; x_wconf 83' lang='lat' dir='ltr'><strong>Christi</strong></span> <span class='ocrx_word' id='word_1_264' title='bbox 1331 2175 1452 2241; x_wconf 73' lang='lat' dir='ltr'><strong>martyre</strong></span> <span class='ocrx_word' id='word_1_265' title='bbox 1471 2169 1622 2228; x_wconf 88' lang='lat' dir='ltr'><strong>custoditio</strong></span> <span class='ocrx_word' id='word_1_266' title='bbox 1640 2172 1773 2243; x_wconf 80' lang='lat' dir='ltr'><strong>agebatur</strong></span> <span class='ocrx_word' id='word_1_267' title='bbox 1795 2173 1904 2230; x_wconf 89' lang='lat' dir='ltr'><strong>solem-</strong></span> 
     </span>
     <span class='ocr_line' id='line_1_23' title="bbox 211 2257 1903 2335; baseline 0.002 -18"><span class='ocrx_word' id='word_1_268' title='bbox 211 2260 373 2319; x_wconf 85' lang='lat' dir='ltr'><strong>icminarum</strong></span> <span class='ocrx_word' id='word_1_269' title='bbox 387 2260 422 2319; x_wconf 87' lang='lat' dir='ltr'><strong>de</strong></span> <span class='ocrx_word' id='word_1_270' title='bbox 437 2261 521 2318; x_wconf 91' lang='lat' dir='ltr'><strong>aditis</strong></span> <span class='ocrx_word' id='word_1_271' title='bbox 532 2261 654 2332; x_wconf 80' lang='lat' dir='ltr'><strong>ejusdem</strong></span> <span class='ocrx_word' id='word_1_272' title='bbox 670 2260 790 2318; x_wconf 88' lang='lat' dir='ltr'><strong>coenobii</strong></span> <span class='ocrx_word' id='word_1_273' title='bbox 813 2259 924 2330; x_wconf 91' lang='lat' dir='ltr'><strong>penitus</strong></span> <span class='ocrx_word' id='word_1_274' title='bbox 942 2260 1036 2316; x_wconf 81' lang='lat' dir='ltr'><strong>caelu·</strong></span> <span class='ocrx_word' id='word_1_275' title='bbox 1076 2257 1180 2327; x_wconf 75' lang='lat' dir='ltr'><strong>nitatis</strong></span> <span class='ocrx_word' id='word_1_276' title='bbox 1196 2257 1250 2315; x_wconf 90' lang='lat' dir='ltr'><strong>nisi</strong></span> <span class='ocrx_word' id='word_1_277' title='bbox 1265 2258 1354 2315; x_wconf 90' lang='lat' dir='ltr'><strong>tribus</strong></span> <span class='ocrx_word' id='word_1_278' title='bbox 1372 2259 1539 2318; x_wconf 89' lang='lat' dir='ltr'><strong>lectionibus</strong></span> <span class='ocrx_word' id='word_1_279' title='bbox 1557 2260 1728 2333; x_wconf 89' lang='lat' dir='ltr'><strong>totidemque</strong></span> <span class='ocrx_word' id='word_1_280' title='bbox 1751 2277 1903 2335; x_wconf 87' lang='lat' dir='ltr'><strong>responso·</strong></span> 
     </span>
     <span class='ocr_line' id='line_1_24' title="bbox 210 2347 1903 2422; baseline 0.001 -15"><span class='ocrx_word' id='word_1_281' title='bbox 210 2351 256 2408; x_wconf 88' lang='lat' dir='ltr'><strong>sit.</strong></span> <span class='ocrx_word' id='word_1_282' title='bbox 285 2351 364 2420; x_wconf 88' lang='lat' dir='ltr'><strong>Quod</strong></span> <span class='ocrx_word' id='word_1_283' title='bbox 391 2352 426 2408; x_wconf 91' lang='lat' dir='ltr'><strong>ab</strong></span> <span class='ocrx_word' id='word_1_284' title='bbox 454 2351 542 2422; x_wconf 91' lang='lat' dir='ltr'><strong>ipsius</strong></span> <span class='ocrx_word' id='word_1_285' title='bbox 569 2351 599 2407; x_wconf 87' lang='lat' dir='ltr'><strong>B.</strong></span> <span class='ocrx_word' id='word_1_286' title='bbox 628 2349 732 2408; x_wconf 81' lang='lat' dir='ltr'><strong>bertini</strong></span> <span class='ocrx_word' id='word_1_287' title='bbox 759 2355 882 2420; x_wconf 88' lang='lat' dir='ltr'><strong>tempore</strong></span> <span class='ocrx_word' id='word_1_288' title='bbox 910 2349 981 2406; x_wconf 91' lang='lat' dir='ltr'><strong>bene</strong></span> <span class='ocrx_word' id='word_1_289' title='bbox 1000 2349 1034 2406; x_wconf 90' lang='lat' dir='ltr'><strong>ab</strong></span> <span class='ocrx_word' id='word_1_290' title='bbox 1076 2347 1146 2404; x_wconf 87' lang='lat' dir='ltr'><strong>riis:</strong></span> <span class='ocrx_word' id='word_1_291' title='bbox 1166 2352 1195 2404; x_wconf 90' lang='lat' dir='ltr'><strong>at</strong></span> <span class='ocrx_word' id='word_1_292' title='bbox 1213 2347 1261 2404; x_wconf 93' lang='lat' dir='ltr'><strong>ubi</strong></span> <span class='ocrx_word' id='word_1_293' title='bbox 1285 2349 1398 2419; x_wconf 88' lang='lat' dir='ltr'><strong>propria</strong></span> <span class='ocrx_word' id='word_1_294' title='bbox 1417 2348 1505 2420; x_wconf 89' lang='lat' dir='ltr'><strong>ipsius</strong></span> <span class='ocrx_word' id='word_1_295' title='bbox 1531 2364 1547 2406; x_wconf 92' lang='lat' dir='ltr'><strong>a</strong></span> <span class='ocrx_word' id='word_1_296' title='bbox 1575 2351 1739 2422; x_wconf 89' lang='lat' dir='ltr'><strong>quibusdam</strong></span> <span class='ocrx_word' id='word_1_297' title='bbox 1768 2351 1903 2410; x_wconf 86' lang='lat' dir='ltr'><strong>iratribus</strong></span> 
     </span>
     <span class='ocr_line' id='line_1_25' title="bbox 211 2435 1903 2512; baseline 0.001 -15"><span class='ocrx_word' id='word_1_298' title='bbox 211 2440 340 2497; x_wconf 90' lang='lat' dir='ltr'><strong>omnibus</strong></span> <span class='ocrx_word' id='word_1_299' title='bbox 353 2440 528 2498; x_wconf 88' lang='lat' dir='ltr'><strong>observatum</strong></span> <span class='ocrx_word' id='word_1_300' title='bbox 543 2444 596 2508; x_wconf 91' lang='lat' dir='ltr'><strong>est,</strong></span> <span class='ocrx_word' id='word_1_301' title='bbox 616 2453 704 2511; x_wconf 90' lang='lat' dir='ltr'><strong>usque</strong></span> <span class='ocrx_word' id='word_1_302' title='bbox 728 2438 762 2496; x_wconf 90' lang='lat' dir='ltr'><strong>ad</strong></span> <span class='ocrx_word' id='word_1_303' title='bbox 787 2438 856 2496; x_wconf 90' lang='lat' dir='ltr'><strong>illud</strong></span> <span class='ocrx_word' id='word_1_304' title='bbox 875 2443 983 2511; x_wconf 90' lang='lat' dir='ltr'><strong>tempus</strong></span> <span class='ocrx_word' id='word_1_305' title='bbox 1005 2439 1034 2494; x_wconf 91' lang='lat' dir='ltr'><strong>in</strong></span> <span class='ocrx_word' id='word_1_306' title='bbox 1074 2435 1130 2493; x_wconf 92' lang='lat' dir='ltr'><strong>huc</strong></span> <span class='ocrx_word' id='word_1_307' title='bbox 1143 2436 1225 2494; x_wconf 90' lang='lat' dir='ltr'><strong>allata</strong></span> <span class='ocrx_word' id='word_1_308' title='bbox 1239 2436 1376 2495; x_wconf 84' lang='lat' dir='ltr'><strong>devenere</strong></span> <span class='ocrx_word' id='word_1_309' title='bbox 1386 2440 1573 2510; x_wconf 91' lang='lat' dir='ltr'><strong>responsoria,</strong></span> <span class='ocrx_word' id='word_1_310' title='bbox 1585 2440 1724 2512; x_wconf 85' lang='lat' dir='ltr'><strong>externplo</strong></span> <span class='ocrx_word' id='word_1_311' title='bbox 1737 2455 1754 2498; x_wconf 91' lang='lat' dir='ltr'><strong>a</strong></span> <span class='ocrx_word' id='word_1_312' title='bbox 1768 2441 1903 2498; x_wconf 88' lang='lat' dir='ltr'><strong>tratribus</strong></span> 
     </span>
     <span class='ocr_line' id='line_1_26' title="bbox 210 2517 1901 2602; baseline 0.002 -18"><span class='ocrx_word' id='word_1_313' title='bbox 210 2543 266 2599; x_wconf 92' lang='lat' dir='ltr'><strong>quo</strong></span> <span class='ocrx_word' id='word_1_314' title='bbox 293 2528 378 2585; x_wconf 78' lang='lat' dir='ltr'><strong>adala</strong></span> <span class='ocrx_word' id='word_1_315' title='bbox 409 2527 581 2586; x_wconf 90' lang='lat' dir='ltr'><strong>nobilissima</strong></span> <span class='ocrx_word' id='word_1_316' title='bbox 609 2530 711 2600; x_wconf 73' lang='lat' dir='ltr'><strong>conjux</strong></span> <span class='ocrx_word' id='word_1_317' title='bbox 736 2527 842 2584; x_wconf 74' lang='lat' dir='ltr'><strong>arnold</strong></span> <span class='ocrx_word' id='word_1_318' title='bbox 869 2527 980 2585; x_wconf 91' lang='lat' dir='ltr'><strong>comitis</strong></span> <span class='ocrx_word' id='word_1_319' title='bbox 1006 2532 1035 2584; x_wconf 90' lang='lat' dir='ltr'><strong>et</strong></span> <span class='ocrx_word' id='word_1_320' title='bbox 1074 2540 1170 2584; x_wconf 90' lang='lat' dir='ltr'><strong>eorum</strong></span> <span class='ocrx_word' id='word_1_321' title='bbox 1196 2527 1289 2584; x_wconf 89' lang='lat' dir='ltr'><strong>suavis</strong></span> <span class='ocrx_word' id='word_1_322' title='bbox 1316 2517 1481 2586; x_wconf 89' lang='lat' dir='ltr'><strong>mulcedinis</strong></span> <span class='ocrx_word' id='word_1_323' title='bbox 1509 2535 1640 2602; x_wconf 86' lang='lat' dir='ltr'><strong>percepta</strong></span> <span class='ocrx_word' id='word_1_324' title='bbox 1666 2531 1832 2600; x_wconf 88' lang='lat' dir='ltr'><strong>harmonia,</strong></span> <span class='ocrx_word' id='word_1_325' title='bbox 1860 2531 1901 2588; x_wconf 90' lang='lat' dir='ltr'><strong>nti</strong></span> 
     </span>
     <span class='ocr_line' id='line_1_27' title="bbox 211 2616 1903 2692; baseline 0.003 -18"><span class='ocrx_word' id='word_1_326' title='bbox 211 2617 320 2676; x_wconf 88' lang='lat' dir='ltr'><strong>abbatis</strong></span> <span class='ocrx_word' id='word_1_327' title='bbox 336 2616 398 2691; x_wconf 83' lang='lat'>(46)</span> <span class='ocrx_word' id='word_1_328' title='bbox 414 2617 495 2675; x_wconf 86' lang='lat' dir='ltr'><strong>istius</strong></span> <span class='ocrx_word' id='word_1_329' title='bbox 509 2617 565 2675; x_wconf 91' lang='lat' dir='ltr'><strong>loci</strong></span> <span class='ocrx_word' id='word_1_330' title='bbox 579 2631 642 2675; x_wconf 89' lang='lat' dir='ltr'><strong>cum</strong></span> <span class='ocrx_word' id='word_1_331' title='bbox 655 2618 808 2688; x_wconf 71' lang='lat' dir='ltr'><strong>sepissime</strong></span> <span class='ocrx_word' id='word_1_332' title='bbox 826 2617 932 2690; x_wconf 75' lang='lat' dir='ltr'><strong>magnis</strong></span> <span class='ocrx_word' id='word_1_333' title='bbox 955 2616 1036 2674; x_wconf 86' lang='lat' dir='ltr'><strong>inhr-</strong></span> <span class='ocrx_word' id='word_1_334' title='bbox 1074 2623 1141 2674; x_wconf 83' lang='lat' dir='ltr'><strong>sunt</strong></span> <span class='ocrx_word' id='word_1_335' title='bbox 1167 2616 1314 2675; x_wconf 87' lang='lat' dir='ltr'><strong>admodum</strong></span> <span class='ocrx_word' id='word_1_336' title='bbox 1343 2618 1528 2688; x_wconf 88' lang='lat' dir='ltr'><strong>delectabilia,</strong></span> <span class='ocrx_word' id='word_1_337' title='bbox 1557 2619 1602 2678; x_wconf 87' lang='lat' dir='ltr'><strong>his</strong></span> <span class='ocrx_word' id='word_1_338' title='bbox 1628 2619 1743 2678; x_wconf 90' lang='lat' dir='ltr'><strong>iratrum</strong></span> <span class='ocrx_word' id='word_1_339' title='bbox 1768 2622 1903 2692; x_wconf 75' lang='lat' dir='ltr'><strong>juventus</strong></span> 
     </span>
     <span class='ocr_line' id='line_1_28' title="bbox 210 2706 1902 2780; baseline 0.004 -18"><span class='ocrx_word' id='word_1_340' title='bbox 210 2706 353 2764; x_wconf 86' lang='lat' dir='ltr'><strong>mitatibus</strong></span> <span class='ocrx_word' id='word_1_341' title='bbox 371 2711 444 2764; x_wconf 90' lang='lat' dir='ltr'><strong>essct</strong></span> <span class='ocrx_word' id='word_1_342' title='bbox 471 2712 626 2780; x_wconf 71' lang='lat' dir='ltr'><strong>aggravata,</strong></span> <span class='ocrx_word' id='word_1_343' title='bbox 655 2707 814 2764; x_wconf 88' lang='lat' dir='ltr'><strong>desiderare</strong></span> <span class='ocrx_word' id='word_1_344' title='bbox 839 2707 924 2778; x_wconf 89' lang='lat' dir='ltr'><strong>coepit</strong></span> <span class='ocrx_word' id='word_1_345' title='bbox 947 2712 978 2764; x_wconf 91' lang='lat' dir='ltr'><strong>ut</strong></span> <span class='ocrx_word' id='word_1_346' title='bbox 1004 2706 1033 2763; x_wconf 93' lang='lat' dir='ltr'><strong>in</strong></span> <span class='ocrx_word' id='word_1_347' title='bbox 1074 2706 1221 2777; x_wconf 89' lang='lat' dir='ltr'><strong>plurimum</strong></span> <span class='ocrx_word' id='word_1_348' title='bbox 1237 2711 1281 2764; x_wconf 90' lang='lat' dir='ltr'><strong>cst</strong></span> <span class='ocrx_word' id='word_1_349' title='bbox 1298 2706 1446 2777; x_wconf 82' lang='lat' dir='ltr'><strong>delectata,</strong></span> <span class='ocrx_word' id='word_1_350' title='bbox 1465 2715 1549 2780; x_wconf 89' lang='lat' dir='ltr'><strong>atque</strong></span> <span class='ocrx_word' id='word_1_351' title='bbox 1575 2708 1674 2768; x_wconf 80' lang='lat' dir='ltr'><strong>lutura</strong></span> <span class='ocrx_word' id='word_1_352' title='bbox 1703 2725 1738 2768; x_wconf 83' lang='lat' dir='ltr'><strong>en</strong></span> <span class='ocrx_word' id='word_1_353' title='bbox 1755 2714 1824 2768; x_wconf 90' lang='lat' dir='ltr'><strong>tunc</strong></span> <span class='ocrx_word' id='word_1_354' title='bbox 1850 2709 1902 2769; x_wconf 91' lang='lat' dir='ltr'><strong>ob·</strong></span> 
     </span>
     <span class='ocr_line' id='line_1_29' title="bbox 209 2795 1900 2871; baseline 0.004 -18"><span class='ocrx_word' id='word_1_355' title='bbox 209 2795 264 2854; x_wconf 88' lang='lat' dir='ltr'><strong>boe</strong></span> <span class='ocrx_word' id='word_1_356' title='bbox 282 2798 450 2856; x_wconf 89' lang='lat' dir='ltr'><strong>monasterio</strong></span> <span class='ocrx_word' id='word_1_357' title='bbox 465 2797 490 2854; x_wconf 93' lang='lat' dir='ltr'><strong>ei</strong></span> <span class='ocrx_word' id='word_1_358' title='bbox 510 2797 650 2855; x_wconf 88' lang='lat' dir='ltr'><strong>licentiam</strong></span> <span class='ocrx_word' id='word_1_359' title='bbox 664 2797 792 2855; x_wconf 91' lang='lat' dir='ltr'><strong>monachi</strong></span> <span class='ocrx_word' id='word_1_360' title='bbox 806 2798 905 2855; x_wconf 88' lang='lat' dir='ltr'><strong>darent</strong></span> <span class='ocrx_word' id='word_1_361' title='bbox 918 2798 1032 2866; x_wconf 88' lang='lat' dir='ltr'><strong>intrare,</strong></span> <span class='ocrx_word' id='word_1_362' title='bbox 1073 2797 1217 2854; x_wconf 77' lang='lat' dir='ltr'><strong>servande</strong></span> <span class='ocrx_word' id='word_1_363' title='bbox 1245 2796 1400 2856; x_wconf 87' lang='lat' dir='ltr'><strong>celebritati</strong></span> <span class='ocrx_word' id='word_1_364' title='bbox 1427 2798 1545 2871; x_wconf 90' lang='lat' dir='ltr'><strong>adplene</strong></span> <span class='ocrx_word' id='word_1_365' title='bbox 1572 2799 1717 2859; x_wconf 89' lang='lat' dir='ltr'><strong>instructa.</strong></span> <span class='ocrx_word' id='word_1_366' title='bbox 1749 2801 1820 2858; x_wconf 74' lang='lat' dir='ltr'><strong>Exin</strong></span> <span class='ocrx_word' id='word_1_367' title='bbox 1846 2801 1900 2858; x_wconf 88' lang='lat' dir='ltr'><strong>de·</strong></span> 
     </span>
     <span class='ocr_line' id='line_1_30' title="bbox 210 2886 1902 2962; baseline 0.003 -18"><span class='ocrx_word' id='word_1_368' title='bbox 210 2891 241 2944; x_wconf 91' lang='lat' dir='ltr'><strong>ut</strong></span> <span class='ocrx_word' id='word_1_369' title='bbox 254 2900 347 2945; x_wconf 91' lang='lat' dir='ltr'><strong>coram</strong></span> <span class='ocrx_word' id='word_1_370' title='bbox 362 2886 442 2944; x_wconf 91' lang='lat' dir='ltr'><strong>altari</strong></span> <span class='ocrx_word' id='word_1_371' title='bbox 457 2887 545 2944; x_wconf 91' lang='lat' dir='ltr'><strong>sancti</strong></span> <span class='ocrx_word' id='word_1_372' title='bbox 573 2887 677 2945; x_wconf 87' lang='lat' dir='ltr'><strong>Bertiul</strong></span> <span class='ocrx_word' id='word_1_373' title='bbox 705 2901 757 2959; x_wconf 88' lang='lat' dir='ltr'><strong>pro</strong></span> <span class='ocrx_word' id='word_1_374' title='bbox 784 2887 873 2944; x_wconf 91' lang='lat' dir='ltr'><strong>salute</strong></span> <span class='ocrx_word' id='word_1_375' title='bbox 900 2887 1033 2959; x_wconf 87' lang='lat' dir='ltr'><strong>depreca-</strong></span> <span class='ocrx_word' id='word_1_376' title='bbox 1074 2887 1176 2956; x_wconf 90' lang='lat' dir='ltr'><strong>positio</strong></span> <span class='ocrx_word' id='word_1_377' title='bbox 1190 2886 1343 2958; x_wconf 90' lang='lat' dir='ltr'><strong>supradicti</strong></span> <span class='ocrx_word' id='word_1_378' title='bbox 1362 2889 1450 2946; x_wconf 91' lang='lat' dir='ltr'><strong>sancti</strong></span> <span class='ocrx_word' id='word_1_379' title='bbox 1473 2889 1589 2962; x_wconf 81' lang='lat' dir='ltr'><strong>singulis</strong></span> <span class='ocrx_word' id='word_1_380' title='bbox 1607 2891 1687 2948; x_wconf 88' lang='lat' dir='ltr'><strong>annis</strong></span> <span class='ocrx_word' id='word_1_381' title='bbox 1711 2897 1817 2962; x_wconf 83' lang='lat' dir='ltr'><strong>praeter</strong></span> <span class='ocrx_word' id='word_1_382' title='bbox 1833 2890 1902 2948; x_wconf 90' lang='lat' dir='ltr'><strong>seli·</strong></span> 
     </span>
     <span class='ocr_line' id='line_1_31' title="bbox 209 2975 1899 3053; baseline 0.004 -21"><span class='ocrx_word' id='word_1_383' title='bbox 209 2981 271 3034; x_wconf 91' lang='lat' dir='ltr'><strong>tura</strong></span> <span class='ocrx_word' id='word_1_384' title='bbox 292 2977 391 3034; x_wconf 92' lang='lat' dir='ltr'><strong>liceret</strong></span> <span class='ocrx_word' id='word_1_385' title='bbox 408 2991 438 3034; x_wconf 90' lang='lat' dir='ltr'><strong>se</strong></span> <span class='ocrx_word' id='word_1_386' title='bbox 453 2982 641 3047; x_wconf 89' lang='lat' dir='ltr'><strong>prosternere.</strong></span> <span class='ocrx_word' id='word_1_387' title='bbox 671 2978 758 3047; x_wconf 85' lang='lat' dir='ltr'><strong>liujus</strong></span> <span class='ocrx_word' id='word_1_388' title='bbox 776 2977 861 3048; x_wconf 77' lang='lat' dir='ltr'><strong>igitur</strong></span> <span class='ocrx_word' id='word_1_389' title='bbox 888 2978 929 3034; x_wconf 90' lang='lat' dir='ltr'><strong>rei</strong></span> <span class='ocrx_word' id='word_1_390' title='bbox 950 2991 1032 3034; x_wconf 91' lang='lat' dir='ltr'><strong>causa</strong></span> <span class='ocrx_word' id='word_1_391' title='bbox 1074 2979 1131 3032; x_wconf 91' lang='lat' dir='ltr'><strong>tum</strong></span> <span class='ocrx_word' id='word_1_392' title='bbox 1150 2975 1298 3034; x_wconf 90' lang='lat' dir='ltr'><strong>duodecim</strong></span> <span class='ocrx_word' id='word_1_393' title='bbox 1321 2977 1488 3036; x_wconf 90' lang='lat' dir='ltr'><strong>lectionibus</strong></span> <span class='ocrx_word' id='word_1_394' title='bbox 1509 2979 1654 3037; x_wconf 86' lang='lat' dir='ltr'><strong>decentius</strong></span> <span class='ocrx_word' id='word_1_395' title='bbox 1676 2980 1730 3038; x_wconf 89' lang='lat' dir='ltr'><strong>coh&#39;</strong></span> <span class='ocrx_word' id='word_1_396' title='bbox 1752 2987 1899 3053; x_wconf 72' lang='lat' dir='ltr'><strong>creperet,</strong></span> 
     </span>
     <span class='ocr_line' id='line_1_32' title="bbox 213 3050 1900 3144; baseline 0.004 -22"><span class='ocrx_word' id='word_1_397' title='bbox 213 3063 354 3122; x_wconf 88' lang='lat' dir='ltr'><strong>advocatis</strong></span> <span class='ocrx_word' id='word_1_398' title='bbox 389 3065 594 3123; x_wconf 90' lang='lat' dir='ltr'><strong>venerabilibus</strong></span> <span class='ocrx_word' id='word_1_399' title='bbox 630 3066 770 3137; x_wconf 91' lang='lat' dir='ltr'><strong>episcopis</strong></span> <span class='ocrx_word' id='word_1_400' title='bbox 805 3064 940 3124; x_wconf 85' lang='lat' dir='ltr'><strong>Wicirido</strong></span> <span class='ocrx_word' id='word_1_401' title='bbox 976 3050 1106 3139; x_wconf 55' lang='lat' dir='ltr'><strong>(lituae</strong></span> <span class='ocrx_word' id='word_1_402' title='bbox 1124 3064 1239 3123; x_wconf 78' lang='lat' dir='ltr'><strong>fratrum</strong></span> <span class='ocrx_word' id='word_1_403' title='bbox 1262 3066 1373 3125; x_wconf 91' lang='lat' dir='ltr'><strong>devotio</strong></span> <span class='ocrx_word' id='word_1_404' title='bbox 1401 3068 1487 3141; x_wconf 78' lang='lat' dir='ltr'><strong>magis</strong></span> <span class='ocrx_word' id='word_1_405' title='bbox 1514 3070 1655 3142; x_wconf 73' lang='lat' dir='ltr'><strong>magisque</strong></span> <span class='ocrx_word' id='word_1_406' title='bbox 1682 3084 1748 3144; x_wconf 75' lang='lat' dir='ltr'><strong>erga</strong></span> <span class='ocrx_word' id='word_1_407' title='bbox 1771 3075 1900 3128; x_wconf 86' lang='lat' dir='ltr'><strong>sanctum</strong></span> 
     </span>
     <span class='ocr_line' id='line_1_33' title="bbox 208 3153 1898 3231; baseline 0.002 -19"><span class='ocrx_word' id='word_1_408' title='bbox 208 3153 409 3215; x_wconf 73' lang='lat' dir='ltr'><strong>tarvennensis</strong></span> <span class='ocrx_word' id='word_1_409' title='bbox 431 3154 562 3212; x_wconf 83' lang='lat' dir='ltr'><strong>Ecclesiae</strong></span> <span class='ocrx_word' id='word_1_410' title='bbox 581 3155 713 3226; x_wconf 87' lang='lat' dir='ltr'><strong>episcopo</strong></span> <span class='ocrx_word' id='word_1_411' title='bbox 741 3159 770 3212; x_wconf 88' lang='lat' dir='ltr'><strong>ct</strong></span> <span class='ocrx_word' id='word_1_412' title='bbox 792 3155 1031 3214; x_wconf 84' lang='lat' dir='ltr'><strong>Folbertocame·</strong></span> <span class='ocrx_word' id='word_1_413' title='bbox 1071 3154 1121 3211; x_wconf 87' lang='lat' dir='ltr'><strong>hei</strong></span> <span class='ocrx_word' id='word_1_414' title='bbox 1134 3155 1260 3227; x_wconf 88' lang='lat' dir='ltr'><strong>quotidie</strong></span> <span class='ocrx_word' id='word_1_415' title='bbox 1275 3157 1428 3215; x_wconf 86' lang='lat' dir='ltr'><strong>crescebat.</strong></span> <span class='ocrx_word' id='word_1_416' title='bbox 1446 3158 1526 3226; x_wconf 89' lang='lat' dir='ltr'><strong>Quod</strong></span> <span class='ocrx_word' id='word_1_417' title='bbox 1545 3172 1606 3215; x_wconf 90' lang='lat' dir='ltr'><strong>eum</strong></span> <span class='ocrx_word' id='word_1_418' title='bbox 1630 3159 1785 3231; x_wconf 89' lang='lat' dir='ltr'><strong>aliquorum</strong></span> <span class='ocrx_word' id='word_1_419' title='bbox 1809 3172 1898 3217; x_wconf 77' lang='lat' dir='ltr'><strong>anne</strong></span> 
     </span>
     <span class='ocr_line' id='line_1_34' title="bbox 208 3242 1898 3318; baseline 0.003 -17"><span class='ocrx_word' id='word_1_420' title='bbox 208 3243 341 3314; x_wconf 77' lang='lat' dir='ltr'><strong>sacensis,</strong></span> <span class='ocrx_word' id='word_1_421' title='bbox 357 3242 506 3301; x_wconf 89' lang='lat' dir='ltr'><strong>denudavit</strong></span> <span class='ocrx_word' id='word_1_422' title='bbox 525 3243 566 3301; x_wconf 89' lang='lat' dir='ltr'><strong>eis</strong></span> <span class='ocrx_word' id='word_1_423' title='bbox 593 3243 761 3302; x_wconf 89' lang='lat' dir='ltr'><strong>desiderium</strong></span> <span class='ocrx_word' id='word_1_424' title='bbox 788 3260 890 3316; x_wconf 89' lang='lat' dir='ltr'><strong>suum;</strong></span> <span class='ocrx_word' id='word_1_425' title='bbox 916 3253 1030 3318; x_wconf 88' lang='lat' dir='ltr'><strong>accepta</strong></span> <span class='ocrx_word' id='word_1_426' title='bbox 1072 3259 1131 3302; x_wconf 90' lang='lat' dir='ltr'><strong>rum</strong></span> <span class='ocrx_word' id='word_1_427' title='bbox 1151 3245 1231 3303; x_wconf 87' lang='lat' dir='ltr'><strong>tieret</strong></span> <span class='ocrx_word' id='word_1_428' title='bbox 1254 3245 1447 3316; x_wconf 88' lang='lat' dir='ltr'><strong>revolutione,</strong></span> <span class='ocrx_word' id='word_1_429' title='bbox 1472 3262 1524 3305; x_wconf 93' lang='lat' dir='ltr'><strong>nec</strong></span> <span class='ocrx_word' id='word_1_430' title='bbox 1546 3247 1646 3306; x_wconf 88' lang='lat' dir='ltr'><strong>iratres</strong></span> <span class='ocrx_word' id='word_1_431' title='bbox 1661 3249 1830 3308; x_wconf 89' lang='lat' dir='ltr'><strong>desisterent</strong></span> <span class='ocrx_word' id='word_1_432' title='bbox 1861 3251 1898 3306; x_wconf 86' lang='lat' dir='ltr'><strong>ab</strong></span> 
     </span>
     <span class='ocr_line' id='line_1_35' title="bbox 207 3333 1898 3410; baseline 0.004 -18"><span class='ocrx_word' id='word_1_433' title='bbox 207 3334 290 3392; x_wconf 91' lang='lat' dir='ltr'><strong>etiam</strong></span> <span class='ocrx_word' id='word_1_434' title='bbox 308 3347 324 3390; x_wconf 93' lang='lat' dir='ltr'><strong>a</strong></span> <span class='ocrx_word' id='word_1_435' title='bbox 339 3333 482 3391; x_wconf 90' lang='lat' dir='ltr'><strong>monacbis</strong></span> <span class='ocrx_word' id='word_1_436' title='bbox 510 3333 623 3391; x_wconf 89' lang='lat' dir='ltr'><strong>licentia</strong></span> <span class='ocrx_word' id='word_1_437' title='bbox 640 3346 713 3392; x_wconf 91' lang='lat' dir='ltr'><strong>anno</strong></span> <span class='ocrx_word' id='word_1_438' title='bbox 740 3335 895 3393; x_wconf 68' lang='lat' dir='ltr'><strong>Natiuitatis</strong></span> <span class='ocrx_word' id='word_1_439' title='bbox 921 3335 1030 3393; x_wconf 83' lang='lat' dir='ltr'><strong>Domini</strong></span> <span class='ocrx_word' id='word_1_440' title='bbox 1069 3334 1228 3406; x_wconf 82' lang='lat' dir='ltr'><strong>hujusmodi</strong></span> <span class='ocrx_word' id='word_1_441' title='bbox 1256 3341 1351 3392; x_wconf 90' lang='lat' dir='ltr'><strong>sancte</strong></span> <span class='ocrx_word' id='word_1_442' title='bbox 1382 3337 1540 3406; x_wconf 88' lang='lat' dir='ltr'><strong>devotione,</strong></span> <span class='ocrx_word' id='word_1_443' title='bbox 1574 3338 1692 3410; x_wconf 77' lang='lat' dir='ltr'><strong>contigit</strong></span> <span class='ocrx_word' id='word_1_444' title='bbox 1727 3352 1784 3396; x_wconf 94' lang='lat' dir='ltr'><strong>uno</strong></span> <span class='ocrx_word' id='word_1_445' title='bbox 1822 3353 1898 3398; x_wconf 89' lang='lat' dir='ltr'><strong>anno</strong></span> 
     </span>
     <span class='ocr_line' id='line_1_36' title="bbox 209 3423 1898 3498; baseline 0.002 -16"><span class='ocrx_word' id='word_1_446' title='bbox 209 3423 420 3496; x_wconf 76' lang='lat' dir='ltr'><strong>nongentesimo</strong></span> <span class='ocrx_word' id='word_1_447' title='bbox 452 3423 594 3496; x_wconf 74' lang='lat' dir='ltr'><strong>trigesimo</strong></span> <span class='ocrx_word' id='word_1_448' title='bbox 621 3428 738 3494; x_wconf 89' lang='lat' dir='ltr'><strong>octavo,</strong></span> <span class='ocrx_word' id='word_1_449' title='bbox 771 3437 900 3497; x_wconf 91' lang='lat' dir='ltr'><strong>annoque</strong></span> <span class='ocrx_word' id='word_1_450' title='bbox 931 3425 1029 3497; x_wconf 92' lang='lat' dir='ltr'><strong>quinto</strong></span> <span class='ocrx_word' id='word_1_451' title='bbox 1070 3423 1152 3495; x_wconf 92' lang='lat' dir='ltr'><strong>paulo</strong></span> <span class='ocrx_word' id='word_1_452' title='bbox 1167 3430 1230 3494; x_wconf 92' lang='lat' dir='ltr'><strong>post</strong></span> <span class='ocrx_word' id='word_1_453' title='bbox 1244 3428 1382 3482; x_wconf 84' lang='lat' dir='ltr'><strong>transacta</strong></span> <span class='ocrx_word' id='word_1_454' title='bbox 1401 3425 1534 3484; x_wconf 88' lang='lat' dir='ltr'><strong>decenter</strong></span> <span class='ocrx_word' id='word_1_455' title='bbox 1560 3427 1684 3498; x_wconf 89' lang='lat' dir='ltr'><strong>ejusdem</strong></span> <span class='ocrx_word' id='word_1_456' title='bbox 1710 3427 1816 3486; x_wconf 84' lang='lat' dir='ltr'><strong>celebri</strong></span> <span class='ocrx_word' id='word_1_457' title='bbox 1842 3429 1898 3486; x_wconf 87' lang='lat' dir='ltr'><strong>de·</strong></span> 
     </span>
     <span class='ocr_line' id='line_1_37' title="bbox 210 3511 1899 3590; baseline 0.004 -20"><span class='ocrx_word' id='word_1_458' title='bbox 210 3513 340 3572; x_wconf 83' lang='lat' dir='ltr'><strong>hudovici</strong></span> <span class='ocrx_word' id='word_1_459' title='bbox 370 3512 453 3586; x_wconf 79' lang='lat' dir='ltr'><strong>regis,</strong></span> <span class='ocrx_word' id='word_1_460' title='bbox 482 3511 551 3570; x_wconf 84' lang='lat' dir='ltr'><strong>teria</strong></span> <span class='ocrx_word' id='word_1_461' title='bbox 577 3513 700 3570; x_wconf 89' lang='lat' dir='ltr'><strong>secunda</strong></span> <span class='ocrx_word' id='word_1_462' title='bbox 731 3513 843 3571; x_wconf 73' lang='lat' dir='ltr'><strong>Paschae</strong></span> <span class='ocrx_word' id='word_1_463' title='bbox 870 3513 1030 3574; x_wconf 85' lang='lat' dir='ltr'><strong>introduxc·</strong></span> <span class='ocrx_word' id='word_1_464' title='bbox 1070 3515 1227 3585; x_wconf 90' lang='lat' dir='ltr'><strong>positione,</strong></span> <span class='ocrx_word' id='word_1_465' title='bbox 1256 3515 1364 3572; x_wconf 87' lang='lat' dir='ltr'><strong>scilicet</strong></span> <span class='ocrx_word' id='word_1_466' title='bbox 1391 3515 1420 3573; x_wconf 90' lang='lat' dir='ltr'><strong>in</strong></span> <span class='ocrx_word' id='word_1_467' title='bbox 1454 3515 1566 3588; x_wconf 88' lang='lat' dir='ltr'><strong>ipsas.</strong></span> <span class='ocrx_word' id='word_1_468' title='bbox 1593 3518 1718 3590; x_wconf 76' lang='lat' dir='ltr'><strong>Gregorii</strong></span> <span class='ocrx_word' id='word_1_469' title='bbox 1747 3517 1899 3577; x_wconf 82' lang='lat' dir='ltr'><strong>testivitate</strong></span> 
     </span>
     <span class='ocr_line' id='line_1_38' title="bbox 206 3602 1899 3680; baseline 0.003 -19"><span class='ocrx_word' id='word_1_470' title='bbox 206 3609 272 3662; x_wconf 92' lang='lat' dir='ltr'><strong>runt</strong></span> <span class='ocrx_word' id='word_1_471' title='bbox 285 3617 345 3662; x_wconf 90' lang='lat' dir='ltr'><strong>eanr</strong></span> <span class='ocrx_word' id='word_1_472' title='bbox 359 3602 467 3675; x_wconf 77' lang='lat' dir='ltr'><strong>prelati</strong></span> <span class='ocrx_word' id='word_1_473' title='bbox 482 3603 607 3676; x_wconf 89' lang='lat' dir='ltr'><strong>episcopi</strong></span> <span class='ocrx_word' id='word_1_474' title='bbox 621 3603 649 3660; x_wconf 91' lang='lat' dir='ltr'><strong>iu</strong></span> <span class='ocrx_word' id='word_1_475' title='bbox 664 3603 763 3661; x_wconf 87' lang='lat' dir='ltr'><strong>eodem</strong></span> <span class='ocrx_word' id='word_1_476' title='bbox 777 3605 956 3675; x_wconf 87' lang='lat' dir='ltr'><strong>monasterio,</strong></span> <span class='ocrx_word' id='word_1_477' title='bbox 971 3618 1028 3663; x_wconf 94' lang='lat' dir='ltr'><strong>non</strong></span> <span class='ocrx_word' id='word_1_478' title='bbox 1069 3617 1132 3675; x_wconf 83' lang='lat' dir='ltr'><strong>quae</strong></span> <span class='ocrx_word' id='word_1_479' title='bbox 1147 3608 1256 3661; x_wconf 89' lang='lat' dir='ltr'><strong>constat</strong></span> <span class='ocrx_word' id='word_1_480' title='bbox 1270 3604 1500 3676; x_wconf 80' lang='lat' dir='ltr'><strong>quadragesimati</strong></span> <span class='ocrx_word' id='word_1_481' title='bbox 1521 3611 1666 3677; x_wconf 84' lang='lat' dir='ltr'><strong>tempore,</strong></span> <span class='ocrx_word' id='word_1_482' title='bbox 1691 3620 1820 3680; x_wconf 78' lang='lat' dir='ltr'><strong>magnam</strong></span> <span class='ocrx_word' id='word_1_483' title='bbox 1842 3609 1899 3668; x_wconf 87' lang='lat' dir='ltr'><strong>de·</strong></span> 
     </span>
     <span class='ocr_line' id='line_1_39' title="bbox 205 3692 1908 3769; baseline 0.003 -18"><span class='ocrx_word' id='word_1_484' title='bbox 205 3693 266 3752; x_wconf 90' lang='lat' dir='ltr'><strong>sinc</strong></span> <span class='ocrx_word' id='word_1_485' title='bbox 291 3699 412 3752; x_wconf 78' lang='lat' dir='ltr'><strong>memore</strong></span> <span class='ocrx_word' id='word_1_486' title='bbox 444 3695 582 3763; x_wconf 81' lang='lat' dir='ltr'><strong>manimo;</strong></span> <span class='ocrx_word' id='word_1_487' title='bbox 619 3695 749 3765; x_wconf 91' lang='lat' dir='ltr'><strong>quoniam</strong></span> <span class='ocrx_word' id='word_1_488' title='bbox 780 3694 835 3752; x_wconf 92' lang='lat' dir='ltr'><strong>hoc</strong></span> <span class='ocrx_word' id='word_1_489' title='bbox 866 3694 914 3752; x_wconf 89' lang='lat' dir='ltr'><strong>illa</strong></span> <span class='ocrx_word' id='word_1_490' title='bbox 939 3695 1028 3766; x_wconf 91' lang='lat' dir='ltr'><strong>prima</strong></span> <span class='ocrx_word' id='word_1_491' title='bbox 1068 3705 1142 3750; x_wconf 93' lang='lat' dir='ltr'><strong>mum</strong></span> <span class='ocrx_word' id='word_1_492' title='bbox 1158 3693 1241 3750; x_wconf 90' lang='lat' dir='ltr'><strong>unius</strong></span> <span class='ocrx_word' id='word_1_493' title='bbox 1254 3692 1449 3752; x_wconf 89' lang='lat' dir='ltr'><strong>advocatorum</strong></span> <span class='ocrx_word' id='word_1_494' title='bbox 1473 3694 1594 3754; x_wconf 87' lang='lat' dir='ltr'><strong>claustro</strong></span> <span class='ocrx_word' id='word_1_495' title='bbox 1618 3701 1702 3769; x_wconf 89' lang='lat' dir='ltr'><strong>atquc</strong></span> <span class='ocrx_word' id='word_1_496' title='bbox 1725 3701 1908 3766; x_wconf 73' lang='lat' dir='ltr'><strong>monasterio,</strong></span> 
     </span>
     <span class='ocr_line' id='line_1_40' title="bbox 204 3783 1900 3859; baseline 0.002 -17"><span class='ocrx_word' id='word_1_497' title='bbox 204 3783 296 3842; x_wconf 87' lang='lat' dir='ltr'><strong>iacere</strong></span> <span class='ocrx_word' id='word_1_498' title='bbox 323 3787 547 3857; x_wconf 78' lang='lat' dir='ltr'><strong>presumpserat,</strong></span> <span class='ocrx_word' id='word_1_499' title='bbox 576 3783 651 3855; x_wconf 88' lang='lat' dir='ltr'><strong>quod</strong></span> <span class='ocrx_word' id='word_1_500' title='bbox 670 3789 751 3842; x_wconf 88' lang='lat' dir='ltr'><strong>antea</strong></span> <span class='ocrx_word' id='word_1_501' title='bbox 777 3786 933 3858; x_wconf 73' lang='lat' dir='ltr'><strong>reginarum</strong></span> <span class='ocrx_word' id='word_1_502' title='bbox 952 3785 1027 3842; x_wconf 91' lang='lat' dir='ltr'><strong>nulla</strong></span> <span class='ocrx_word' id='word_1_503' title='bbox 1068 3783 1224 3856; x_wconf 78' lang='lat' dir='ltr'><strong>contiguam</strong></span> <span class='ocrx_word' id='word_1_504' title='bbox 1240 3797 1273 3840; x_wconf 85' lang='lat' dir='ltr'><strong>ex</strong></span> <span class='ocrx_word' id='word_1_505' title='bbox 1287 3783 1436 3842; x_wconf 91' lang='lat' dir='ltr'><strong>immortuo</strong></span> <span class='ocrx_word' id='word_1_506' title='bbox 1461 3786 1535 3843; x_wconf 89' lang='lat' dir='ltr'><strong>cerei</strong></span> <span class='ocrx_word' id='word_1_507' title='bbox 1559 3783 1643 3859; x_wconf 82' lang='lat' dir='ltr'><strong>lungo</strong></span> <span class='ocrx_word' id='word_1_508' title='bbox 1666 3801 1829 3845; x_wconf 88' lang='lat' dir='ltr'><strong>succensam</strong></span> <span class='ocrx_word' id='word_1_509' title='bbox 1853 3803 1900 3847; x_wconf 58' lang='lat' dir='ltr'><strong>aas</strong></span> 
     </span>
     <span class='ocr_line' id='line_1_41' title="bbox 205 3868 1899 3947; baseline 0.003 -16"><span class='ocrx_word' id='word_1_510' title='bbox 205 3873 404 3947; x_wconf 87' lang='lat' dir='ltr'><strong>concupiscere</strong></span> <span class='ocrx_word' id='word_1_511' title='bbox 432 3874 476 3933; x_wconf 90' lang='lat' dir='ltr'><strong>vel</strong></span> <span class='ocrx_word' id='word_1_512' title='bbox 508 3873 638 3932; x_wconf 90' lang='lat' dir='ltr'><strong>audebat.</strong></span> <span class='ocrx_word' id='word_1_513' title='bbox 671 3875 771 3947; x_wconf 87' lang='lat' dir='ltr'><strong>sicque</strong></span> <span class='ocrx_word' id='word_1_514' title='bbox 802 3875 970 3945; x_wconf 86' lang='lat' dir='ltr'><strong>introducta,</strong></span> <span class='ocrx_word' id='word_1_515' title='bbox 999 3881 1028 3934; x_wconf 89' lang='lat' dir='ltr'><strong>ct</strong></span> <span class='ocrx_word' id='word_1_516' title='bbox 1067 3868 1144 3930; x_wconf 88' lang='lat' dir='ltr'><strong>dere.</strong></span> <span class='ocrx_word' id='word_1_517' title='bbox 1159 3873 1226 3940; x_wconf 82' lang='lat' dir='ltr'><strong>Quae</strong></span> <span class='ocrx_word' id='word_1_518' title='bbox 1246 3875 1278 3930; x_wconf 91' lang='lat' dir='ltr'><strong>ut</strong></span> <span class='ocrx_word' id='word_1_519' title='bbox 1301 3878 1360 3930; x_wconf 89' lang='lat' dir='ltr'><strong>crat</strong></span> <span class='ocrx_word' id='word_1_520' title='bbox 1383 3873 1483 3944; x_wconf 88' lang='lat' dir='ltr'><strong>valida,</strong></span> <span class='ocrx_word' id='word_1_521' title='bbox 1508 3875 1658 3934; x_wconf 86' lang='lat' dir='ltr'><strong>horribiles</strong></span> <span class='ocrx_word' id='word_1_522' title='bbox 1680 3877 1804 3934; x_wconf 81' lang='lat' dir='ltr'><strong>flammas</strong></span> <span class='ocrx_word' id='word_1_523' title='bbox 1825 3890 1899 3936; x_wconf 89' lang='lat' dir='ltr'><strong>evo·</strong></span> 
     </span>
     <span class='ocr_line' id='line_1_42' title="bbox 204 3961 1898 4037; baseline 0.003 -17"><span class='ocrx_word' id='word_1_524' title='bbox 204 3968 268 4021; x_wconf 89' lang='lat' dir='ltr'><strong>ante</strong></span> <span class='ocrx_word' id='word_1_525' title='bbox 299 3963 385 4021; x_wconf 92' lang='lat' dir='ltr'><strong>altare</strong></span> <span class='ocrx_word' id='word_1_526' title='bbox 410 3965 441 4020; x_wconf 83' lang='lat' dir='ltr'><strong>B.</strong></span> <span class='ocrx_word' id='word_1_527' title='bbox 470 3964 574 4021; x_wconf 83' lang='lat' dir='ltr'><strong>bertini</strong></span> <span class='ocrx_word' id='word_1_528' title='bbox 600 3969 748 4036; x_wconf 90' lang='lat' dir='ltr'><strong>prostrata,</strong></span> <span class='ocrx_word' id='word_1_529' title='bbox 774 3964 874 4024; x_wconf 89' lang='lat' dir='ltr'><strong>devote</strong></span> <span class='ocrx_word' id='word_1_530' title='bbox 900 3965 1027 4026; x_wconf 88' lang='lat' dir='ltr'><strong>oratione</strong></span> <span class='ocrx_word' id='word_1_531' title='bbox 1067 3974 1156 4031; x_wconf 92' lang='lat' dir='ltr'><strong>mens,</strong></span> <span class='ocrx_word' id='word_1_532' title='bbox 1185 3961 1391 4036; x_wconf 83' lang='lat' dir='ltr'><strong>claustrumque</strong></span> <span class='ocrx_word' id='word_1_533' title='bbox 1405 3964 1452 4022; x_wconf 88' lang='lat' dir='ltr'><strong>illa</strong></span> <span class='ocrx_word' id='word_1_534' title='bbox 1473 3971 1552 4037; x_wconf 90' lang='lat' dir='ltr'><strong>parte</strong></span> <span class='ocrx_word' id='word_1_535' title='bbox 1580 3980 1636 4037; x_wconf 87' lang='lat' dir='ltr'><strong>qua</strong></span> <span class='ocrx_word' id='word_1_536' title='bbox 1662 3971 1789 4036; x_wconf 90' lang='lat' dir='ltr'><strong>steterat,</strong></span> <span class='ocrx_word' id='word_1_537' title='bbox 1819 3966 1898 4024; x_wconf 83' lang='lat' dir='ltr'><strong>inmo</strong></span> 
     </span>
     <span class='ocr_line' id='line_1_43' title="bbox 198 4050 1899 4128; baseline 0.002 -18"><span class='ocrx_word' id='word_1_538' title='bbox 198 4052 265 4110; x_wconf 87' lang='lat' dir='ltr'><strong>tusa</strong></span> <span class='ocrx_word' id='word_1_539' title='bbox 280 4053 389 4124; x_wconf 90' lang='lat' dir='ltr'><strong>plenam</strong></span> <span class='ocrx_word' id='word_1_540' title='bbox 408 4053 535 4125; x_wconf 88' lang='lat' dir='ltr'><strong>corporis</strong></span> <span class='ocrx_word' id='word_1_541' title='bbox 561 4054 722 4126; x_wconf 90' lang='lat' dir='ltr'><strong>sospitatem</strong></span> <span class='ocrx_word' id='word_1_542' title='bbox 749 4057 865 4128; x_wconf 91' lang='lat' dir='ltr'><strong>recepit.</strong></span> <span class='ocrx_word' id='word_1_543' title='bbox 894 4056 1026 4115; x_wconf 86' lang='lat' dir='ltr'><strong>intrando</strong></span> <span class='ocrx_word' id='word_1_544' title='bbox 1066 4050 1186 4124; x_wconf 71' lang='lat' dir='ltr'><strong>igneque</strong></span> <span class='ocrx_word' id='word_1_545' title='bbox 1201 4052 1305 4121; x_wconf 90' lang='lat' dir='ltr'><strong>vetans,</strong></span> <span class='ocrx_word' id='word_1_546' title='bbox 1326 4053 1456 4110; x_wconf 89' lang='lat' dir='ltr'><strong>omnibus</strong></span> <span class='ocrx_word' id='word_1_547' title='bbox 1483 4055 1643 4113; x_wconf 90' lang='lat' dir='ltr'><strong>monasterii</strong></span> <span class='ocrx_word' id='word_1_548' title='bbox 1671 4055 1793 4112; x_wconf 88' lang='lat' dir='ltr'><strong>oidcinis</strong></span> <span class='ocrx_word' id='word_1_549' title='bbox 1820 4058 1899 4114; x_wconf 79' lang='lat' dir='ltr'><strong>enci·</strong></span> 
     </span>
     <span class='ocr_line' id='line_1_44' title="bbox 204 4141 1898 4218; baseline 0.002 -18"><span class='ocrx_word' id='word_1_550' title='bbox 204 4149 294 4200; x_wconf 91' lang='lat' dir='ltr'><strong>autem</strong></span> <span class='ocrx_word' id='word_1_551' title='bbox 324 4142 442 4215; x_wconf 89' lang='lat' dir='ltr'><strong>plurima</strong></span> <span class='ocrx_word' id='word_1_552' title='bbox 469 4141 535 4200; x_wconf 92' lang='lat' dir='ltr'><strong>huic</strong></span> <span class='ocrx_word' id='word_1_553' title='bbox 561 4142 624 4201; x_wconf 92' lang='lat' dir='ltr'><strong>loco</strong></span> <span class='ocrx_word' id='word_1_554' title='bbox 652 4144 884 4217; x_wconf 75' lang='lat' dir='ltr'><strong>omamentattit)</strong></span> <span class='ocrx_word' id='word_1_555' title='bbox 897 4146 1025 4217; x_wconf 87' lang='lat' dir='ltr'><strong>contulit,</strong></span> <span class='ocrx_word' id='word_1_556' title='bbox 1068 4141 1143 4200; x_wconf 87' lang='lat' dir='ltr'><strong>dium</strong></span> <span class='ocrx_word' id='word_1_557' title='bbox 1158 4142 1324 4212; x_wconf 90' lang='lat' dir='ltr'><strong>minabatur,</strong></span> <span class='ocrx_word' id='word_1_558' title='bbox 1339 4141 1493 4217; x_wconf 83' lang='lat' dir='ltr'><strong>fratresque</strong></span> <span class='ocrx_word' id='word_1_559' title='bbox 1518 4147 1574 4218; x_wconf 78' lang='lat' dir='ltr'><strong>tarn</strong></span> <span class='ocrx_word' id='word_1_560' title='bbox 1602 4147 1637 4204; x_wconf 92' lang='lat' dir='ltr'><strong>de</strong></span> <span class='ocrx_word' id='word_1_561' title='bbox 1667 4145 1736 4204; x_wconf 86' lang='lat' dir='ltr'><strong>tanti</strong></span> <span class='ocrx_word' id='word_1_562' title='bbox 1763 4146 1898 4205; x_wconf 78' lang='lat' dir='ltr'><strong>locide</strong></span> 
     </span>
     <span class='ocr_line' id='line_1_45' title="bbox 204 4231 1897 4306; baseline 0.002 -14"><span class='ocrx_word' id='word_1_563' title='bbox 204 4238 234 4292; x_wconf 91' lang='lat' dir='ltr'><strong>ct</strong></span> <span class='ocrx_word' id='word_1_564' title='bbox 251 4232 375 4306; x_wconf 85' lang='lat' dir='ltr'><strong>quandiu</strong></span> <span class='ocrx_word' id='word_1_565' title='bbox 388 4231 465 4302; x_wconf 86' lang='lat' dir='ltr'><strong>vixit,</strong></span> <span class='ocrx_word' id='word_1_566' title='bbox 481 4245 621 4306; x_wconf 90' lang='lat' dir='ltr'><strong>nunquam</strong></span> <span class='ocrx_word' id='word_1_567' title='bbox 636 4233 741 4292; x_wconf 91' lang='lat' dir='ltr'><strong>donare</strong></span> <span class='ocrx_word' id='word_1_568' title='bbox 758 4236 884 4294; x_wconf 83' lang='lat' dir='ltr'><strong>cessavit.</strong></span> <span class='ocrx_word' id='word_1_569' title='bbox 1067 4232 1170 4304; x_wconf 85' lang='lat' dir='ltr'><strong>sperati</strong></span> <span class='ocrx_word' id='word_1_570' title='bbox 1189 4231 1355 4291; x_wconf 91' lang='lat' dir='ltr'><strong>liberatione</strong></span> <span class='ocrx_word' id='word_1_571' title='bbox 1369 4233 1459 4293; x_wconf 91' lang='lat' dir='ltr'><strong>solum</strong></span> <span class='ocrx_word' id='word_1_572' title='bbox 1488 4235 1523 4293; x_wconf 89' lang='lat' dir='ltr'><strong>ad</strong></span> <span class='ocrx_word' id='word_1_573' title='bbox 1553 4235 1739 4294; x_wconf 84' lang='lat' dir='ltr'><strong>extrahendos</strong></span> <span class='ocrx_word' id='word_1_574' title='bbox 1765 4235 1897 4295; x_wconf 70' lang='lat' dir='ltr'><strong>ecclesie</strong></span> 
     </span>
     <span class='ocr_line' id='line_1_46' title="bbox 228 4321 1894 4400; baseline 0.001 -17"><span class='ocrx_word' id='word_1_575' title='bbox 228 4326 296 4383; x_wconf 84' lang='lat' dir='ltr'><strong>Car.</strong></span> <span class='ocrx_word' id='word_1_576' title='bbox 311 4323 382 4381; x_wconf 84' lang='lat' dir='ltr'><strong>xvrt.</strong></span> <span class='ocrx_word' id='word_1_577' title='bbox 397 4324 437 4380; x_wconf 84' lang='lat' dir='ltr'><strong>lte</strong></span> <span class='ocrx_word' id='word_1_578' title='bbox 449 4321 496 4380; x_wconf 82' lang='lat' dir='ltr'><strong>db</strong></span> <span class='ocrx_word' id='word_1_579' title='bbox 510 4323 555 4396; x_wconf 83' lang='lat' dir='ltr'><strong>qvi</strong></span> <span class='ocrx_word' id='word_1_580' title='bbox 568 4325 600 4382; x_wconf 86' lang='lat' dir='ltr'><strong>S.</strong></span> <span class='ocrx_word' id='word_1_581' title='bbox 615 4325 723 4383; x_wconf 85' lang='lat' dir='ltr'><strong>Bertioo</strong></span> <span class='ocrx_word' id='word_1_582' title='bbox 735 4324 818 4400; x_wconf 60' lang='lat' dir='ltr'><strong>wem</strong></span> <span class='ocrx_word' id='word_1_583' title='bbox 830 4341 905 4384; x_wconf 82' lang='lat' dir='ltr'><strong>reum</strong></span> <span class='ocrx_word' id='word_1_584' title='bbox 918 4327 995 4386; x_wconf 85' lang='lat' dir='ltr'><strong>morit</strong></span> <span class='ocrx_word' id='word_1_585' title='bbox 1068 4321 1214 4379; x_wconf 89' lang='lat' dir='ltr'><strong>thesauros</strong></span> <span class='ocrx_word' id='word_1_586' title='bbox 1232 4328 1260 4379; x_wconf 91' lang='lat' dir='ltr'><strong>et</strong></span> <span class='ocrx_word' id='word_1_587' title='bbox 1288 4336 1406 4395; x_wconf 76' lang='lat' dir='ltr'><strong>quaeque</strong></span> <span class='ocrx_word' id='word_1_588' title='bbox 1432 4324 1636 4398; x_wconf 85' lang='lat' dir='ltr'><strong>suppellectilia</strong></span> <span class='ocrx_word' id='word_1_589' title='bbox 1664 4326 1894 4398; x_wconf 84' lang='lat' dir='ltr'><strong>occupabantur:</strong></span> 
     </span>
     <span class='ocr_line' id='line_1_47' title="bbox 239 4384 1898 4492; baseline 0.002 -22"><span class='ocrx_word' id='word_1_590' title='bbox 239 4465 244 4470; x_wconf 89' lang='lat'><strong>.</strong></span> <span class='ocrx_word' id='word_1_591' title='bbox 416 4489 417 4492; x_wconf 8' lang='grc' dir='ltr'><strong>Ἴ</strong></span> <span class='ocrx_word' id='word_1_592' title='bbox 478 4413 629 4486; x_wconf 72' lang='lat' dir='ltr'><strong>proximem</strong></span> <span class='ocrx_word' id='word_1_593' title='bbox 642 4413 743 4473; x_wconf 87' lang='lat' dir='ltr'><strong>obtulit.</strong></span> <span class='ocrx_word' id='word_1_594' title='bbox 1033 4384 1129 4470; x_wconf 74' lang='lat' dir='ltr'><strong>Deum</strong></span> <span class='ocrx_word' id='word_1_595' title='bbox 1148 4411 1269 4484; x_wconf 89' lang='lat' dir='ltr'><strong>propitia</strong></span> <span class='ocrx_word' id='word_1_596' title='bbox 1287 4412 1335 4470; x_wconf 87' lang='lat' dir='ltr'><strong>bei</strong></span> <span class='ocrx_word' id='word_1_597' title='bbox 1354 4413 1528 4485; x_wconf 86' lang='lat' dir='ltr'><strong>providentia</strong></span> <span class='ocrx_word' id='word_1_598' title='bbox 1555 4421 1613 4473; x_wconf 90' lang='lat' dir='ltr'><strong>tres</strong></span> <span class='ocrx_word' id='word_1_599' title='bbox 1640 4415 1775 4474; x_wconf 78' lang='lat' dir='ltr'><strong>columbe</strong></span> <span class='ocrx_word' id='word_1_600' title='bbox 1806 4416 1898 4474; x_wconf 84' lang='lat' dir='ltr'><strong>instar</strong></span> 
     </span>
     <span class='ocr_line' id='line_1_48' title="bbox 236 4500 1897 4581; baseline 0.006 -17"><span class='ocrx_word' id='word_1_601' title='bbox 236 4504 340 4564; x_wconf 83' lang='lat' dir='ltr'><strong>nouem</strong></span> <span class='ocrx_word' id='word_1_602' title='bbox 358 4507 484 4575; x_wconf 80' lang='lat' dir='ltr'><strong>tempore</strong></span> <span class='ocrx_word' id='word_1_603' title='bbox 511 4503 648 4563; x_wconf 80' lang='lat' dir='ltr'><strong>accursus</strong></span> <span class='ocrx_word' id='word_1_604' title='bbox 672 4505 760 4576; x_wconf 80' lang='lat' dir='ltr'><strong>ipsius</strong></span> <span class='ocrx_word' id='word_1_605' title='bbox 787 4506 893 4565; x_wconf 75' lang='lat' dir='ltr'><strong>casuue</strong></span> <span class='ocrx_word' id='word_1_606' title='bbox 921 4513 1025 4581; x_wconf 73' lang='lat' dir='ltr'><strong>pretor</strong></span> <span class='ocrx_word' id='word_1_607' title='bbox 1064 4501 1136 4559; x_wconf 84' lang='lat' dir='ltr'><strong>nivis</strong></span> <span class='ocrx_word' id='word_1_608' title='bbox 1149 4500 1287 4571; x_wconf 77' lang='lat' dir='ltr'><strong>eannrnae,</strong></span> <span class='ocrx_word' id='word_1_609' title='bbox 1311 4501 1422 4560; x_wconf 76' lang='lat' dir='ltr'><strong>cericus</strong></span> <span class='ocrx_word' id='word_1_610' title='bbox 1448 4503 1492 4578; x_wconf 83' lang='lat' dir='ltr'><strong>(ut</strong></span> <span class='ocrx_word' id='word_1_611' title='bbox 1515 4504 1610 4574; x_wconf 80' lang='lat' dir='ltr'><strong>credo.</strong></span> <span class='ocrx_word' id='word_1_612' title='bbox 1640 4510 1726 4576; x_wconf 75' lang='lat' dir='ltr'><strong>atqve</strong></span> <span class='ocrx_word' id='word_1_613' title='bbox 1755 4509 1820 4578; x_wconf 79' lang='lat' dir='ltr'><strong>nost</strong></span> <span class='ocrx_word' id='word_1_614' title='bbox 1849 4521 1897 4565; x_wconf 82' lang='lat' dir='ltr'><strong>res</strong></span> 
     </span>
     <span class='ocr_line' id='line_1_49' title="bbox 201 4590 1897 4668; baseline 0.001 -15"><span class='ocrx_word' id='word_1_615' title='bbox 201 4595 334 4664; x_wconf 80' lang='lat' dir='ltr'><strong>urbanm,</strong></span> <span class='ocrx_word' id='word_1_616' title='bbox 348 4592 434 4651; x_wconf 89' lang='lat' dir='ltr'><strong>tilium</strong></span> <span class='ocrx_word' id='word_1_617' title='bbox 448 4607 528 4650; x_wconf 92' lang='lat' dir='ltr'><strong>suum</strong></span> <span class='ocrx_word' id='word_1_618' title='bbox 548 4594 658 4651; x_wconf 89' lang='lat' dir='ltr'><strong>nomine</strong></span> <span class='ocrx_word' id='word_1_619' title='bbox 672 4594 823 4653; x_wconf 84' lang='lat' dir='ltr'><strong>walterum</strong></span> <span class='ocrx_word' id='word_1_620' title='bbox 845 4607 907 4654; x_wconf 91' lang='lat' dir='ltr'><strong>cum</strong></span> <span class='ocrx_word' id='word_1_621' title='bbox 927 4599 1024 4657; x_wconf 90' lang='lat' dir='ltr'><strong>morbo</strong></span> <span class='ocrx_word' id='word_1_622' title='bbox 1065 4590 1184 4664; x_wconf 86' lang='lat' dir='ltr'><strong>edocuit)</strong></span> <span class='ocrx_word' id='word_1_623' title='bbox 1200 4591 1312 4663; x_wconf 82' lang='lat' dir='ltr'><strong>elapsae,</strong></span> <span class='ocrx_word' id='word_1_624' title='bbox 1322 4595 1526 4666; x_wconf 91' lang='lat' dir='ltr'><strong>campanarium</strong></span> <span class='ocrx_word' id='word_1_625' title='bbox 1546 4594 1636 4668; x_wconf 88' lang='lat' dir='ltr'><strong>palam</strong></span> <span class='ocrx_word' id='word_1_626' title='bbox 1654 4595 1749 4652; x_wconf 90' lang='lat' dir='ltr'><strong>multis</strong></span> <span class='ocrx_word' id='word_1_627' title='bbox 1762 4595 1897 4654; x_wconf 89' lang='lat' dir='ltr'><strong>videntur</strong></span> 
     </span>
    </p>
   </div>
   <div class='ocr_carea' id='block_1_6' title="bbox 199 4698 1895 5576">
    <p class='ocr_par' dir='ltr' id='par_1_6' title="bbox 199 4698 1895 4846">
     <span class='ocr_line' id='line_1_50' title="bbox 238 4698 1893 4776; baseline 0.008 -18"><span class='ocrx_word' id='word_1_628' title='bbox 238 4700 300 4776; x_wconf 74' lang='lat' dir='ltr'><strong>(ab)</strong></span> <span class='ocrx_word' id='word_1_629' title='bbox 315 4701 381 4772; x_wconf 75' lang='lat' dir='ltr'><strong>Qum</strong></span> <span class='ocrx_word' id='word_1_630' title='bbox 394 4704 559 4774; x_wconf 88' lang='lat' dir='ltr'><strong>sequuntur,</strong></span> <span class='ocrx_word' id='word_1_631' title='bbox 575 4699 689 4758; x_wconf 88' lang='lat' dir='ltr'><strong>alterius</strong></span> <span class='ocrx_word' id='word_1_632' title='bbox 710 4701 840 4760; x_wconf 90' lang='lat' dir='ltr'><strong>videntur</strong></span> <span class='ocrx_word' id='word_1_633' title='bbox 853 4717 913 4762; x_wconf 89' lang='lat' dir='ltr'><strong>esse</strong></span> <span class='ocrx_word' id='word_1_634' title='bbox 928 4712 1024 4765; x_wconf 89' lang='lat' dir='ltr'><strong>ancto-</strong></span> <span class='ocrx_word' id='word_1_635' title='bbox 1064 4699 1146 4774; x_wconf 63' lang='grc' dir='ltr'><strong>Μ’</strong></span> <span class='ocrx_word' id='word_1_636' title='bbox 1181 4698 1266 4768; x_wconf 84' lang='lat' dir='ltr'><strong>iqce</strong></span> <span class='ocrx_word' id='word_1_637' title='bbox 1291 4698 1378 4756; x_wconf 66' lang='lat' dir='ltr'><strong>“dliv</strong></span> <span class='ocrx_word' id='word_1_638' title='bbox 1395 4699 1484 4771; x_wconf 66' lang='lat' dir='ltr'><strong>dliii,</strong></span> <span class='ocrx_word' id='word_1_639' title='bbox 1504 4703 1595 4774; x_wconf 64' lang='lat' dir='ltr'><strong>initii</strong></span> <span class='ocrx_word' id='word_1_640' title='bbox 1613 4702 1719 4774; x_wconf 69' lang='lat' dir='ltr'><strong>literius</strong></span> <span class='ocrx_word' id='word_1_641' title='bbox 1747 4715 1812 4774; x_wconf 69' lang='lat'><strong>⁰³9·</strong></span> <span class='ocrx_word' id='word_1_642' title='bbox 1843 4703 1893 4760; x_wconf 76' lang='lat'><strong>28·</strong></span> 
     </span>
     <span class='ocr_line' id='line_1_51' title="bbox 199 4769 1895 4846; baseline -0.001 -14"><span class='ocrx_word' id='word_1_643' title='bbox 199 4774 250 4834; x_wconf 88' lang='lat' dir='ltr'><strong>ris.</strong></span> <span class='ocrx_word' id='word_1_644' title='bbox 1116 4769 1134 4824; x_wconf 85' lang='grc'>4</span> <span class='ocrx_word' id='word_1_645' title='bbox 1182 4770 1268 4842; x_wconf 79' lang='lat' dir='ltr'><strong>Vulgo</strong></span> <span class='ocrx_word' id='word_1_646' title='bbox 1282 4769 1402 4843; x_wconf 82' lang='lat' dir='ltr'><strong>impetite</strong></span> <span class='ocrx_word' id='word_1_647' title='bbox 1414 4771 1511 4830; x_wconf 78' lang='lat' dir='ltr'><strong>adroic.</strong></span> <span class='ocrx_word' id='word_1_648' title='bbox 1527 4776 1640 4831; x_wconf 84' lang='lat' dir='ltr'><strong>boama</strong></span> <span class='ocrx_word' id='word_1_649' title='bbox 1661 4773 1765 4846; x_wconf 91' lang='lat' dir='ltr'><strong>pellant</strong></span> <span class='ocrx_word' id='word_1_650' title='bbox 1779 4774 1895 4832; x_wconf 91' lang='lat' dir='ltr'><strong>medici.</strong></span> 
     </span>
    </p>

    <p class='ocr_par' dir='ltr' id='par_1_7' title="bbox 200 4789 1894 5072">
     <span class='ocr_line' id='line_1_52' title="bbox 238 4789 1894 4973; baseline 0 -72"><span class='ocrx_word' id='word_1_651' title='bbox 238 4844 292 4920; x_wconf 85' lang='grc'>(46)</span> <span class='ocrx_word' id='word_1_652' title='bbox 317 4845 344 4903; x_wconf 90' lang='lat' dir='ltr'><strong>1s</strong></span> <span class='ocrx_word' id='word_1_653' title='bbox 365 4843 530 4904; x_wconf 87' lang='lat' dir='ltr'><strong>Sitblvensis</strong></span> <span class='ocrx_word' id='word_1_654' title='bbox 553 4845 712 4930; x_wconf 83' lang='lat' dir='ltr'><strong>monasterii</strong></span> <span class='ocrx_word' id='word_1_655' title='bbox 734 4845 884 4918; x_wconf 89' lang='lat' dir='ltr'><strong>collapsam</strong></span> <span class='ocrx_word' id='word_1_656' title='bbox 902 4847 1027 4922; x_wconf 87' lang='lat' dir='ltr'><strong>discipli·</strong></span> <span class='ocrx_word' id='word_1_657' title='bbox 1115 4841 1150 4895; x_wconf 85' lang='lat'><strong>50</strong></span> <span class='ocrx_word' id='word_1_658' title='bbox 1189 4841 1240 4898; x_wconf 82' lang='lat' dir='ltr'><strong>liic</strong></span> <span class='ocrx_word' id='word_1_659' title='bbox 1261 4843 1445 4968; x_wconf 57' lang='lat' dir='ltr'><strong>⁵¹¹2¹31W⁰d¹¹¹¹¹</strong></span> <span class='ocrx_word' id='word_1_660' title='bbox 1472 4844 1501 4901; x_wconf 89' lang='lat' dir='ltr'><strong>id</strong></span> <span class='ocrx_word' id='word_1_661' title='bbox 1529 4845 1603 4917; x_wconf 67' lang='lat'><strong>(1⁰0⁶</strong></span> <span class='ocrx_word' id='word_1_662' title='bbox 1632 4789 1700 4903; x_wconf 59' lang='lat' dir='ltr'><strong>(ficit</strong></span> <span class='ocrx_word' id='word_1_663' title='bbox 1726 4846 1835 4973; x_wconf 61' lang='lat' dir='ltr'><strong>¹fffff¹¹l</strong></span> <span class='ocrx_word' id='word_1_664' title='bbox 1865 4847 1894 4904; x_wconf 91' lang='lat' dir='ltr'><strong>in</strong></span> 
     </span>
     <span class='ocr_line' id='line_1_53' title="bbox 200 4913 1894 4996; baseline 0.008 -21"><span class='ocrx_word' id='word_1_665' title='bbox 200 4931 263 4975; x_wconf 91' lang='lat' dir='ltr'><strong>nam</strong></span> <span class='ocrx_word' id='word_1_666' title='bbox 295 4915 440 4974; x_wconf 79' lang='lat' dir='ltr'><strong>reformari</strong></span> <span class='ocrx_word' id='word_1_667' title='bbox 472 4923 578 4975; x_wconf 86' lang='lat' dir='ltr'><strong>curavrt</strong></span> <span class='ocrx_word' id='word_1_668' title='bbox 604 4931 677 4977; x_wconf 91' lang='lat' dir='ltr'><strong>anno</strong></span> <span class='ocrx_word' id='word_1_669' title='bbox 704 4917 768 4990; x_wconf 84' lang='grc'><strong>944,</strong></span> <span class='ocrx_word' id='word_1_670' title='bbox 797 4933 849 4991; x_wconf 92' lang='lat' dir='ltr'><strong>per</strong></span> <span class='ocrx_word' id='word_1_671' title='bbox 874 4920 903 4976; x_wconf 89' lang='lat' dir='ltr'><strong>S.</strong></span> <span class='ocrx_word' id='word_1_672' title='bbox 931 4923 1027 4980; x_wconf 85' lang='lat' dir='ltr'><strong>Gerar·</strong></span> <span class='ocrx_word' id='word_1_673' title='bbox 1065 4913 1169 4996; x_wconf 58' lang='lat' dir='ltr'><strong>Chfflll·</strong></span> <span class='ocrx_word' id='word_1_674' title='bbox 1198 4926 1259 4984; x_wconf 73' lang='lat' dir='ltr'><strong>cat)-</strong></span> <span class='ocrx_word' id='word_1_675' title='bbox 1322 4920 1433 4986; x_wconf 63' lang='lat' dir='ltr'><strong>‚line</strong></span> <span class='ocrx_word' id='word_1_676' title='bbox 1456 4931 1497 4974; x_wconf 76' lang='lat'><strong>11³</strong></span> <span class='ocrx_word' id='word_1_677' title='bbox 1518 4917 1610 4975; x_wconf 66' lang='lat' dir='ltr'><strong>Albai</strong></span> <span class='ocrx_word' id='word_1_678' title='bbox 1626 4919 1735 4988; x_wconf 61' lang='lat' dir='ltr'><strong>ssadem</strong></span> <span class='ocrx_word' id='word_1_679' title='bbox 1764 4931 1797 4973; x_wconf 58' lang='grc' dir='ltr'><strong>Β*</strong></span> <span class='ocrx_word' id='word_1_680' title='bbox 1813 4933 1894 4989; x_wconf 71' lang='lat'>1²⁸⁸·</span> 
     </span>
     <span class='ocr_line' id='line_1_54' title="bbox 200 4981 1893 5072; baseline 0.001 -25"><span class='ocrx_word' id='word_1_681' title='bbox 200 4988 276 5057; x_wconf 90' lang='lat' dir='ltr'><strong>dum,</strong></span> <span class='ocrx_word' id='word_1_682' title='bbox 293 5003 326 5047; x_wconf 83' lang='lat' dir='ltr'><strong>ex</strong></span> <span class='ocrx_word' id='word_1_683' title='bbox 342 4989 433 5061; x_wconf 88' lang='lat' dir='ltr'><strong>iperio</strong></span> <span class='ocrx_word' id='word_1_684' title='bbox 448 5003 528 5062; x_wconf 91' lang='lat' dir='ltr'><strong>capp.</strong></span> <span class='ocrx_word' id='word_1_685' title='bbox 548 4987 584 5045; x_wconf 76' lang='lat'><strong>23</strong></span> <span class='ocrx_word' id='word_1_686' title='bbox 603 4996 631 5047; x_wconf 90' lang='lat' dir='ltr'><strong>et</strong></span> <span class='ocrx_word' id='word_1_687' title='bbox 648 4989 693 5048; x_wconf 77' lang='grc'><strong>21.</strong></span> <span class='ocrx_word' id='word_1_688' title='bbox 1065 4985 1167 5042; x_wconf 80' lang='lat' dir='ltr'><strong>condies</strong></span> <span class='ocrx_word' id='word_1_689' title='bbox 1196 4981 1309 5068; x_wconf 60' lang='lat' dir='ltr'><strong>immiti,</strong></span> <span class='ocrx_word' id='word_1_690' title='bbox 1335 4993 1527 5072; x_wconf 31' lang='lat' dir='ltr'><strong>‘cognomento</strong></span> <span class='ocrx_word' id='word_1_691' title='bbox 1560 4988 1661 5057; x_wconf 84' lang='lat' dir='ltr'><strong>vetuli,</strong></span> <span class='ocrx_word' id='word_1_692' title='bbox 1690 4987 1817 5061; x_wconf 72' lang='lat' dir='ltr'><strong>reliquias</strong></span> <span class='ocrx_word' id='word_1_693' title='bbox 1835 4991 1893 5048; x_wconf 77' lang='lat' dir='ltr'><strong>SS.</strong></span> 
     </span>
    </p>

    <p class='ocr_par' dir='ltr' id='par_1_8' title="bbox 199 5057 1894 5576">
     <span class='ocr_line' id='line_1_55' title="bbox 235 5057 1893 5134; baseline 0.004 -18"><span class='ocrx_word' id='word_1_694' title='bbox 235 5062 293 5134; x_wconf 79' lang='grc'>(47)</span> <span class='ocrx_word' id='word_1_695' title='bbox 325 5060 502 5119; x_wconf 79' lang='lat' dir='ltr'><strong>leodoardus</strong></span> <span class='ocrx_word' id='word_1_696' title='bbox 533 5061 562 5118; x_wconf 95' lang='lat' dir='ltr'><strong>in</strong></span> <span class='ocrx_word' id='word_1_697' title='bbox 590 5062 728 5120; x_wconf 83' lang='lat' dir='ltr'><strong>Chronico</strong></span> <span class='ocrx_word' id='word_1_698' title='bbox 757 5061 792 5119; x_wconf 89' lang='lat' dir='ltr'><strong>ad</strong></span> <span class='ocrx_word' id='word_1_699' title='bbox 820 5075 922 5121; x_wconf 89' lang='lat' dir='ltr'><strong>annum</strong></span> <span class='ocrx_word' id='word_1_700' title='bbox 949 5063 1022 5122; x_wconf 83' lang='lat'><strong>935:</strong></span> <span class='ocrx_word' id='word_1_701' title='bbox 1064 5057 1211 5114; x_wconf 78' lang='lat' dir='ltr'><strong>Acdomom</strong></span> <span class='ocrx_word' id='word_1_702' title='bbox 1225 5060 1250 5111; x_wconf 85' lang='lat' dir='ltr'><strong>et</strong></span> <span class='ocrx_word' id='word_1_703' title='bbox 1270 5059 1370 5114; x_wconf 72' lang='lat' dir='ltr'><strong>Betltot</strong></span> <span class='ocrx_word' id='word_1_704' title='bbox 1388 5063 1463 5117; x_wconf 83' lang='lat' dir='ltr'><strong>trum</strong></span> <span class='ocrx_word' id='word_1_705' title='bbox 1485 5061 1601 5117; x_wconf 64' lang='lat' dir='ltr'><strong>Menum</strong></span> <span class='ocrx_word' id='word_1_706' title='bbox 1627 5061 1699 5118; x_wconf 79' lang='lat' dir='ltr'><strong>citro</strong></span> <span class='ocrx_word' id='word_1_707' title='bbox 1716 5061 1893 5131; x_wconf 65' lang='lat' dir='ltr'><strong>Neomare»,</strong></span> 
     </span>
     <span class='ocr_line' id='line_1_56' title="bbox 199 5127 1894 5206; baseline -0.001 -16"><span class='ocrx_word' id='word_1_708' title='bbox 199 5131 329 5190; x_wconf 72' lang='lat' dir='ltr'><strong>artoldus</strong></span> <span class='ocrx_word' id='word_1_709' title='bbox 346 5133 558 5206; x_wconf 78' lang='lat' dir='ltr'><strong>archiepiscopos</strong></span> <span class='ocrx_word' id='word_1_710' title='bbox 576 5133 738 5206; x_wconf 72' lang='lat' dir='ltr'><strong>Wtcfredum</strong></span> <span class='ocrx_word' id='word_1_711' title='bbox 762 5135 899 5206; x_wconf 73' lang='lat' dir='ltr'><strong>quemdam</strong></span> <span class='ocrx_word' id='word_1_712' title='bbox 924 5137 1023 5194; x_wconf 67' lang='lat' dir='ltr'><strong>nona.</strong></span> <span class='ocrx_word' id='word_1_713' title='bbox 1064 5128 1109 5185; x_wconf 85' lang='lat' dir='ltr'><strong>vbi</strong></span> <span class='ocrx_word' id='word_1_714' title='bbox 1123 5133 1183 5186; x_wconf 84' lang='lat' dir='ltr'><strong>icoc</strong></span> <span class='ocrx_word' id='word_1_715' title='bbox 1200 5127 1343 5199; x_wconf 81' lang='lat' dir='ltr'><strong>imperator</strong></span> <span class='ocrx_word' id='word_1_716' title='bbox 1364 5130 1508 5199; x_wconf 82' lang='lat' dir='ltr'><strong>residebat,</strong></span> <span class='ocrx_word' id='word_1_717' title='bbox 1533 5131 1633 5202; x_wconf 67' lang='lat' dir='ltr'><strong>deicio,</strong></span> <span class='ocrx_word' id='word_1_718' title='bbox 1659 5137 1687 5188; x_wconf 91' lang='lat' dir='ltr'><strong>ut</strong></span> <span class='ocrx_word' id='word_1_719' title='bbox 1714 5137 1802 5188; x_wconf 85' lang='lat' dir='ltr'><strong>terroe</strong></span> <span class='ocrx_word' id='word_1_720' title='bbox 1827 5147 1894 5188; x_wconf 74' lang='lat' dir='ltr'><strong>me</strong></span> 
     </span>
     <span class='ocr_line' id='line_1_57' title="bbox 200 5199 1893 5288; baseline -0.001 -27"><span class='ocrx_word' id='word_1_721' title='bbox 200 5205 274 5261; x_wconf 82' lang='lat' dir='ltr'><strong>rbem</strong></span> <span class='ocrx_word' id='word_1_722' title='bbox 323 5217 421 5278; x_wconf 86' lang='lat' dir='ltr'><strong>nempe</strong></span> <span class='ocrx_word' id='word_1_723' title='bbox 438 5205 621 5264; x_wconf 82' lang='lat' dir='ltr'><strong>sithivensem</strong></span> <span class='ocrx_word' id='word_1_724' title='bbox 644 5210 714 5263; x_wconf 89' lang='lat' dir='ltr'><strong>teste</strong></span> <span class='ocrx_word' id='word_1_725' title='bbox 745 5205 837 5276; x_wconf 89' lang='lat' dir='ltr'><strong>tpemo</strong></span> <span class='ocrx_word' id='word_1_726' title='bbox 869 5221 932 5278; x_wconf 89' lang='lat' dir='ltr'><strong>cap.</strong></span> <span class='ocrx_word' id='word_1_727' title='bbox 963 5208 1023 5277; x_wconf 80' lang='lat'><strong>22,</strong></span> <span class='ocrx_word' id='word_1_728' title='bbox 1064 5201 1118 5284; x_wconf 64' lang='lat' dir='ltr'><strong>aldi</strong></span> <span class='ocrx_word' id='word_1_729' title='bbox 1133 5199 1306 5282; x_wconf 73' lang='lat' dir='ltr'><strong>oiudlcorcot.</strong></span> <span class='ocrx_word' id='word_1_730' title='bbox 1326 5202 1359 5258; x_wconf 84' lang='lat' dir='ltr'><strong>lo</strong></span> <span class='ocrx_word' id='word_1_731' title='bbox 1382 5217 1435 5276; x_wconf 85' lang='lat' dir='ltr'><strong>que</strong></span> <span class='ocrx_word' id='word_1_732' title='bbox 1457 5203 1638 5276; x_wconf 76' lang='lat' dir='ltr'><strong>deportatione</strong></span> <span class='ocrx_word' id='word_1_733' title='bbox 1660 5201 1893 5288; x_wconf 38' lang='lat' dir='ltr'><strong>miraculum&#39;ec·</strong></span> 
     </span>
     <span class='ocr_line' id='line_1_58' title="bbox 200 5269 1894 5352; baseline -0.004 -14"><span class='ocrx_word' id='word_1_734' title='bbox 200 5280 278 5347; x_wconf 77' lang='lat' dir='ltr'><strong>parte</strong></span> <span class='ocrx_word' id='word_1_735' title='bbox 296 5291 317 5332; x_wconf 90' lang='lat'><strong>11</strong></span> <span class='ocrx_word' id='word_1_736' title='bbox 342 5279 512 5336; x_wconf 80' lang='lat' dir='ltr'><strong>Tomooncuai</strong></span> <span class='ocrx_word' id='word_1_737' title='bbox 529 5277 634 5335; x_wconf 83' lang='lat' dir='ltr'><strong>ordioct</strong></span> <span class='ocrx_word' id='word_1_738' title='bbox 648 5276 775 5334; x_wconf 71' lang='lat' dir='ltr'><strong>Ecclesia</strong></span> <span class='ocrx_word' id='word_1_739' title='bbox 795 5277 944 5352; x_wconf 72' lang='lat' dir='ltr'><strong>presulem,</strong></span> <span class='ocrx_word' id='word_1_740' title='bbox 969 5293 1024 5352; x_wconf 93' lang='lat' dir='ltr'><strong>quo</strong></span> <span class='ocrx_word' id='word_1_741' title='bbox 1066 5273 1129 5330; x_wconf 79' lang='lat' dir='ltr'><strong>cde</strong></span> <span class='ocrx_word' id='word_1_742' title='bbox 1142 5285 1169 5326; x_wconf 88' lang='lat' dir='ltr'><strong>m</strong></span> <span class='ocrx_word' id='word_1_743' title='bbox 1195 5269 1270 5328; x_wconf 77' lang='lat' dir='ltr'><strong>Teate</strong></span> <span class='ocrx_word' id='word_1_744' title='bbox 1309 5277 1378 5341; x_wconf 87' lang='lat' dir='ltr'><strong>orto,</strong></span> <span class='ocrx_word' id='word_1_745' title='bbox 1399 5274 1432 5331; x_wconf 84' lang='lat' dir='ltr'><strong>de</strong></span> <span class='ocrx_word' id='word_1_746' title='bbox 1454 5275 1561 5333; x_wconf 78' lang='lat' dir='ltr'><strong>meloda</strong></span> <span class='ocrx_word' id='word_1_747' title='bbox 1578 5275 1694 5334; x_wconf 77' lang='lat' dir='ltr'><strong>ecclesie</strong></span> <span class='ocrx_word' id='word_1_748' title='bbox 1710 5274 1783 5332; x_wconf 73' lang='lat' dir='ltr'><strong>mbas</strong></span> <span class='ocrx_word' id='word_1_749' title='bbox 1807 5275 1894 5332; x_wconf 84' lang='lat' dir='ltr'><strong>drctcs</strong></span> 
     </span>
     <span class='ocr_line' id='line_1_59' title="bbox 200 5340 1893 5432; baseline 0.008 -28"><span class='ocrx_word' id='word_1_750' title='bbox 200 5359 234 5404; x_wconf 82' lang='lat' dir='ltr'><strong>cx</strong></span> <span class='ocrx_word' id='word_1_751' title='bbox 253 5353 366 5406; x_wconf 89' lang='lat' dir='ltr'><strong>auctore</strong></span> <span class='ocrx_word' id='word_1_752' title='bbox 386 5349 519 5408; x_wconf 89' lang='lat' dir='ltr'><strong>discimus</strong></span> <span class='ocrx_word' id='word_1_753' title='bbox 537 5349 698 5421; x_wconf 71' lang='lat' dir='ltr'><strong>Wicfredom</strong></span> <span class='ocrx_word' id='word_1_754' title='bbox 717 5349 900 5409; x_wconf 88' lang='lat' dir='ltr'><strong>ltorioensem</strong></span> <span class='ocrx_word' id='word_1_755' title='bbox 913 5351 1024 5424; x_wconf 91' lang='lat' dir='ltr'><strong>episco·</strong></span> <span class='ocrx_word' id='word_1_756' title='bbox 1067 5347 1172 5428; x_wconf 74' lang='lat' dir='ltr'><strong>soncior</strong></span> <span class='ocrx_word' id='word_1_757' title='bbox 1208 5340 1283 5427; x_wconf 73' lang='lat' dir='ltr'><strong>bbvep</strong></span> <span class='ocrx_word' id='word_1_758' title='bbox 1317 5349 1421 5415; x_wconf 73' lang='lat' dir='ltr'><strong>mame,</strong></span> <span class='ocrx_word' id='word_1_759' title='bbox 1459 5351 1485 5404; x_wconf 69' lang='lat'><strong>0²</strong></span> <span class='ocrx_word' id='word_1_760' title='bbox 1520 5348 1559 5404; x_wconf 53' lang='grc' dir='ltr'><strong>α’*</strong></span> <span class='ocrx_word' id='word_1_761' title='bbox 1594 5349 1753 5432; x_wconf 57' lang='lat' dir='ltr'><strong>litim,</strong></span> <span class='ocrx_word' id='word_1_762' title='bbox 1772 5344 1893 5404; x_wconf 57' lang='lat' dir='ltr'><strong>‘ivm</strong></span> 
     </span>
     <span class='ocr_line' id='line_1_60' title="bbox 199 5413 1894 5546; baseline 0.003 -72"><span class='ocrx_word' id='word_1_763' title='bbox 199 5431 264 5546; x_wconf 62' lang='lat' dir='ltr'><strong>pum</strong></span> <span class='ocrx_word' id='word_1_764' title='bbox 282 5419 388 5490; x_wconf 76' lang='lat' dir='ltr'><strong>synodo</strong></span> <span class='ocrx_word' id='word_1_765' title='bbox 403 5422 559 5480; x_wconf 80' lang='lat' dir='ltr'><strong>trevirensi</strong></span> <span class='ocrx_word' id='word_1_766' title='bbox 587 5419 746 5480; x_wconf 69' lang='lat' dir='ltr'><strong>tremuisse</strong></span> <span class='ocrx_word' id='word_1_767' title='bbox 769 5434 842 5480; x_wconf 90' lang='lat' dir='ltr'><strong>anno</strong></span> <span class='ocrx_word' id='word_1_768' title='bbox 860 5421 925 5479; x_wconf 81' lang='grc'>948.</span> <span class='ocrx_word' id='word_1_769' title='bbox 950 5426 1022 5496; x_wconf 80' lang='lat' dir='ltr'><strong>tege</strong></span> <span class='ocrx_word' id='word_1_770' title='bbox 1061 5413 1381 5492; x_wconf 67' lang='lat' dir='ltr'><strong>praedenecentorum</strong></span> <span class='ocrx_word' id='word_1_771' title='bbox 1406 5432 1529 5491; x_wconf 81' lang='lat' dir='ltr'><strong>perocao</strong></span> <span class='ocrx_word' id='word_1_772' title='bbox 1543 5425 1570 5476; x_wconf 81' lang='lat' dir='ltr'><strong>m</strong></span> <span class='ocrx_word' id='word_1_773' title='bbox 1582 5425 1695 5477; x_wconf 69' lang='lat' dir='ltr'><strong>merim</strong></span> <span class='ocrx_word' id='word_1_774' title='bbox 1711 5417 1800 5475; x_wconf 79' lang='lat' dir='ltr'><strong>hiram</strong></span> <span class='ocrx_word' id='word_1_775' title='bbox 1816 5417 1894 5476; x_wconf 73' lang='lat' dir='ltr'><strong>dela</strong></span> 
     </span>
     <span class='ocr_line' id='line_1_61' title="bbox 212 5485 1891 5576; baseline 0 -30"><span class='ocrx_word' id='word_1_776' title='bbox 212 5488 319 5560; x_wconf 89' lang='lat' dir='ltr'><strong>perium</strong></span> <span class='ocrx_word' id='word_1_777' title='bbox 334 5505 366 5548; x_wconf 91' lang='lat' dir='ltr'><strong>ea</strong></span> <span class='ocrx_word' id='word_1_778' title='bbox 385 5491 456 5576; x_wconf 71' lang='lat'><strong>:²³2</strong></span> <span class='ocrx_word' id='word_1_779' title='bbox 472 5499 550 5566; x_wconf 89' lang='lat' dir='ltr'><strong>parte</strong></span> <span class='ocrx_word' id='word_1_780' title='bbox 569 5508 600 5552; x_wconf 92' lang='lat' dir='ltr'><strong>n.</strong></span> <span class='ocrx_word' id='word_1_781' title='bbox 1063 5489 1167 5548; x_wconf 84' lang='lat' dir='ltr'><strong>tionem</strong></span> <span class='ocrx_word' id='word_1_782' title='bbox 1180 5497 1254 5543; x_wconf 85' lang='lat' dir='ltr'><strong>anno</strong></span> <span class='ocrx_word' id='word_1_783' title='bbox 1272 5485 1340 5544; x_wconf 79' lang='lat' dir='ltr'><strong>loen</strong></span> <span class='ocrx_word' id='word_1_784' title='bbox 1354 5487 1454 5547; x_wconf 87' lang='lat' dir='ltr'><strong>tactam</strong></span> <span class='ocrx_word' id='word_1_785' title='bbox 1478 5491 1507 5548; x_wconf 93' lang='lat' dir='ltr'><strong>in</strong></span> <span class='ocrx_word' id='word_1_786' title='bbox 1526 5491 1617 5549; x_wconf 87' lang='lat' dir='ltr'><strong>viltam</strong></span> <span class='ocrx_word' id='word_1_787' title='bbox 1637 5488 1802 5548; x_wconf 64' lang='lat' dir='ltr'><strong>ostrawa</strong></span> <span class='ocrx_word' id='word_1_788' title='bbox 1826 5489 1891 5562; x_wconf 73' lang='lat' dir='ltr'><strong>leqe</strong></span> 
     </span>
    </p>
   </div>
   <div class='ocr_carea' id='block_1_7' title="bbox 235 5556 1557 5641">
    <p class='ocr_par' dir='ltr' id='par_1_9' title="bbox 235 5556 1557 5641">
     <span class='ocr_line' id='line_1_62' title="bbox 235 5556 1557 5641; baseline 0.014 -26"><span class='ocrx_word' id='word_1_789' title='bbox 235 5558 294 5634; x_wconf 80' lang='lat'>(48)</span> <span class='ocrx_word' id='word_1_790' title='bbox 311 5561 341 5617; x_wconf 92' lang='lat' dir='ltr'><strong>ln</strong></span> <span class='ocrx_word' id='word_1_791' title='bbox 430 5565 558 5623; x_wconf 78' lang='lat' dir='ltr'><strong>cortinam</strong></span> <span class='ocrx_word' id='word_1_792' title='bbox 580 5564 654 5624; x_wconf 78' lang='lat' dir='ltr'><strong>mire</strong></span> <span class='ocrx_word' id='word_1_793' title='bbox 676 5565 863 5638; x_wconf 74' lang='lat' dir='ltr'><strong>corruentem</strong></span> <span class='ocrx_word' id='word_1_794' title='bbox 886 5569 1023 5641; x_wconf 80' lang='lat' dir='ltr'><strong>operisque</strong></span> <span class='ocrx_word' id='word_1_795' title='bbox 1062 5558 1136 5634; x_wconf 70' lang='lat' dir='ltr'><strong>iilud</strong></span> <span class='ocrx_word' id='word_1_796' title='bbox 1151 5556 1277 5616; x_wconf 60' lang='lat' dir='ltr'><strong>eumdem</strong></span> <span class='ocrx_word' id='word_1_797' title='bbox 1292 5572 1354 5631; x_wconf 63' lang='lat' dir='ltr'><strong>‘dll-</strong></span> <span class='ocrx_word' id='word_1_798' title='bbox 1369 5559 1416 5630; x_wconf 72' lang='lat'><strong>³92</strong></span> <span class='ocrx_word' id='word_1_799' title='bbox 1432 5567 1510 5634; x_wconf 62' lang='lat' dir='ltr'><strong>lille</strong></span> <span class='ocrx_word' id='word_1_800' title='bbox 1524 5575 1557 5620; x_wconf 86' lang='lat'><strong>1¹·</strong></span> 
     </span>
    </p>
   </div>
   <div class='ocr_carea' id='block_1_8' title="bbox 0 0 2058 6178">
    <p class='ocr_par' dir='ltr' id='par_1_10' title="bbox 0 0 2058 6178">
     <span class='ocr_line' id='line_1_63' title="bbox 0 0 2058 6178; baseline 0 4"><span class='ocrx_word' id='word_1_801' title='bbox 0 0 2058 6178; x_wconf 95' lang='lat' dir='ltr'><strong> </strong></span> 
     </span>
    </p>
   </div>
  </div>
 </body>
</html>
