4024 6174
208 323 261 380 387
700 311 889 374 buhthotnl
907 309 1114 368 cassellen!
1134 313 1412 375 constantiensis
1827 325 1873 380 388

210 461 347 522 quaquam
363 452 481 520 poterat,
515 450 615 503 extunc
637 441 765 499 ordinare
785 438 912 506 clericos,
933 435 1143 508 eccle-Apace
1166 439 1293 512 dixerim,
1322 439 1451 501 hereticae
1477 449 1505 501 et
1518 443 1729 518 incorrigibiles
1760 463 1873 519 pomona

209 540 265 596 sias
278 549 453 602 consecrare,
468 541 497 593 et
511 539 611 592 oaetera
626 529 792 604 episcopalia
804 529 867 599 jura
882 523 1032 598 perduellis
1072 527 1342 588 antichristianorum
1362 532 1565 604 episcoporum,
1587 545 1638 590 nee
1657 548 1710 592 non
1729 540 1873 608 supparium

208 631 237 686 et
270 635 367 684 contra
399 624 440 682 ias
477 623 602 696 pertinax
641 619 816 690 lieqnentare
858 627 1031 686 nequaqnam
1073 615 1181 674 illorum
1210 619 1384 686 clericorum,
1411 621 1617 689 canonicorum,
1646 626 1873 694 monasterialium,

207 717 360 788 quieverat.
398 713 550 785 Apostolici
582 721 648 767 vero
680 707 774 780 iegati,
804 714 955 764 convocato
973 703 1031 761 iilic
1072 706 1233 764 villanorum
1257 711 1441 777 sacerdotnm,
1469 715 1496 766 et
1514 711 1670 782 huiusmodi
1686 713 1784 770 eborus
1800 729 1875 786 syna-

207 803 323 864 tratrem
342 803 471 876 collegio,
492 799 641 872 capitulum
661 811 712 870 pro
727 796 789 868 iuga
808 802 836 853 et
859 794 1031 852 inoboedien·
1072 809 1213 867 gogarnm,
1241 798 1424 870 dogmatizare
1451 805 1480 856 et
1506 799 1628 872 undique
1655 801 1833 874 disseminare,
1852 811 1875 860 et

208 895 245 950 tia
274 877 397 965 episcopi
430 891 552 958 illorum,
586 901 636 946 uec
665 900 720 945 non
746 901 796 959 pro
815 885 926 942 caeteris
943 885 1031 954 ipsius
1073 884 1224 942 mendaciis
1243 886 1375 943 inauditis
1398 889 1523 944 attestari
1544 903 1599 945 non
1614 889 1779 960 quiescebat.
1796 893 1875 948 inrba

206 983 418 1051 temeritatibus,
438 979 619 1053 neglegentiis
638 984 666 1034 et
690 973 952 1048 presumptionibus
969 985 1031 1029 eum
1071 979 1162 1030 antem
1179 974 1349 1045 plebeiorum
1381 977 1415 1033 ab
1439 977 1596 1048 hujusmodi
1615 980 1741 1050 personis
1762 979 1875 1048 seducta,

207 1065 390 1131 eis'ieccrunt
410 1069 494 1142 (134).
521 1067 560 1126 lbi
588 1067 661 1126 datis
679 1065 802 1123 indncils
819 1065 979 1138 episcopum
995 1063 1030 1119 ad
1071 1061 1157 1118 nicbli
1183 1063 1258 1120 aliud
1277 1065 1405 1132 credidit,
1426 1065 1465 1122 nil
1492 1065 1566 1123 alind
1595 1067 1652 1140 egit
1669 1083 1718 1125 seu
1732 1068 1816 1136 scivit,
1832 1069 1877 1126 nisi

205 1175 236 1219 se
255 1167 430 1226 vocaverunt,
451 1166 479 1215 et
497 1171 532 1214 nc
551 1159 614 1229 quis
642 1155 763 1213 oliicinm
785 1155 858 1211 illius
881 1154 1029 1224 reciperet,
1071 1150 1145 1222 qnod
1192 1151 1301 1210 illorum
1348 1155 1521 1212 sermociniis
1556 1159 1584 1212 et
1620 1155 1879 1227 pseudotestimoniis

206 1265 240 1307 ex
258 1249 410 1322 apostoliea
439 1247 604 1306 auctoritaie
636 1245 791 1302 firmissime
824 1247 1028 1316 preceperunt.
1071 1253 1182 1314 semper
1198 1242 1311 1301 audivit.
1333 1243 1410 1301 Unde
1438 1245 1543 1316 liquido
1575 1259 1631 1303 non
1651 1247 1760 1303 minima
1778 1248 1879 1304 scisma·

205 1339 393 1412 symoniacam
422 1337 540 1395 heresim
567 1345 595 1394 ct
613 1335 780 1392 Nicolaicnm
801 1331 831 1365 '⁹'
857 1331 946 1406 (135),
966 1345 1029 1402 qna
1071 1335 1128 1386 tum
1161 1330 1347 1390 diversiclinia
1377 1344 1427 1404 per
1458 1340 1546 1391 totnnt
1567 1349 1680 1408 regnum
1701 1341 1793 1393 exorta
1810 1343 1876 1394 sunt.

205 1429 233 1486 in
249 1427 485 1500 episcopatuilio,
510 1428 556 1484 cui
574 1425 653 1482 vaide
676 1424 800 1481 inlinitns
823 1424 919 1479 subest
942 1435 1031 1493 popn·
1070 1419 1149 1475 Nulla
1186 1422 1421 1493 propinquitatum
1467 1431 1574 1494 natura,
1619 1439 1673 1482 non
1711 1425 1878 1482 amicitiarum

205 1517 258 1586 lus,
275 1518 347 1574 ultra
365 1517 476 1574 modum
502 1521 608 1588 regnat,
637 1515 715 1585 juxta
734 1512 898 1569 sententiam
927 1511 954 1567 in
969 1513 1028 1567 lio-
1070 1509 1180 1578 lidncla,
1201 1524 1256 1568 non
1275 1511 1377 1570 debita
1400 1513 1581 1584 subjectionis
1599 1514 1777 1582 oboedientia,
1796 1514 1879 1571 nulius

204 1621 284 1664 mana
302 1606 408 1678 synodo
433 1606 523 1662 datam
551 1603 664 1661 omnino
691 1603 895 1660 damnaverant.
917 1601 950 1656 Et
968 1613 1030 1671 spe·
1070 1597 1155 1654 divlnl
1183 1599 1290 1657 timoris
1326 1603 1382 1658 sive
1419 1604 1521 1660 amoris
1556 1609 1710 1676 respectus,
1744 1618 1797 1661 non
1823 1602 1879 1660 idel

204 1695 274 1752 elale
291 1700 458 1767 preceptum
488 1708 545 1764 prae
565 1693 674 1750 caeteris
698 1692 735 1748 ibi
764 1689 974 1761 replicaverant,
994 1702 1028 1745 ne
1071 1693 1190 1758 pactum,
1211 1701 1266 1746 non
1296 1689 1411 1760 institiae
1444 1691 1577 1760 debitum,
1616 1691 1720 1750 nullius
1739 1692 1825 1762 bonor
1841 1691 1878 1748 vel

205 1785 268 1854 quis
286 1784 453 1841 christianus
471 1783 635 1840 clericorum
655 1781 691 1839 ob
707 1779 933 1838 incontinentiam
946 1773 1222 1835 dam-Brererentia
1250 1791 1386 1850 personae,
1417 1793 1469 1838 nec
1498 1780 1555 1838 iere
1583 1781 1719 1854 quicquid
1744 1781 1784 1839 las
1801 1787 1827 1838 et
1841 1783 1881 1852 jus

205 1879 330 1929 natorum
360 1871 450 1929 oidcia
469 1873 581 1928 munitm
611 1871 756 1940 reciperet.
772 1867 812 1925 lbi
832 1881 942 1940 quoqne
963 1870 1028 1923 llum
1069 1863 1190 1922 divinum
1209 1881 1319 1938 semper
1345 1868 1373 1924 ln
1392 1869 1450 1925 sois
1468 1871 1579 1927 statutis
1597 1872 1747 1938 continuit,
1766 1885 1813 1927 sua
1828 1871 1880 1944 lege

205 1962 385 2034 quorumdam
413 1961 588 2018 sacerdotum
604 1960 710 2032 judicia
742 1964 770 2016 et
793 1965 898 2029 septem
922 1955 1029 2013 conica·
1069 1961 1096 2011 ct
1115 1952 1435 2027 ordinodispensatoriae
1455 1958 1551 2015 saltem
1571 1960 1782 2017 consuetudinis
1797 1960 1882 2016 obser

206 2058 277 2108 trum
296 2061 407 2109 suornm
427 2061 511 2122 snper
524 2050 584 2107 bac
596 2047 782 2106 testimoninm
795 2060 846 2118 pro
861 2047 1029 2117 recipiendis
1067 2046 1158 2102 vantia
1177 2043 1219 2102 vel
1238 2046 1414 2118 imaginatum
1434 2047 1616 2117 constiterat;
1636 2056 1712 2107 seta
1730 2049 1837 2106 minimo
1850 2049 1880 2104 ad

205 2141 340 2198 aecclesiis
358 2141 425 2207 suis,
442 2145 510 2211 quas
524 2139 684 2210 symoniace
699 2137 850 2208 acquisisse
870 2136 1028 2193 testimonio
1069 2147 1156 2204 nsque
1189 2136 1333 2192 maximnm
1366 2136 1458 2193 enneli
1495 2137 1616 2194 avaritiae
1653 2137 1841 2196 sollertissime
1858 2144 1882 2193 ct

205 2229 352 2286 multorum
372 2226 504 2285 laieorum
529 2227 734 2284 evidentissimo
753 2225 973 2290 convinceretur,
994 2225 1028 2280 ab
1068 2221 1268 2292 indifferenter,
1296 2237 1352 2281 non
1371 2224 1462 2280 divina
1490 2240 1542 2281 nec
1565 2227 1686 2283 bumana
1710 2226 1880 2292 attendentes,

204 2320 336 2389 episcopo
364 2317 413 2374 iilo
442 2317 529 2388 recipi
561 2317 651 2373 solere
670 2315 880 2385 comperissent,
896 2313 1029 2370 canonica
1069 2310 1240 2369 studuerant.
1260 2313 1410 2384 Disciplina
1432 2326 1577 2386 nusquam,
1600 2316 1694 2386 pndor
1717 2329 1809 2372 revera
1824 2328 1881 2384 pre·

204 2407 311 2465 ratione
343 2408 403 2465 baec
428 2406 533 2478 judicia
561 2411 589 2462 et
614 2406 771 2462 testimonia
804 2417 917 2475 prorsus
940 2403 1027 2474 recipi
1068 2399 1166 2470 tiosos,
1196 2402 1297 2458 veritas
1333 2402 1471 2460 rarissima
1508 2411 1577 2473 erat,
1605 2405 1812 2462 irrendaeiorum
1830 2419 1881 2474 my·

204 2509 259 2554 non
284 2497 368 2553 licere
396 2495 628 2567 inrefragabiliter
647 2493 873 2565 comprobabant.
890 2493 917 2549 Sl
936 2499 1026 2548 autem
1068 2489 1160 2547 rlades
1177 2491 1344 2564 ubicumque
1363 2493 1524 2566 regnabant.
1544 2495 1589 2551 Sic
1611 2493 1752 2553 imudinm
1778 2493 1883 2550 lomani-

204 2586 326 2656 exceptis
344 2585 489 2641 heresibus
517 2598 567 2654 pro
586 2584 701 2639 crimine
721 2582 846 2654 quolibet
864 2591 1028 2637 accusarcn-
1068 2585 1119 2647 las,
1153 2582 1343 2640 scandalorum
1387 2583 1530 2654 asperitas,
1569 2598 1621 2641 nee
1671 2598 1727 2642 non
1761 2587 1881 2640 maiorum

204 2678 258 2742 tnr,
279 2673 436 2745 hujusmodi
461 2672 566 2744 judicia
585 2679 612 2728 et
632 2671 789 2728 testimonia
817 2683 872 2727 non
897 2669 1027 2740 reproba·
1067 2667 1228 2726 omnilarius
1242 2671 1363 2728 emnium
1381 2685 1520 2740 numerus,
1536 2685 1597 2730 sese
1611 2671 1686 2730 nitra
1701 2672 1808 2730 modum
1827 2683 1882 2742 pre

203 2762 280 2819 bant.
319 2763 372 2819 Pro
416 2762 561 2819 heresibus
598 2775 662 2819 vero
695 2761 718 2818 sl
756 2761 818 2832 qnis
850 2767 1027 2816 accusaretur
1066 2756 1160 2828 palare
1179 2771 1350 2829 nequaquam
1369 2772 1521 2816 cessavere.

202 2851 377 2920 elericorum,
410 2866 495 2923 snper
526 2851 599 2909 hune
649 2851 770 2908 omniunt
813 2849 1024 2906 christianornm
1101 2847 1160 2902 Rex
1175 2861 1240 2904 vero
1256 2848 1401 2905 heinricus
1420 2849 1521 2920 pascha
1542 2849 1571 2905 in
1594 2851 1768 2921 Aquileiensi
1787 2848 1881 2919 episco-

202 2941 365 2998 catholicam
395 2939 476 2997 iidem
495 2939 664 3008 habentium,
690 2939 864 3002 clericorum,
881 2937 1023 3004 laicorum,
1065 2943 1130 3004 patu
1175 2943 1369 3004 commoratus,
1411 2944 1556 3009 postquam
1602 2939 1659 2996 sibi
1698 2935 1883 3014 longobardos

202 3029 323 3086 virorum
351 3043 383 3086 ao
420 3029 563 3085 mulierum
592 3029 778 3084 testimonium
808 3027 894 3097 recipi
922 3013 1024 3083 debere
1066 3023 1193 3082 omnibns
1216 3026 1306 3082 modis
1329 3025 1452 3095 allectos,
1479 3033 1507 3085 et
1531 3029 1558 3084 ln
1582 3029 1696 3087 solitam
1715 3025 1883 3101 subjectionis
1991 3031 1992 3052 ³

204 3117 405 3174 rationabiliter
418 3116 599 3173 affirmabant.
627 3115 745 3172 Proinde
770 3117 833 3183 hoe,
850 3095 1227 3185 quodcuno-Gfldelitatem
1256 3115 1287 3148 ¹⁰⁰
1314 3116 1465 3186 adiuratos,
1496 3132 1553 3174 sure
1581 3118 1721 3177 voluntati
1750 3123 1884 3176 consenta-

204 3207 266 3264 nica
284 3205 484 3278 scripturarum
515 3205 679 3262 anctoritate
721 3203 841 3261 dandum
878 3206 1025 3261 contestati
1067 3216 1136 3262 neos
1164 3205 1324 3262 auxiliarios
1347 3211 1375 3262 et
1395 3220 1507 3277 prorsus
1534 3207 1696 3282 individuos
1724 3209 1791 3265 satis
1808 3203 1882 3262 artil-

203 3303 278 3364 sunt,
302 3303 353 3367 pro
382 3294 539 3366 hujusmodi
567 3295 657 3352 causis
684 3295 797 3350 omnino
825 3293 1025 3350 observandum
1066 3294 1142 3350 ciose
1165 3294 1345 3364 conduxerat,
1382 3301 1410 3352 et
1438 3295 1522 3352 dlinm
1547 3311 1625 3353 snum
1657 3297 1830 3370 symonianis
1855 3293 1880 3326 '⁸¹

201 3384 354 3456 apostolica
367 3385 510 3441 sanctione
525 3385 553 3441 el
567 3384 713 3441 coercione
733 3388 935 3455 praeceperunt.
1065 3383 1272 3455 antiepiscopis,
1298 3383 1505 3453 Mediolanensi,
1538 3385 1714 3456 Placentino,
1734 3394 1763 3445 et
1785 3385 1883 3442 ceteris

237 3475 296 3532 lieu
310 3474 431 3546 denique
459 3474 524 3531 inde
551 3461 686 3545 Tu'regum
710 3471 883 3544 perveniens,
900 3473 957 3529 illle
975 3472 1026 3530 aii·
1066 3484 1116 3544 per
1133 3473 1236 3530 ltaliam
1253 3474 1496 3531 excommnnicatis
1526 3477 1735 3546 procurandum
1754 3481 1883 3533 commen·

201 3566 365 3636 quantisper
383 3565 551 3622 morabatur.
577 3565 614 3620 Ea
638 3569 800 3635 tempestate
831 3564 946 3620 maxima
961 3575 1024 3634 pars
1066 3561 1187 3632 deterat,
1216 3562 1275 3632 ipse
1300 3576 1386 3620 uxore
1410 3569 1529 3620 assumta
1553 3569 1590 3633 et,
1615 3580 1702 3636 quam
1717 3581 1751 3623 eo
1767 3565 1881 3622 locorum

200 3651 431 3712 incontinentium
456 3653 620 3711 clericorum
644 3659 672 3710 et
695 3653 931 3725 symoniacorum,
956 3666 1023 3710 con·
1065 3651 1302 3723 qualitercumque
1321 3659 1486 3721 corraserat,
1508 3665 1562 3710 non
1578 3668 1664 3724 parva
1680 3655 1824 3727 peccunia,
1839 3665 1883 3724 per

198 3745 302 3814 tempta
333 3743 488 3815 apostolica
520 3743 667 3814 sententia,
697 3743 876 3813 pertinaciter
904 3743 960 3814 lam
980 3758 1023 3800 re·
1062 3741 1233 3798 Caranmniae
1270 3742 1402 3813 abruptas
1440 3743 1580 3814 angustias
1631 3745 1789 3818 Baioariam
1826 3755 1881 3798 curo

197 3845 277 3888 versa
293 3831 384 3888 estad
408 3832 540 3889 vomitum
568 3845 658 3898 snum,
679 3831 797 3888 animata
812 3831 1021 3902 regisiieinrici
1064 3829 1159 3901 paucis
1187 3829 1358 3887 clandestina
1398 3837 1426 3888 et
1469 3831 1610 3902 inopinata
1637 3835 1817 3905 surreptione
1842 3830 1883 3886 vis

199 3931 309 3976 necnon
341 3919 593 3990 antiepiscoporum
630 3918 704 3976 iliius
740 3933 789 3991 spe
826 3920 963 3991 adiutoria
994 3926 1022 3976 et
1063 3916 1219 3976 intrauerat.
1250 3919 1312 3976 ilex
1330 3919 1488 3991 liatisponae
1517 3935 1577 3977 cum
1607 3921 1882 3994 Pagoariorumiloe·

200 4004 372 4064 delensione.
397 4007 431 4064 Et
453 4007 518 4078 qnia
541 4007 643 4079 corrigi
666 4021 716 4077 per
739 4007 905 4065 Roudollum
929 4021 1022 4082 regem
1063 4010 1180 4066 mierum
1195 4023 1316 4080 quoqne,
1333 4022 1384 4066 nee
1408 4022 1463 4066 non
1483 4011 1702 4069 carantanorum
1719 4008 1882 4084 principibus

201 4107 258 4152 non
287 4107 381 4166 parurn
402 4094 595 4164 lormidabant,
624 4095 713 4168 ipsum
728 4095 893 4162 damnando,
909 4097 1022 4154 anathe-
1063 4105 1100 4166 et,
1117 4111 1198 4168 quem
1217 4112 1310 4154 secum
1339 4099 1403 4155 inde
1430 4099 1485 4156 buc
1514 4099 1678 4170 adduxerat,
1703 4114 1760 4159 non
1775 4099 1881 4157 muitum

200 4181 364 4253 malitando,
377 4189 405 4239 et
414 4183 504 4240 modis
519 4183 647 4240 omnibns
662 4184 834 4252 detestando,
851 4184 1020 4242 omnifariam
1062 4187 1120 4243 viro
1135 4185 1274 4258 probabili
1301 4187 1456 4259 patriarcba
1478 4187 1659 4260 Aquileiensi,
1686 4191 1783 4248 habito
1802 4187 1882 4246 collo·

200 4273 226 4330 el
239 4271 378 4330 adversari
393 4280 421 4331 et
435 4273 595 4330 calumniari
617 4286 673 4331 non
688 4275 842 4332 cessabant.
862 4273 1021 4333 lieinrienm
1055 4265 1128 4346 'quio
1155 4275 1189 4332 de
1207 4275 1251 4332 bis
1279 4277 1406 4333 omnibus
1428 4291 1491 4348 qnae
1510 4276 1682 4350 acciderant,
1714 4281 1835 4362 ipsispt
1859 4283 1882 4332 et

199 4368 301 4431 autem,
331 4376 412 4435 quem
431 4363 466 4419 ab
494 4362 561 4420 olim
586 4365 642 4434 jam
671 4363 756 4420 lcrme
781 4371 868 4421 totum
893 4378 1019 4435 regnum,
1062 4378 1152 4436 nuper
1179 4365 1367 4438 longobardis
1390 4378 1444 4423 non
1473 4366 1599 4424 minimas
1624 4383 1685 4427 suae
1705 4365 1883 4440 depositionis

199 4453 296 4524 utpote
317 4451 428 4526 ingrtiis
442 4457 471 4510 et
493 4451 661 4510 iecinoribus
675 4451 868 4526 vulgatissimis
882 4421 1296 4526 inlamem,unerimoniarnm
1329 4455 1561 4528 proclamationes
1586 4456 1755 4518 lacrimosus
1788 4470 1883 4530 propo

199 4540 234 4597 ab
253 4540 379 4598 ecclesia
392 4540 475 4614 longe
503 4540 702 4614 profanandum
726 4541 896 4600 calumniose
912 4544 1023 4614 procnl-
1062 4543 1128 4614 suit,
1143 4549 1171 4602 et
1184 4551 1214 4602 ut
1226 4559 1256 4602 se
1284 4559 1337 4617 ope
1355 4544 1464 4602 iliorum
1484 4547 1606 4604 astitrice
1629 4546 1665 4605 de
1682 4549 1728 4605 bis
1746 4547 1781 4605 ad
1796 4551 1883 4604 votnm

198 4632 318 4699 caverat,
348 4629 476 4687 laudibus
501 4642 576 4687 nnnc
608 4644 624 4688 e
661 4631 800 4688 contrario
827 4631 1022 4690 inmanissimis
1062 4647 1142 4690 snum
1173 4634 1260 4691 ultum
1288 4633 1322 4690 iri
1351 4639 1454 4706 posset,
1482 4649 1553 4707 quos
1579 4636 1638 4708 ipse
1667 4651 1704 4695 ex
1724 4635 1883 4710 quibusdan

198 4730 283 4790 super
296 4719 384 4777 coelos
398 4720 546 4777 exaltatum
561 4724 589 4777 et
611 4719 690 4792 quasi
717 4720 896 4792 iniustissime
912 4721 1022 4779 damna·
1063 4723 1231 4794 pauperibus
1247 4723 1275 4779 in
1290 4728 1344 4779 tant
1376 4735 1489 4796 magnos
1517 4724 1645 4783 dominos
1659 4725 1827 4784 sublimatus
1843 4736 1883 4779 er·

198 4808 257 4864 lunt
283 4809 351 4866 satis
393 4809 561 4881 ejulabiliter
601 4809 827 4880 proclamaverat.
866 4811 913 4867 set
949 4811 1022 4868 istud
1063 4813 1173 4882 tulerat,
1194 4813 1374 4885 dignitatibus
1401 4821 1429 4870 et
1456 4813 1599 4874 beneflciis
1621 4815 1750 4888 ipsorum
1766 4829 1815 4874 eos
1828 4827 1843 4870 a
1856 4825 1884 4868 se

198 4909 372 4970 summopere
395 4898 478 4972 buius
502 4898 686 4957 adulatorium
709 4898 923 4967 laudamentum,
947 4899 1023 4958 iilius
1061 4907 1202 4976 gratanter
1216 4908 1244 4961 et
1257 4903 1451 4973 munerandos,
1485 4903 1699 4978 dignidoandos,
1735 4913 1766 4964 nt
1790 4901 1884 4960 fidelis

199 4993 289 5046 autem
304 4987 406 5047 hostile
419 4989 594 5060 vituperium,
618 4988 694 5062 qnod
717 4993 808 5046 umen
822 4987 896 5048 salva
911 4988 1020 5049 illorum
1062 4991 1139 5050 simis
1152 4991 1211 5050 suis
1235 4992 1407 5066 promiserat.
1438 4993 1479 5050 td
1505 4993 1565 5052 bae
1589 4994 1746 5068 magnificis
1765 4989 1884 5052 muneri·

874 5117 986 5174 vhlttAE
1013 5119 1206 5177 LEGTlONES.

236 5239 266 5276 ¹⁹⁸
280 5239 456 5303 meoieleae.
494 5240 526 5276 ¹”
540 5240 672 5304 iidelitate
686 5241 714 5300 2.
751 5241 782 5276 ¹⁸¹
797 5241 966 5315 symonianis
979 5248 1004 5301 et
1017 5243 1090 5315 infre
1100 5257 1165 5316 pag.
1180 5241 1243 5300 302.
1259 5239 1373 5314 leptim
1386 5243 1553 5316 mmmmm
1571 5245 1613 5303 ed.

990 5367 1098 5426 NOTAE.

251 5493 307 5566 lsi)
332 5493 373 5551 Cl.
404 5495 532 5554 bernoldi
563 5507 660 5566 opnsc.
693 5509 721 5564 x,
746 5493 773 5552 t.
793 5508 822 5568 p.
837 5491 901 5561 ete,
923 5491 970 5550 ubi
985 5492 1019 5550 de
1061 5492 1179 5560 videtur,
1196 5493 1398 5552 constantiensi
1417 5495 1601 5565 canonicor.
1616 5495 1662 5552 lii.
1680 5495 1745 5553 lise.
1766 5491 1808 5552 Cl.
1823 5493 1884 5550 Gre

198 5567 232 5624 0t
244 5577 297 5622 one
311 5563 405 5622 Consi.
421 5567 506 5637 episc.
523 5563 621 5624 eodem
635 5565 693 5623 lere
708 5566 806 5624 ordine
820 5565 920 5638 agitur.
1060 5566 1130 5636 gorii
1146 5580 1210 5637 epp.
1234 5566 1268 5622 ad
1287 5568 1412 5624 ottonem
1431 5568 1517 5639 episc.
1544 5575 1572 5625 et
1590 5567 1624 5625 ad
1642 5567 1880 5624 constantienses.

236 5636 308 5711 (135)
323 5635 360 5694 cl.
376 5637 504 5696 Berrtoldi
528 5638 735 5695 altercationem
759 5649 821 5696 eum
843 5637 971 5703 alboino,
989 5639 1020 5691 nt
1060 5635 1145 5693 blansi
1164 5637 1220 5703 lili,
1237 5653 1264 5708 p.
1280 5637 1343 5706 ead,
1363 5637 1427 5694 eat.
