4024 6174
255 264 310 324 ⁵55
786 253 954 315 nnunouts
972 252 1106 314 conniti
1126 251 1424 314 nannenuuonusts
1891 253 1937 314 556

289 391 335 451 95.
354 392 463 450 Interea
485 381 631 444 lleinrlcus
650 396 741 453 exrex,
764 384 886 441 exercitu
906 396 957 440 nec
976 381 1218 456 magnobrobore
1247 381 1356 438 uirtutis
1381 381 1494 439 invenlt.
1523 381 1593 451 Quid
1623 381 1651 438 iu
1676 380 1816 440 narrando
1840 397 1935 444 rnorau

254 500 307 544 nec
321 481 387 542 lorti
410 483 577 551 congregato
600 505 635 519 -
660 489 721 531 uam
741 474 856 531 matrinia
884 489 948 546 pars
967 476 1027 546 ejus
1046 488 1079 531 ex
1121 468 1286 543 saciacum
1316 472 1357 528 illi
1385 471 1486 530 uullanr
1510 469 1640 530 fecissent
1667 471 1695 528 in
1720 473 1850 544 agendo?
1868 475 1937 532 Pre-

254 572 456 633 mercatoribus
480 575 538 625 erat
560 597 593 609 -
617 565 723 622 obviarn
753 565 855 622 nostris
885 565 925 620 ire
955 563 1076 635 paravit;
1121 561 1187 618 lium
1218 563 1350 633 incipitur
1371 561 1481 619 fortiter
1500 563 1577 635 (dap.
1596 563 1634 631 7),
1664 563 1746 620 immo
1774 564 1936 636 crudeliter;

255 667 389 738 pigroque
404 657 584 732 progrediens
600 657 719 722 incessu,
740 655 877 712 Bawarios
895 661 922 711 et
942 655 1077 721 boemios,
1120 666 1153 707 ex
1167 658 1284 722 utraque
1300 661 1377 723 parte
1394 660 1540 724 pugnatur,
1562 659 1589 708 et
1603 653 1668 709 binc
1687 659 1716 710 et
1738 653 1803 710 iude
1827 654 1879 711 fuit
1902 656 1937 712 di·

254 769 325 827 quos
339 753 391 810 sibi
407 751 435 808 ln
450 747 578 805 auxilium
596 746 689 801 venire
704 746 843 815 sperabat,
868 743 967 800 frustra
992 759 1079 814 expe·
1119 756 1215 798 uersus
1243 749 1357 799 euentus
1387 757 1504 814 pugnae3
1534 742 1643 814 fugiunt
1670 743 1726 811 isti,
1746 741 1856 814 fugiunt
1883 745 1936 813 illi;

254 844 347 902 ctarit.
362 844 421 910 Quo
442 853 489 894 rer
508 834 643 892 llodullus
671 835 776 902 audito,
797 835 878 891 laetus
905 834 1077 891 obsidionem
1119 832 1208 887 nostri
1223 833 1370 902 capiuntur
1389 833 1438 888 sed
1463 833 1627 903 eripiuntur,
1652 833 1746 890 hostes
1769 834 1936 890 interficiun-

252 933 366 1000 dimisit,
387 929 515 998 bostique
535 939 608 982 saevo
632 925 733 980 saevior
756 937 904 982 occurrere
928 924 1076 982 festinarit.
1120 928 1174 977 tur.
1204 922 1242 976 Ex
1271 923 1373 978 nostris
1401 922 1494 992 itaque
1519 921 1599 992 primi
1626 921 1752 978 fecerunt
1775 921 1876 994 fugam,
1897 925 1938 994 qui

251 1025 291 1081 nd
306 1021 416 1079 fluuium
432 1020 525 1088 iraque
540 1017 587 1086 qui
603 1013 833 1071 vocaturlieclrar
848 1015 1078 1070 exercitusambo
1120 1025 1266 1081 numquam
1286 1013 1379 1068 venire
1407 1012 1569 1068 debuissent
1596 1011 1630 1068 ad
1659 1025 1788 1084 pugnam,
1817 1014 1937 1083 episcopi

251 1115 449 1175 convenerunt,
471 1113 498 1162 et
512 1107 540 1161 in
561 1105 670 1162 diuersa
691 1104 749 1174 ripa
769 1103 860 1160 animo
880 1104 1020 1174 pugnandi
1036 1104 1078 1160 di·
1119 1100 1226 1156 scilicet
1238 1101 1320 1156 unius
1334 1102 1463 1169 nominis,
1476 1101 1535 1169 sed,
1550 1109 1580 1157 ut
1590 1101 1627 1156 ita
1638 1100 1738 1166 dicam,
1749 1114 1805 1156 non
1815 1103 1898 1158 unius
1912 1101 1938 1132 “⁸

252 1214 333 1258 serso
362 1202 452 1256 castra
482 1199 645 1265 posuerunt.
670 1195 737 1249 liam
762 1194 849 1250 nostri
870 1193 1006 1249 dederunt
1024 1193 1079 1248 illis
1119 1190 1238 1257 ominis;
1273 1195 1389 1260 uterque
1429 1191 1501 1246 enirn
1531 1189 1712 1246 werinherus
1738 1195 1861 1246 vocatur.
1891 1193 1937 1248 Sed

251 1290 404 1361 optionem,
424 1291 455 1342 ut
469 1285 511 1342 vel
527 1284 580 1354 ipsi
598 1283 706 1354 longius
720 1297 736 1337 a
751 1283 832 1339 litore
848 1283 1011 1338 recedentes
1025 1283 1077 1338 sibi
1120 1279 1378 1350 llagedaburgeusis
1391 1280 1425 1336 ab
1441 1280 1540 1336 incolis
1554 1280 1628 1336 illius
1642 1279 1738 1350 patriae
1760 1279 1937 1350 interceptus,

251 1377 407 1434 facultatem
434 1372 596 1430 transeundi
620 1371 818 1439 concederent,
839 1371 881 1427 rel
904 1373 957 1442 ipsi
976 1378 1078 1427 nostrae
1119 1370 1312 1426 miserabiliter
1330 1370 1487 1440 occiditur;
1508 1371 1740 1442 llerseburgeusis
1758 1383 1823 1426 vero
1847 1370 1939 1442 despc

253 1469 321 1538 ripae
341 1465 431 1538 spatio
454 1463 545 1520 securi
569 1468 694 1531 accepto,
720 1475 781 1516 eum
801 1461 903 1518 nostris
932 1469 1079 1532 pugnaturi
1119 1458 1221 1526 liatus,
1246 1460 1272 1515 ln
1298 1462 1414 1530 patriam
1438 1460 1528 1516 nudus
1551 1460 1706 1516 revertitur.
1731 1458 1809 1528 Quod
1833 1458 1875 1514 illi
1902 1473 1938 1514 me

254 1557 413 1614 transirent.
430 1553 471 1609 llll
491 1565 577 1619 vero,
601 1551 725 1622 quaurris
747 1551 851 1620 multis,
872 1555 901 1606 ut
919 1549 1080 1607 utrumlibet
1120 1562 1176 1605 nou
1200 1548 1231 1580 “³
1254 1549 1287 1606 ad
1311 1550 1523 1618 contumeliam,
1548 1551 1674 1621 quisquis
1702 1550 1756 1606 boc
1784 1548 1861 1619 legit,
1895 1549 1936 1604 sed

253 1645 386 1712 lacerent,
402 1641 530 1700 convitiis
554 1646 647 1696 essent
671 1639 811 1711 exagitati,
838 1647 967 1696 neutrum
990 1638 1079 1695 lacere
1122 1639 1224 1695 dixisse
1244 1645 1323 1710 putet
1340 1639 1374 1695 ad
1398 1638 1533 1711 gluriam;
1558 1640 1623 1709 quia
1645 1640 1680 1695 ab
1704 1639 1792 1708 ipsius
1815 1653 1863 1694 ore
1889 1651 1936 1694 nou

247 1736 404 1792 uoluerunt.
420 1735 486 1789 uun
506 1736 596 1787 autem
620 1729 721 1786 multos
738 1730 776 1784 ibi
796 1729 856 1785 dies
879 1729 1028 1796 sedissent,
1045 1713 1201 1784 etBsemel
1225 1727 1327 1795 audiri,
1347 1728 1421 1797 quod
1445 1728 1532 1798 ipsam
1557 1727 1709 1784 nuditatem
1729 1739 1783 1783 nou
1808 1726 1936 1782 tolerasse

247 1825 304 1881 illis
317 1822 405 1880 nostri
421 1822 512 1878 locurn
527 1820 561 1876 ad
576 1834 606 1875 se
621 1819 749 1875 veniendi
768 1832 842 1888 saepe
867 1817 967 1874 frustra
982 1818 1073 1874 dedis
1113 1819 1200 1876 nollet
1234 1832 1284 1888 pro
1318 1817 1441 1888 pondere
1470 1817 1595 1887 quolibet
1618 1817 1677 1873 auri
1701 1815 1744 1873 rel
1766 1815 1888 1886 argenti.
1910 1818 1935 1870 ln

246 1921 318 1981 seut,
335 1911 444 1968 tandein
458 1910 498 1965 illi
514 1922 565 1965 nec
584 1923 614 1964 se
629 1908 732 1964 nostris
750 1906 783 1939 “⁰
808 1922 899 1978 pares,
923 1921 974 1963 nec
995 1907 1071 1962 auxi·
1113 1907 1208 1964 eadem
1236 1906 1301 1977 fuga
1326 1914 1391 1963 sunt
1417 1907 1490 1977 capti
1514 1906 1691 1963 bernhardus
1713 1906 1843 1961 Romanae
1868 1904 1936 1960 sedis

245 2001 311 2059 lium
328 2000 402 2072 quod
422 1998 570 2071 sperabant
593 1997 687 2053 venire
711 1995 846 2064 videntes,
873 2011 933 2052 curu
960 1996 1070 2052 militari
1112 1994 1342 2064 archidiaconus,
1371 1995 1517 2068 sigifridus
1541 1995 1722 2066 archipresul
1754 1995 1933 2066 llagoutiuus.

245 2104 301 2148 nou
317 2096 430 2162 possent
449 2089 559 2155 uirtute,
585 2087 685 2142 astutia
709 2085 1069 2156 temptabantasebellunr
1111 2084 1275 2140 ndatbertus
1307 2086 1517 2142 wormatiensis
1551 2085 1700 2156 episcopus
1723 2083 1765 2140 tu.
1789 2084 1845 2140 Sed
1868 2084 1933 2140 duos

244 2181 316 2237 istud
347 2192 482 2235 amavere.
509 2178 645 2232 Fecerunt
669 2174 740 2230 enim
766 2189 827 2230 cum
851 2173 955 2230 nostris
974 2187 1068 2244 pacem
1111 2173 1174 2230 illos
1189 2187 1244 2230 nou
1272 2174 1354 2245 longe
1369 2181 1432 2244 post
1455 2174 1559 2246 eripuit
1582 2175 1630 2230 liei
1654 2173 1815 2241 clementia,
1841 2173 1935 2229 tertius

243 2277 424 2340 sequestram,
445 2281 509 2338 qua,
534 2266 557 2320 si
582 2271 677 2336 posset
699 2263 769 2328 lieri,
794 2277 843 2334 per
866 2269 960 2319 mutua
979 2262 1069 2319 collo·
1110 2260 1163 2319 iste
1178 2261 1328 2333 perductus
1342 2269 1384 2320 est
1398 2265 1426 2320 iu
1441 2264 1564 2321 Heinrici
1586 2263 1708 2320 crudelis
1729 2261 1838 2334 tyranni
1864 2277 1933 2332 pre-

243 2358 309 2429 quia
324 2355 548 2428 pervenirentad
564 2369 659 2426 pacem
683 2358 854 2424 perpetuam.
874 2352 914 2408 nd
939 2367 969 2408 se
993 2351 1066 2407 iuri·
1110 2353 1246 2420 seutiam;
1279 2353 1326 2423 qui
1359 2359 1449 2410 tamen
1482 2354 1564 2425 louge
1596 2359 1670 2424 post,
1694 2352 1780 2408 inrito
1805 2358 1931 2422 tyranno,
1999 2341 2000 2422 f

243 2461 302 2504 cem
331 2447 423 2518 igitur¹
444 2444 572 2501 veniendi
601 2443 748 2499 securitate
772 2454 914 2508 coricessa,
940 2441 1069 2496 dixerunt
1110 2440 1200 2496 divina
1229 2441 1362 2498 liberatur
1393 2444 1593 2500 misericordia.
1627 2445 1702 2510 Quos
1735 2455 1840 2507 omnes,
1875 2442 1933 2511 quia

244 2535 294 2605 illl,
313 2534 381 2606 quid
396 2548 467 2604 opus
481 2538 555 2589 esset
568 2533 672 2589 nostris
691 2545 783 2587 securn
807 2528 881 2586 ferro
905 2530 1066 2598 decernere,
1109 2530 1208 2590 melius
1222 2531 1347 2587 sciebant
1366 2533 1486 2602 psalmos
1500 2540 1612 2589 cantare
1631 2546 1665 2589 eo
1680 2530 1755 2602 quod
1771 2531 1872 2586 uutriti
1888 2529 1934 2586 sub

243 2639 305 2680 cum
325 2625 378 2694 ipsi
394 2624 481 2694 parati
496 2630 589 2679 esseut
604 2635 660 2678 reru
680 2620 771 2677 verbis
790 2633 892 2691 agerep
917 2625 944 2675 et
963 2620 987 2675 si
1006 2621 1068 2690 qul·
1112 2619 1247 2690 religione
1275 2629 1383 2689 esseut,
1413 2635 1493 2693 quam
1523 2622 1646 2694 legiones
1669 2627 1786 2678 armatas
1809 2620 1843 2676 ad
1867 2619 1934 2676 bella

242 2714 305 2770 dem
321 2721 442 2770 nostram
462 2725 570 2768 causant
594 2711 701 2783 justitia
724 2710 940 2775 commendaret,
970 2723 999 2765 se
1024 2724 1067 2766 re-
1108 2707 1266 2780 disponere,
1287 2710 1347 2767 solo
1369 2711 1428 2767 risu
1458 2693 1640 2782 praeliantium
1659 2725 1753 2768 remos
1775 2711 1804 2766 in
1833 2709 1933 2782 fugam,
1999 2711 2000 2730 .

243 2803 309 2860 licto
324 2803 436 2860 dominc
451 2816 501 2859 suo
518 2803 620 2859 nostris
634 2800 776 2869 associari,
793 2814 825 2856 ca
848 2799 1067 2867 conditionem
1108 2803 1183 2854 tanta
1208 2799 1355 2857 multitudo
1378 2801 1514 2871 sequitur,
1540 2809 1570 2857 ut
1594 2816 1642 2858 rex
1670 2807 1757 2858 toturn
1782 2801 1933 2856 exercitum
1999 2795 2000 2826 r

241 2893 264 2948 si
280 2907 329 2949 sua
344 2906 425 2948 causa
449 2891 631 2949 meliorasse
655 2889 830 2960 probaretur,
851 2895 988 2944 nostrates
1011 2887 1067 2943 illis
1108 2887 1218 2956 penitus
1233 2888 1347 2960 lugaese
1363 2890 1473 2947 dedisse
1488 2891 1677 2947 arbitraretur.
1698 2892 1773 2958 Quos
1792 2903 1856 2945 cunr
1888 2903 1932 2945 rer

242 2981 337 3038 eadem
352 2981 413 3052 lege
433 2981 563 3051 conjungi
580 2992 635 3035 non
651 2978 876 3049 dedignarentur.
901 2976 979 3044 Quod
1004 2991 1064 3032 cum
1107 2990 1159 3033 nec
1177 2979 1320 3034 victoriam
1351 2987 1453 3036 certam
1477 2981 1675 3050 promittendo,
1701 2993 1752 3035 nec
1776 2979 1934 3035 servitutem
1999 3045 2000 3048 Ἴ

241 3070 330 3125 nostri
360 3069 527 3136 laudassent,
544 3075 571 3123 et
586 3069 645 3137 ipse
665 3082 713 3123 rex
727 3074 822 3122 noster
837 3081 876 3133 se,
889 3073 918 3122 ut
930 3064 1095 3136 paxiuterc
1107 3073 1267 3137 perpetuam
1287 3068 1340 3124 nisi
1363 3068 1480 3126 fuissent
1503 3071 1606 3126 reversi
1627 3070 1768 3136 minando,
1794 3070 1931 3138 potuisset
1999 3051 2000 3142 l

242 3173 291 3216 eos
305 3159 395 3215 ddelis
408 3158 496 3225 fleret,
513 3157 633 3213 libenter
651 3172 665 3213 a
685 3171 770 3228 regno
785 3157 981 3212 descensurum
998 3170 1066 3227 pro·
1107 3169 1248 3224 revocare,
1265 3159 1353 3214 solunt
1368 3173 1397 3214 se
1413 3159 1539 3215 relictum
1555 3173 1616 3215 curn
1640 3159 1735 3228 paucis
1759 3159 1932 3226 existimans,
1999 3145 2000 3176 ¹

242 3249 372 3317 misisset,
388 3249 540 3304 constituto
559 3247 615 3314 die,
636 3261 691 3317 quo
710 3246 744 3301 ad
760 3247 830 3302 banc
845 3259 953 3302 causam
974 3246 1067 3302 termi-
1107 3245 1191 3315 eoepit
1205 3245 1265 3315 ipse
1279 3247 1360 3303 etiarn
1381 3248 1511 3318 paulatinr
1534 3248 1697 3305 revertendo
1721 3248 1851 3304 Saxouiae
1877 3247 1934 3303 lini·
1999 3265 2000 3274 .

241 3339 370 3406 pandam,
387 3341 486 3394 neutro
501 3350 566 3407 rege
586 3341 734 3406 praesente,
749 3336 885 3402 vestirent,
901 3336 935 3390 ab
950 3334 1066 3390 invicem
1106 3335 1158 3391 bus
1172 3333 1204 3365 “⁷
1218 3339 1451 3408 appropinquare.

241 3429 321 3485 ambo
336 3427 696 3494 exercitusdiscesserunt3
722 3433 749 3480 et
778 3439 843 3482 ecce
873 3424 914 3480 illi
942 3438 1066 3496 magnam
1144 3423 1189 3479 tit.
1206 3425 1312 3481 interea
1333 3428 1432 3494 nostri,
1458 3428 1505 3498 qui
1528 3427 1615 3484 fortes
1637 3427 1766 3483 bostibus
1790 3441 1821 3482 se
1846 3426 1934 3497 primo

241 3518 348 3575 turbam
364 3531 398 3574 ex
415 3516 545 3573 bawariis
567 3523 595 3572 et
618 3515 746 3582 boemiis,
771 3528 841 3585 quos
861 3515 916 3585 jann
946 3515 993 3570 diu
1017 3529 1065 3571 ex·
1105 3513 1291 3583 miscuerant,
1317 3516 1385 3572 nibil
1410 3516 1444 3573 de
1472 3523 1535 3588 post
1561 3525 1638 3588 terga
1661 3515 1767 3572 relictis
1792 3517 1931 3582 seientes,

240 3613 426 3678 pectaverant,
442 3605 571 3662 aduenire
594 3604 733 3661 uiderunt.
757 3606 816 3672 Quo
837 3605 960 3675 cognito,
986 3605 1068 3660 Hein-
1106 3603 1269 3660 adversariis
1297 3603 1416 3661 fortibus
1448 3605 1534 3664 fortes
1556 3606 1732 3672 resistebant,
1758 3605 1853 3660 minos
1873 3617 1933 3662 vero

241 3697 315 3754 ricus
329 3696 415 3754 nimis
436 3695 466 3752 iit
489 3694 588 3763 laetus3
614 3693 749 3764 tactaque
774 3693 850 3764 pacis
873 3693 986 3762 oblitus,
1010 3695 1066 3764 jam
1106 3689 1225 3750 fortibus
1244 3692 1276 3725 “⁸
1294 3694 1394 3752 fortius
1409 3696 1579 3764 insistentes,
1606 3710 1654 3752 eos
1676 3695 1748 3766 lugae
1772 3695 1934 3765 presidium

240 3795 351 3844 nostros
370 3800 385 3840 a
404 3790 482 3856 tergo
501 3786 591 3840 minus
615 3789 711 3840 cautos
733 3783 885 3851 invaderet,
911 3784 934 3840 si
959 3784 1067 3853 princi·
1106 3789 1201 3852 petere
1221 3783 1433 3855 compellebant.
1454 3786 1494 3842 lbi
1513 3785 1625 3855 quidam
1645 3785 1680 3842 de
1704 3785 1808 3841 nostris
1831 3786 1933 3842 adrer-

241 3889 290 3944 pes
309 3873 361 3940 illi,
376 3873 423 3942 qui
443 3873 519 3942 pacis
533 3871 666 3927 iacienda
688 3871 854 3928 mediatores
875 3871 918 3926 vel
940 3878 1066 3928 auctores
1106 3873 1208 3929 sariunt
1236 3873 1289 3930 sibi
1319 3875 1415 3931 videus
1443 3875 1564 3942 obuium,
1591 3875 1665 3931 uelut
1695 3888 1773 3930 suum
1803 3873 1933 3931 salutarit

241 3959 455 4027 incredundam
470 3973 546 4015 suarn
562 3960 748 4016 contaminare
770 3973 826 4016 nou
851 3961 988 4016 timerent.
1013 3962 1067 4017 lta·
1105 3961 1230 4032 socium,
1253 3963 1404 4020 dicerer«
1429 3966 1528 4021 Sancte
1557 3967 1655 4022 Patre!
1682 3983 1696 4016 p
1721 3962 1795 4033 quod
1831 3975 1934 4021 nomeu

242 4065 296 4121 que
312 4054 448 4106 nostrates
463 4050 574 4106 domurn
593 4063 736 4119 cumpace
757 4051 870 4117 reversi,
886 4063 987 4106 annum
1007 4049 1065 4106 fue·
1107 4051 1229 4108 Saxones
1248 4066 1298 4121 pro
1322 4053 1447 4124 symbolo
1473 4054 1605 4110 tenebant
1625 4067 1720 4109 omnes
1743 4053 1772 4108 in
1797 4066 1861 4110 ore.
1887 4051 1934 4107 lile

241 4146 306 4197 runt
321 4141 458 4212 integrum
473 4153 524 4197 nec
544 4138 677 4196 laedentes
700 4138 818 4210 aliquem
843 4153 895 4196 nec
917 4138 1064 4211 abaliquo
1104 4154 1169 4197 roro
1199 4142 1311 4197 nimium
1334 4142 1471 4212 superbus
1495 4149 1522 4198 et
1547 4146 1652 4198 tantum
1677 4140 1805 4198 deridere
1830 4152 1935 4198 nomen

242 4231 311 4288 laesi.
1106 4243 1229 4298 exorsus,
1246 4230 1273 4286 in
1289 4232 1348 4301 eius
1361 4232 1465 4288 vertice
1480 4231 1580 4289 librato
1600 4244 1731 4288 mucrone
1750 4229 1802 4287 Νι
1824 4249 1841 4282 u
1864 4233 1933 4295 tloc,

275 4319 321 4376 96.
337 4319 469 4390 Sequenti
484 4331 549 4376 vero
564 4331 647 4385 anno,
663 4317 711 4389 qui
733 4323 792 4374 erat
814 4317 849 4374 ab
873 4319 1064 4375 incarnatione
1106 4319 1216 4388 inquit,
1247 4320 1297 4375 tibi
1327 4328 1390 4377 tuus
1413 4321 1510 4378 Petrus
1534 4321 1618 4378 mittit
1639 4335 1689 4392 pro
1713 4327 1849 4376 munere!
1872 4339 1888 4374 a
1909 4325 1936 4374 at

241 4411 348 4467 Domini
386 4408 470 4478 1078,
503 4409 601 4465 iterum
635 4407 786 4464 saxonicus
818 4413 1001 4479 congregatur
1032 4399 1227 4466 “¹Dn0udum
1260 4423 1415 4468 sermonem
1449 4409 1556 4466 finierat
1588 4416 1687 4478 toturn,
1716 4424 1777 4466 cunr
1807 4410 1933 4482 gladium

240 4499 388 4567 exercitus,
419 4502 447 4554 et
474 4498 556 4553 missa
581 4497 719 4568 legatione
747 4497 850 4553 Suevos
877 4498 983 4553 obviarn
1012 4498 1065 4555 sibi
1106 4499 1221 4554 Saxonis
1240 4499 1395 4556 alteriusin
1415 4501 1530 4556 cerebro
1545 4499 1674 4566 babebat,
1695 4499 1836 4556 dicentis:
1861 4518 1878 4550 u
1903 4498 1936 4552 Et

239 4591 334 4648 tenire
350 4594 525 4660 rogauerunt,
541 4592 571 4642 ut
590 4587 733 4657 utriusque
758 4587 853 4658 populi
878 4587 976 4644 virtute
1000 4603 1065 4646 con·
1106 4587 1158 4644 boc
1173 4587 1275 4644 babeas
1288 4602 1388 4645 rnunus
1406 4603 1440 4646 ex
1461 4596 1538 4660 parte
1554 4590 1593 4645 tui
1616 4589 1748 4657 lleinrici,
1765 4588 1879 4659 tyranni
1895 4588 1936 4642 in·

237 4683 343 4753 juncta,
374 4691 470 4734 omnes
497 4675 550 4732 sibi
575 4675 751 4732 adversantes
770 4677 812 4732 rel
836 4677 870 4733 ad
894 4691 923 4732 se
946 4679 1063 4735 transire
1105 4678 1276 4734 sarientis.»

240 4769 438 4841 compellerent
457 4765 500 4822 rel
519 4767 571 4822 sibi
591 4765 719 4822 loederari
744 4768 870 4824 nolentes
893 4766 951 4822 dira
977 4768 1064 4826 bello·
1140 4767 1185 4822 98.
1206 4766 1368 4837 Hardwigus
1381 4765 1414 4798 ⁸⁸⁰
1428 4772 1495 4822 tuuc
1517 4767 1667 4838 btagnntini
1691 4766 1818 4837 praesulis
1841 4765 1939 4821 arebl-

240 4873 299 4916 rum
324 4857 502 4916 tribulatione
530 4855 687 4927 fatigarent.
722 4856 799 4924 Quod
834 4871 1005 4928 cognoscens
1032 4857 1064 4891 “¹
1106 4858 1273 4928 capellanus,
1294 4856 1322 4911 in
1338 4855 1434 4911 eodem
1450 4855 1494 4910 die
1515 4862 1577 4926 post
1600 4869 1701 4912 aunum
1725 4855 1822 4912 urbem
1842 4855 1939 4925 llage·

241 4949 397 5017 Helorinus,
427 4947 527 5004 robora
561 4953 728 5017 congregato
761 4947 908 5002 intervenit
936 4948 1061 5018 medius;
1105 4949 1304 5019 daburgeusem
1338 4943 1517 5015 archipraesul
1550 4943 1725 5016 ingressurus
1743 4944 1778 5000 ab
1807 4945 1937 5000 bostium

240 5041 635 5108 ucceslpassusututerque
651 5037 777 5092 inunum
803 5036 962 5092 conveniret
986 5051 1062 5094 exer·
1104 5037 1290 5102 multitudine,
1316 5049 1350 5090 nc
1381 5035 1453 5090 ullus
1472 5035 1498 5090 el
1516 5034 1595 5090 locus
1623 5041 1696 5091 esset
1723 5034 1862 5091 evadendi
1894 5042 1938 5093 est

240 5130 321 5188 citus.
360 5127 504 5184 Exercitus
541 5139 606 5198 ergo
644 5126 795 5182 saxonicus
826 5125 860 5180 ad
891 5127 1063 5184 ttetnetrike-
1104 5126 1289 5185 circumdatus
1311 5123 1342 5156 ⁴³¹
1367 5129 1422 5191 (un.
1451 5122 1527 5191 lOiss,
1557 5126 1626 5194 laq.
1657 5124 1701 5196 7).
1728 5125 1777 5181 Cui
1797 5139 1862 5180 cum
1896 5125 1938 5182 illi

239 5220 300 5279 stad
328 5217 361 5254 “⁸
384 5217 470 5288 uenit,
497 5217 593 5288 ibique
621 5216 779 5274 lleinricum
803 5230 865 5273 curn
894 5229 950 5273 non
978 5231 1062 5288 parvo
1103 5215 1184 5272 velud
1218 5219 1298 5284 capto
1328 5213 1476 5270 illudentes
1508 5212 1657 5280 dicerent,
1694 5212 1758 5284 quia
1795 5212 1939 5272 libentius

917 5325 1029 5380 vnutAE
1053 5322 1247 5381 unctiones

276 5425 309 5462 Ν
329 5415 398 5485 ηἷίε.
425 5424 450 5482 l.
497 5423 527 5458 “¹
553 5429 735 5501 congregatus
755 5423 780 5480 l.
828 5421 860 5456 “¹
883 5435 1037 5496 agnoscens
1054 5424 1082 5483 2.
1129 5421 1162 5458 “⁸
1180 5419 1417 5480 methelrikestadt
1442 5419 1467 5476 l.
1491 5416 1733 5478 methelricbeslad
1751 5417 1779 5476 2.
1804 5419 1939 5480 machel·

241 5505 360 5572 uleatm
382 5502 584 5567 imiimi.
622 5503 791 5565 maturat.
828 5501 917 5562 “litu
939 5501 1075 5564 ti.cteeat
1097 5504 1121 5564 l.
1158 5491 1277 5578 *babos
1304 5503 1328 5562 l.
1375 5500 1408 5540 “⁷
1431 5501 1548 5564 denti.
1586 5495 1722 5562 mfurtos
1743 5497 1767 5560 1.
1813 5498 1939 5562 ”mu-

236 5591 365 5646 cruucue
381 5576 406 5638 1.
444 5575 476 5616 *Μ
490 5575 659 5654 lierdarlgus
679 5577 704 5636 1.
720 5574 898 5637 bardanicus
919 5573 967 5637 li.
1006 5573 1036 5612 ⁸¹¹
1051 5572 1271 5637 circumvallatus
1288 5573 1336 5637 ti.
1833 5581 1840 5592 ·
