4024 6174
94 269 139 326 fffi
717 271 880 332 tudetes
900 301 935 318 -
953 269 1009 332 lit.
1031 271 1110 330 1077.
1703 266 1758 327 406

94 401 185 451 ctorrn
195 393 374 450 contubernia
396 407 459 451 erm
483 395 611 452 omnibus
624 397 682 452 rrls
699 409 734 454 ex
748 401 807 455 toto
822 412 893 456 eon·
903 397 1079 463 Alatrocirla
1093 395 1168 454 illins
1182 401 1210 452 et
1225 397 1288 466 quia
1304 395 1433 452 domnum
1450 407 1547 465 papam
1562 396 1713 467 sacrilegus
1728 397 1756 453 ir

92 483 184 541 tulerat.
200 480 256 538 llllc
280 481 413 553 quicquid
438 484 473 540 de
488 485 569 542 bonis
583 487 641 543 sris
655 486 758 542 babere
773 493 893 556 poterat,
937 487 1062 544 eeclesia
1076 485 1305 543 intermissurum
1328 483 1471 541 sollemnia
1490 482 1568 539 altari
1583 485 1755 542 assistentem

91 573 113 628 in
129 585 188 628 usus
204 583 352 641 pauperum
377 572 493 630 cottidie
517 574 696 645 expenderat,
724 581 751 631 ct
766 575 806 631 sie
830 575 895 632 vitm
936 575 964 632 in
993 581 1180 646 contemptum
1204 573 1252 630 Dei
1279 579 1387 644 captum
1416 573 1444 628 in
1469 572 1566 628 turrim
1594 585 1669 628 suam
1694 573 1756 628 abs·

88 665 175 718 sancte
196 664 222 715 ct
245 659 382 731 religiosae
406 667 536 731 provectu
560 663 588 718 in
612 663 672 719 dies
701 678 730 720 se
746 677 855 735 semper
867 663 895 720 in
933 665 1029 734 traxit,
1045 663 1169 736 perfecto
1184 662 1249 720 odio
1264 669 1291 719 et
1311 662 1393 734 digna
1419 661 1612 733 persecutione
1627 660 1758 718 adversa·

91 749 211 806 anteriora
225 749 387 818 extendens,
399 757 427 806 et
442 751 596 822 posteriora
608 751 784 820 obliviscens,
799 766 896 824 super·
937 759 981 809 tus
995 759 1046 809 est.
1071 753 1101 808 ln
1126 765 1181 824 quo
1196 751 1374 809 obedientiae
1402 750 1551 806 certamine
1581 750 1626 806 bic
1653 749 1696 805 vir
1709 749 1757 806 Del

91 837 284 894 revocationis
299 836 421 894 bravium
436 839 569 910 legittime
583 839 716 897 certando
731 855 895 911 cursumque
936 841 1039 898 zelotes
1067 840 1216 912 perfectus,
1242 839 1373 898 hereticis
1401 835 1526 907 infestus,
1549 838 1634 909 juder
1653 839 1756 910 justus,

91 925 302 993 consummando,
327 927 429 983 ibidem
458 927 661 998 triumphaliter
691 935 720 986 ct
745 929 896 1001 glorianter
937 929 1147 986 elemosinarum
1175 929 1351 999 dispensator
1369 929 1471 1000 largus,
1496 942 1600 1000 magne
1625 941 1758 998 compun-

90 1019 218 1085 persecrta
241 1021 294 1072 est.
320 1017 387 1073 cunr
409 1023 500 1073 autem
525 1032 575 1089 pro
600 1023 641 1074 tot
666 1019 817 1090 magnificis
832 1021 895 1076 vitae
937 1019 1037 1074 ctirnis
1065 1025 1093 1074 ct
1118 1018 1290 1073 lacrimarum
1319 1017 1406 1090 gratia
1428 1019 1457 1074 ir
1473 1017 1627 1073 oratiorum
1647 1030 1757 1073 suarum

90 1107 134 1158 tan
146 1102 307 1160 bmtisslman
332 1105 538 1162 remunerandae
554 1106 703 1175 pietatibus
718 1113 826 1178 tempus
849 1107 894 1163 in·
936 1107 1083 1164 sedulitate
1113 1107 1242 1173 donatus,
1258 1106 1392 1162 castilatis
1407 1111 1434 1162 et
1449 1106 1626 1163 continentie
1641 1105 1758 1163 dilector

88 1197 171 1259 staret,
195 1190 312 1249 febrium
336 1193 466 1265 languore
487 1194 613 1252 letanter
627 1195 699 1252 ultra
723 1197 833 1253 solitum
848 1211 895 1252 ar·
937 1197 1103 1268 praecipuus,
1133 1200 1228 1266 utpote
1256 1208 1272 1250 a
1298 1209 1385 1266 puero
1409 1195 1530 1266 legitime
1554 1197 1717 1267 conjugatus
1731 1199 1759 1251 et

89 1287 164 1351 repta,
193 1295 309 1352 quarum
344 1281 581 1354 intemperantiam
625 1285 683 1356 ipsa
724 1285 896 1342 medicinalis
937 1285 1094 1356 paulopost
1107 1283 1205 1341 viduus
1232 1283 1346 1340 edoctus
1370 1283 1518 1353 juvenilem
1544 1285 1570 1340 in
1586 1299 1616 1341 se
1631 1283 1758 1341 ardorem

88 1370 211 1426 actisnon
226 1371 354 1441 imperita
382 1380 446 1428 ante
461 1373 621 1431 multotiens
635 1373 760 1446 mitigare
775 1388 896 1432 consue·
936 1374 1068 1445 deinceps
1093 1375 1169 1445 juxta
1197 1371 1342 1429 consillum
1382 1372 1501 1444 apostoli
1526 1373 1566 1430 sie
1594 1387 1760 1445 permanens

88 1465 161 1526 uerat,
184 1473 234 1530 per
259 1459 319 1517 dies
341 1461 550 1531 quatuordecim
564 1476 674 1534 semper
688 1463 716 1518 in
731 1464 813 1521 boras
827 1464 895 1519 viri·
936 1463 1053 1519 viriliter
1081 1463 1227 1530 continuit,
1257 1463 1427 1530 caritativus,
1455 1461 1577 1529 humilis,
1603 1461 1759 1532 hospitalis,

89 1547 131 1602 brs
152 1549 277 1619 corporis
304 1548 457 1619 diminutis,
485 1551 584 1608 mentis
611 1557 701 1608 actem
730 1553 758 1607 in
787 1552 897 1610 cbristo
938 1552 1038 1620 suavis,
1077 1543 1203 1617 affabilis,
1254 1554 1394 1616 constans,
1435 1550 1584 1618 modestus,
1624 1549 1762 1621 patienter

88 1636 221 1706 gratiosius
247 1637 423 1710 amplificatis
460 1643 487 1696 et
524 1640 722 1710 corroboratis,
756 1641 898 1714 egerrime
938 1641 1113 1714 longanimis,
1140 1639 1216 1712 pacis
1232 1646 1259 1696 et
1283 1637 1406 1697 veritatis
1429 1642 1550 1695 sectator
1565 1640 1593 1694 ct
1607 1637 1683 1696 mira
1698 1636 1761 1693 reli·

89 1723 299 1784 nultrmdefeeit
318 1733 347 1784 et
363 1727 516 1785 contabuit.
532 1728 676 1785 Postremo
686 1743 747 1786 cum
762 1729 797 1786 ad
811 1745 897 1802 usqne
908 1727 1030 1803 Bgiouis
1045 1731 1123 1786 miles
1137 1729 1290 1787 industrius
1313 1735 1341 1784 et
1355 1728 1562 1784 administrator
1578 1747 1584 1782 :
1601 1725 1648 1796 qui
1673 1725 1761 1782 beatae

88 1812 157 1870 iren
172 1821 333 1885 perventum
357 1821 409 1885 cst,
434 1817 515 1874 bonis
530 1817 604 1874 illius
624 1819 679 1888 lam
694 1819 728 1874 ab
743 1833 775 1875 ea
790 1819 817 1876 in
832 1835 899 1876 rsus
938 1821 1042 1876 vitaeet
1056 1815 1214 1876 christiane
1230 1817 1334 1875 militiae
1346 1815 1482 1888 tyrocinio
1498 1815 1620 1886 prudens
1634 1815 1663 1872 in
1678 1828 1761 1872 carre

88 1915 225 1973 pauperum
248 1909 275 1961 et
299 1905 486 1963 aeclesiarum
519 1907 716 1964 discretissime
744 1905 897 1980 dispositis,
939 1909 1088 1966 ambulavit
1104 1915 1147 1965 set
1163 1922 1218 1966 uon
1233 1906 1384 1964 secundnm
1412 1919 1522 1962 caruem
1549 1903 1684 1970 militarit,
1711 1917 1761 1974 pro

87 1995 282 2052 convocatisad
309 2009 339 2052 sc
363 1995 391 2052 ir
412 1995 508 2068 primis
522 1994 624 2053 domno
644 1996 809 2068 apostolico,
826 2011 898 2054 err·
936 1999 1043 2070 justitia
1065 2005 1093 2055 ct
1120 1998 1173 2055 lide
1203 1998 1292 2054 lausto
1322 1995 1494 2065 triumphans
1521 1995 1652 2066 martyrio
1680 1993 1761 2049 vitam

87 2081 262 2140 ctislidelium
290 2097 402 2142 suorum
429 2095 456 2142 et
480 2086 629 2142 amicorum
645 2086 897 2158 personiscarissi·
940 2088 1027 2144 linivit
1048 2085 1237 2159 temporalem,
1267 2099 1330 2141 mox
1359 2098 1409 2155 pro
1439 2098 1472 2141 eo
1500 2079 1618 2140 feliciter
1646 2081 1763 2153 adeptus

87 2170 137 2236 mis,
167 2173 270 2243 quibus
303 2174 427 2232 ultimum
453 2174 512 2231 vale
546 2173 650 2232 iaciens
678 2175 794 2232 animam
822 2189 898 2232 suam
940 2177 1106 2234 inedibilem
1134 2176 1196 2231 vitae
1215 2173 1346 2246 perennis
1374 2172 1599 2229 inmortalitatem
1612 2174 1640 2228 et
1654 2186 1764 2242 semper

85 2259 314 2317 commendaverat
331 2261 373 2329 Ν,
389 2265 417 2318 et
431 2262 560 2318 omnibus
582 2261 639 2319 suis
658 2271 740 2334 prout
755 2262 900 2320 desidera·
941 2266 1055 2322 virentis
1084 2263 1209 2336 paradysi
1238 2261 1447 2318 desiderandam
1468 2275 1525 2331 prae
1540 2259 1667 2317 omuibus
1681 2274 1765 2316 anroe-

83 2347 114 2401 vit
128 2348 273 2414 ordinatis,
303 2351 503 2408 communicata
532 2351 633 2408 debinc
658 2351 833 2409 devotissime
848 2365 900 2408 eu·
941 2354 1064 2411 ritatem.
1083 2353 1132 2409 llic
1154 2353 1265 2424 quidem
1285 2366 1300 2406 a
1327 2349 1433 2406 civibus
1447 2347 1588 2414 Romanis,
1604 2353 1646 2403 set
1661 2349 1763 2418 praeci·

83 2435 218 2505 charistia,
235 2451 296 2494 cum
324 2439 434 2495 ceteris
459 2439 603 2496 orantibus
631 2447 660 2496 et
678 2440 859 2510 psallentibus
872 2445 900 2498 ct
941 2457 994 2514 pre
1009 2443 1043 2499 ab
1058 2443 1139 2500 Urbis
1153 2441 1343 2513 optimatibus,
1369 2452 1467 2510 magno
1483 2437 1594 2507 planctu
1619 2441 1646 2492 et
1660 2435 1763 2506 eiulatu

82 2523 132 2594 ipsa
148 2539 206 2581 rra
223 2526 344 2596 psallens
362 2531 391 2583 et
417 2528 519 2599 gratias
546 2541 640 2598 agens,
657 2528 685 2584 ir
700 2541 797 2584 manns
809 2529 857 2586 liei
874 2535 901 2584 et
941 2539 971 2587 ut
986 2531 1118 2601 oportuit,
1134 2531 1308 2595 lamentatos,
1339 2534 1402 2598 post
1430 2525 1587 2598 magnilieas
1605 2523 1764 2596 exequiales

82 2620 238 2672 arctorum
252 2617 325 2673 Petri
354 2620 381 2673 et
409 2617 485 2673 Pauli
509 2617 636 2688 spiritum
654 2632 733 2674 surm
748 2617 902 2675 exultanter
942 2619 1061 2692 agendas
1076 2617 1198 2676 officiose
1223 2620 1289 2674 satis
1304 2624 1331 2674 et
1345 2617 1461 2673 honeste
1475 2617 1552 2685 juxta
1568 2615 1650 2671 ritum
1664 2615 1764 2670 lionra·

82 2705 289 2760 commerdavit.
327 2706 445 2762 Tandem
478 2705 596 2762 domnus
637 2705 807 2777 apostolicus
835 2721 900 2764 exe·
942 2721 1007 2763 num
1035 2707 1107 2778 apud
1137 2711 1261 2763 sanctum
1289 2708 1397 2762 Petrum
1426 2702 1589 2770 celebratas,
1619 2703 1647 2758 ir
1671 2703 1763 2760 medio

84 2791 215 2862 quiallbus
235 2792 343 2860 officiis,
369 2795 512 2850 missarum
542 2794 705 2864 sollemniis,
731 2795 899 2865 elemosinis,
942 2797 1029 2866 ipsius
1054 2795 1180 2867 paradysi
1205 2795 1299 2851 debita
1325 2793 1435 2850 laudum
1451 2797 1479 2848 et
1502 2803 1646 2862 ymnorum
1662 2789 1763 2859 inpen-

85 2881 178 2952 vigiliis
204 2897 317 2954 quoqne
347 2897 397 2953 per
429 2883 535 2955 aliquot
564 2883 623 2940 dies
651 2884 822 2941 sollemniter
850 2899 900 2957 pro
941 2887 1019 2943 sione
1044 2885 1174 2958 gratiosa,
1205 2881 1380 2941 devotissime
1405 2887 1445 2938 esi
1474 2880 1576 2936 tumbae
1605 2891 1764 2935 marmoreae

85 2971 165 3027 arima
183 2970 261 3027 illius
287 2971 443 3039 celebratis,
464 2972 492 3028 in
522 2974 647 3030 aecclesia
677 2978 779 3030 sanctae
803 2973 900 3031 Petro-
941 2973 1088 3046 inpositus,
1104 2981 1131 3030 et
1154 2975 1191 3030 ita
1215 2973 1409 3030 decentissima
1432 2969 1486 3026 sibi
1511 2967 1691 3025 tumulatione
1709 2969 1765 3024 lieo

16 3099 17 3108 ι
87 3059 167 3129 nellae,
182 3075 247 3132 quae
264 3062 421 3118 Vaticanum
440 3062 576 3133 Apollinis
598 3063 755 3135 appellatur
777 3055 970 3135 antiqui-Cot
985 3070 1081 3120 sancto
1110 3065 1192 3119 Petro
1207 3068 1250 3119 est
1264 3062 1298 3117 ab
1326 3059 1454 3116 omnibus
1482 3057 1665 3114 intentissime
1692 3070 1766 3114 com-

86 3153 131 3216 tus,
140 3150 216 3220 juxta
231 3151 318 3206 altare
343 3151 523 3218 dominicum,
539 3150 574 3207 ad
590 3151 661 3208 latus
677 3151 784 3209 seilicet
797 3160 900 3209 sanctae
942 3152 1093 3209 merdatrs.
1111 3151 1230 3208 Tandem
1254 3163 1330 3216 vero,
1356 3150 1435 3220 cujus
1454 3148 1483 3204 in
1497 3147 1552 3205 rita
1566 3161 1616 3203 sna
1631 3153 1692 3218 tyro
1708 3160 1766 3202 ειε-

87 3237 252 3307 ΡειεεεεΙΙεε,
276 3254 383 3296 sacrum
406 3242 519 3312 Agnetis
547 3241 730 3312 imperatricis
749 3241 900 3313 apostolica
941 3242 1073 3313 ricipatui
1102 3240 1244 3311 inpensius
1280 3237 1446 3304 militaverit,
1490 3242 1517 3291 et
1555 3234 1629 3308 qnod
1663 3234 1765 3290 mundo

85 3340 126 3383 rra
140 3328 314 3402 indulgentia
337 3337 365 3386 et
388 3329 561 3387 absolutione
585 3332 764 3389 tantotiersa
780 3334 900 3401 peccatis
941 3345 1036 3388 revera
1051 3345 1117 3386 rsus
1132 3331 1168 3386 sit
1194 3334 1331 3398 tamquam
1347 3339 1402 3383 εεε
1417 3331 1552 3391 uteretur,
1570 3323 1657 3393 palam
1673 3323 1764 3379 omni·

88 3420 196 3476 remissae
219 3418 428 3490 corpusculum,
453 3419 482 3475 ir
505 3420 676 3492 sarcophago
698 3421 898 3490 consignatum,
941 3421 993 3477 bus
1016 3419 1153 3492 apparuit,
1174 3433 1236 3475 cnm
1260 3423 1302 3473 tot
1330 3414 1470 3471 miraculis
1495 3411 1684 3480 etvirtrtibus
1707 3422 1765 3466 nor

87 3521 138 3564 erm
151 3510 240 3580 ymnis
257 3516 287 3567 et
302 3509 428 3567 laudibus
443 3511 528 3567 totius
542 3515 644 3567 sanctae
660 3511 789 3566 romare
804 3511 901 3567 aeccle·
942 3510 1024 3566 modo
1053 3507 1193 3572 Romania,
1223 3518 1316 3561 verum
1344 3515 1455 3572 qnoque
1484 3500 1612 3556 omnibus
1626 3497 1692 3554 illuc
1716 3511 1763 3552 un·

86 3595 126 3651 sie
139 3598 164 3654 ln
178 3598 206 3656 ld
222 3599 317 3671 ipsum
332 3597 548 3656 consonantibus
562 3600 708 3671 dignanter
721 3597 858 3670 sepelivit.
942 3597 1026 3669 dique
1054 3593 1284 3652 concurrentibus
1317 3593 1373 3660 ,iam
1410 3590 1521 3659 lamque
1559 3585 1763 3642 evidentissime

116 3687 211 3745 AEstivo
226 3695 355 3759 tempore
371 3689 492 3758 ejusdcm
515 3687 579 3743 anri
593 3689 724 3744 liemare
740 3687 816 3743 urbis
831 3701 902 3757 prae·
943 3685 1086 3750 exclaruit,
1113 3695 1194 3754 qnam
1214 3693 1328 3752 magnus
1342 3679 1379 3734 sit
1402 3676 1475 3747 apud
1494 3676 1589 3731 Deum.
1606 3675 1763 3731 Enimvero

88 3771 163 3831 lectus
177 3777 250 3848 (idi)
269 3778 462 3849 aquibrsdam
472 3777 574 3845 erirtii
587 3777 718 3847 proximis
729 3790 779 3845 per
789 3775 902 3831 insidias
942 3780 983 3831 tot
1011 3779 1039 3830 et
1070 3779 1143 3829 tanta
1171 3769 1277 3826 meritis
1306 3767 1394 3839 ipsius
1421 3765 1524 3821 ibidem
1546 3764 1619 3820 licus
1633 3768 1765 3834 operatur

87 3860 235 3923 interfectus
265 3869 316 3923 est,
341 3868 391 3935 Qui
414 3868 468 3937 jam
494 3865 596 3921 dudum
620 3865 722 3921 domno
747 3865 902 3935 apostolico
943 3863 1087 3934 magnalia,
1103 3859 1192 3917 utrix
1209 3855 1374 3931 quibusdam
1395 3855 1507 3927 probari
1523 3851 1640 3925 possint,
1658 3851 1766 3909 scillcet

88 3961 185 4017 peccata
214 3969 270 4012 sua
293 3953 415 4026 perfecie
435 3953 578 4011 confessus
593 3961 620 4009 et
634 3953 668 4009 ad
684 3955 768 4010 ileum
783 3967 901 4010 conver·
943 3951 1049 4008 aemulis
1065 3949 1150 4017 illius,
1166 3950 1193 4004 ir
1214 3946 1328 4004 veritate
1343 3944 1428 4002 fuisse
1444 3942 1524 4000 facta.
1542 3939 1619 4000 Unde
1635 3955 1718 4010 rure,
1734 3948 1765 3998 ut

87 4053 135 4107 sus,
161 4047 296 4103 muudum
323 4059 384 4101 cum
414 4045 472 4102 suls
500 4043 707 4101 delectamentis
730 4043 902 4100 illecebrosis
941 4041 1050 4099 illorum
1066 4040 1200 4096 invidiosa
1216 4036 1303 4107 palam
1324 4034 1513 4093 confutaretur
1531 4031 1720 4099 incredulitas,
1737 4032 1764 4089 ir

88 4132 201 4190 omnibus
226 4135 344 4191 omniuo
372 4133 529 4205 rclquuere
556 4137 584 4190 el
606 4134 641 4189 ad
665 4133 901 4189 morasticaevitae
942 4129 1065 4202 proxima
1094 4130 1215 4185 Rornana
1241 4125 1348 4198 synodo
1380 4123 1460 4197 (168)
1486 4123 1612 4194 queram
1634 4121 1764 4178 miracula

88 4217 277 4285 redactionem
301 4222 415 4279 tendere
443 4221 717 4292 percupientissimus
739 4221 843 4288 voluit;
860 4227 901 4277 set
942 4221 993 4277 sub
1021 4218 1180 4276 testimonio
1209 4222 1250 4271 tot
1264 4221 1292 4271 et
1308 4218 1445 4271 tantorum
1473 4213 1593 4268 virorum
1620 4216 1702 4266 uriae
1717 4223 1765 4265 ar·

88 4307 282 4381 abapostolico
306 4325 356 4383 per
383 4311 578 4368 oboedientiam
606 4311 718 4368 omnino
745 4311 900 4382 probibirns
942 4309 1080 4365 ctoritatis
1108 4311 1217 4376 mirque
1246 4301 1439 4374 probabilium,
1467 4297 1524 4353 illic
1551 4297 1648 4367 procui
1678 4296 1763 4352 dubio

88 4405 131 4464 est,
146 4407 171 4458 et
185 4403 213 4458 in
229 4399 396 4474 praefectura
425 4415 474 4457 sua
503 4413 663 4472 permanere
689 4401 782 4470 iussus
801 4407 853 4468 est,
870 4377 1013 4457 urDiacra
1028 4396 1182 4467 litterisque
1203 4389 1392 4449 commendata
1420 4386 1530 4458 publice
1556 4383 1762 4450 recitabartrr;

89 4485 378 4548 niobeiarmatusct
403 4490 641 4561 iudexaequitatis
665 4495 692 4545 et
713 4489 900 4559 justitiaeser-
941 4487 975 4542 dc
1004 4497 1120 4557 qromm
1146 4482 1237 4538 veraci
1274 4479 1407 4537 relatione
1439 4475 1551 4531 omnino
1579 4471 1619 4528 fas
1646 4483 1700 4528 non
1727 4471 1764 4527 sit

88 4577 249 4636 vartisslmus
267 4583 308 4636 tot
331 4577 552 4650 malefactoribus
576 4577 732 4644 obsisteret,
753 4583 781 4633 et
805 4577 832 4632 lr
848 4577 899 4633 irac
941 4574 1095 4646 quempiam
1123 4571 1259 4628 dubitare.
1275 4566 1408 4637 Quiddam
1427 4577 1501 4629 vero,
1518 4560 1592 4633 quod
1608 4573 1662 4617 ron
1678 4559 1762 4616 miri·

88 4661 245 4725 obedientia
267 4669 376 4725 Christo
395 4673 536 4740 gratanter
549 4666 688 4725 militaret.
704 4665 782 4734 Quod
802 4673 830 4722 et
845 4678 899 4722 ror
941 4678 993 4721 εεε
1021 4663 1093 4734 apud
1117 4662 1256 4719 romanos
1283 4653 1458 4714 admirationi
1486 4651 1645 4716 baberetur,
1672 4647 1762 4704 adbuc

90 4751 189 4813 minino
212 4757 361 4814 oboediens
375 4764 476 4814 erratu
503 4771 554 4827 pro
573 4769 720 4828 possesor
736 4755 902 4813 omnimodis
941 4751 1042 4808 viventi
1059 4750 1156 4808 eodem
1176 4745 1378 4805 interiectionis
1392 4744 1452 4814 cius
1474 4751 1547 4811 anno
1563 4749 1656 4793 revera
1671 4741 1761 4790 actam

88 4851 222 4902 executus
236 4852 292 4902 est.
307 4847 386 4905 Unde
414 4851 442 4902 et
455 4846 578 4914 Quintio,
608 4844 813 4902 malefactorum
839 4857 900 4901 orr-
942 4844 970 4899 in
986 4857 1019 4899 co
1044 4841 1172 4898 refertur.
1201 4837 1322 4907 Quadam
1346 4845 1462 4902 namque
1486 4828 1531 4885 dle
1545 4840 1607 4884 cunr
1623 4824 1762 4896 quoddam

90 4929 154 4988 rinrr
177 4935 347 5006 primicerio,
378 4923 585 4993 sollertissimus
612 4934 648 4991 ob
677 4939 719 4992 tot
746 4933 856 5004 rapinas
874 4939 903 4989 et
943 4930 1092 4990 oratorium
1122 4941 1203 4986 causa
1222 4923 1357 4983 orationis
1381 4927 1423 4977 cst
1451 4917 1602 4990 ingressus,
1625 4920 1689 4973 ante
1704 4913 1763 4970 dni·

757 5058 869 5117 VARIAE
890 5055 1083 5116 unctiores.

869 5199 977 5258 NOTAE.

120 5125 150 5159 ¹⁸⁰
162 5131 399 5189 commendaverit
411 5129 439 5186 2.

92 5365 96 5376 ,
122 5295 195 5372 (lor)
212 5299 351 5358 cintlrirm
375 5300 495 5373 appellat
508 5299 536 5356 S.
552 5299 649 5356 Petms
670 5299 801 5368 Damiani,
822 5299 901 5370 cujus
941 5297 1020 5367 cuins
1033 5298 1180 5366 propterea
1194 5289 1288 5347 odium
1298 5287 1424 5354 incurrit,
1437 5281 1548 5368 nonnisi
1562 5279 1760 5366 subsanguine

89 5371 273 5490 fferlmutes
295 5373 376 5444 epist.
404 5374 465 5430 let
489 5370 508 5425 2
534 5369 583 5426 lib.
605 5384 666 5454 vrri,
690 5370 725 5427 ad
749 5371 897 5456 ermdatis
940 5364 1177 5452 exstinguendum.
1194 5365 1284 5446 ipsum
1309 5355 1563 5488 εεὴειιεεῧειοεεεε
1578 5355 1760 5412 llerrrrcrauae

88 5442 337 5572 riliiltiaii
350 5457 407 5574 ”ii
427 5441 897 5580 iiriitiiiiit‘itiiitilidii
938 5443 1402 5584 ”iiiie‘iiiti‘ilillcila
1436 5443 1474 5495 ⁸⁸⁹

88 5593 136 5648 quo
150 5597 223 5644 anno
238 5559 330 5656 prio're
352 5531 458 5655 talnetum,
484 5585 511 5642 in
532 5597 669 5642 carcerem
689 5557 896 5653 conjecrrs'est,
