4016 6160
92 239 134 294 bul
714 224 918 288 CHRONICON.
938 261 974 271 ·-
993 228 1055 289 tin.
1077 223 1123 289 iti.
1706 241 1760 297 682

83 366 114 423 Lt
133 360 197 418 dixit
223 358 320 416 beatus
352 358 443 415 sixtus
476 357 511 414 ad
547 357 656 416 beatum
684 358 859 415 Laurentium
880 361 1004 422 :Asunt
1022 359 1095 416 oculi
1123 357 1193 430 eius.
1222 359 1280 416 lioc
1304 357 1404 416 iactum
1423 361 1567 421 audientes
1594 369 1673 427 multi
1700 371 1761 429 ceci

85 449 203 520 «decipe
226 446 369 504 facultates
391 445 433 504 vel
457 451 582 504 tesaurus
597 444 741 513 ecclesie,
757 453 785 503 et
799 446 891 503 divide
931 450 1079 507 veniebant
1096 448 1130 506 ad
1159 448 1269 506 beatum
1288 443 1474 519 Laurentium,
1502 459 1531 510 ct
1557 459 1680 526 ponebat
1699 477 1760 522 ms·

85 540 173 613 quibus
195 536 246 594 tibi
260 537 378 594 videtur.
395 557 410 586 o
424 539 544 608 Accepta
566 540 713 609 potestate,
729 536 892 592 Laurentius
939 552 1004 596 num
1023 553 1107 610 snper
1130 551 1224 595 eorum
1248 539 1344 596 oculos
1359 545 1387 597 et
1405 539 1639 605 illuminabantur.
1659 551 1762 611 videns

85 629 148 700 cepit
169 641 220 698 per
233 627 361 699 regiones
375 626 482 683 curiose
505 639 632 698 querere,
647 625 805 696 ubicunque
826 638 892 682 san-
939 627 993 685 boc
1011 627 1127 698 ipolitus
1143 626 1290 699 [credidit],
1306 633 1388 700 atque
1399 630 1551 701 baptizatus
1565 641 1617 694 est.
1633 638 1673 695 Ex
1685 654 1763 699 man-

84 719 116 775 eti
130 716 220 774 cleriei
234 713 276 771 uel
301 729 437 786 pauperes
460 719 552 772 essent
565 713 719 779 abssconsi,
735 720 763 770 et
781 718 894 785 portans
939 717 1004 773 dato
1028 717 1128 774 ductus
1146 722 1188 774 est
1206 717 1304 774 beatus
1321 720 1484 778 Laurentius
1499 728 1562 781 aute
1581 736 1761 799 conspectum

85 813 202 864 tesauros
225 811 307 876 prout
326 804 475 875 unicuique
493 817 564 875 opus
582 809 641 861 erat
655 802 806 860 distribuit.
823 804 894 874 iirgo
939 806 1086 862 Valeriani.
1109 806 1161 876 Qui
1175 806 1245 863 dixit
1259 807 1340 866 beato
1360 809 1529 870 Laurentio:
1547 834 1560 864 ι
1575 818 1633 873 tam
1652 818 1762 891 depone

84 900 140 968 post
152 897 212 952 baec
235 896 333 952 beatus
347 894 439 951 sixtus
462 894 646 951 reducebatur
665 893 693 949 in
711 890 851 949 Teliudem
866 898 897 948 ut
939 895 1128 966 pertinaciam,
1144 901 1172 952 et
1186 895 1221 951 da
1240 896 1394 966 thesauros,
1414 913 1485 972 quos
1499 904 1573 973 apud
1592 910 1619 963 te
1635 911 1764 981 cognovi·

84 985 228 1051 audiretur,
244 990 272 1043 et
292 997 355 1041 cum
377 997 411 1040 ec
426 983 536 1040 diaconi
551 981 738 1040 Felicissimns
752 985 780 1039 et
794 981 896 1053 Agani-
940 997 1000 1040 mus
1026 997 1088 1040 esse
1120 983 1290 1041 reconditos.
1321 1003 1336 1038 u
1364 988 1414 1045 Cui
1438 995 1550 1048 sanctus
1573 995 1760 1057 Laurentius:

84 1081 138 1144 tns;
166 1080 196 1131 et
217 1073 332 1132 sedente
355 1072 439 1129 Decio
454 1076 482 1128 et
495 1070 650 1138 Valeriano,
667 1075 841 1143 presentatus
855 1074 898 1127 est
941 1089 956 1126 u
974 1073 1012 1128 lla
1031 1072 1099 1129 mihi
1114 1072 1236 1129 indutias
1249 1072 1335 1132 biduo
1352 1076 1396 1133 vel
1410 1078 1514 1148 triduo,
1534 1088 1563 1139 et
1581 1083 1692 1154 prolero
1711 1089 1764 1146 tibi

82 1167 171 1224 beatus
185 1163 288 1222 sixtus.
304 1161 344 1218 nd
360 1175 440 1232 quem
454 1161 554 1218 Decium
567 1160 711 1218 iracundia
726 1159 825 1230 plenus
834 1159 873 1216 ait
889 1177 895 1216 :
939 1160 1095 1219 thesauros.
1115 1179 1130 1214 u
1145 1161 1186 1218 ub
1205 1161 1302 1219 eadem
1322 1163 1366 1221 die
1377 1166 1489 1240 collegit
1503 1184 1595 1240 cecus,
1611 1174 1726 1235 claudos
1736 1177 1764 1236 θῐ

83 1275 96 1305 a
109 1256 164 1310 Nos
171 1251 282 1325 quidem
292 1249 461 1309 consulimus
470 1249 606 1306 senectuti
617 1254 682 1314 tuae,
694 1247 758 1304 audi
768 1252 899 1319 precepta
941 1247 1048 1306 debiles
1065 1261 1212 1320 pauperes,
1223 1254 1251 1306 et
1265 1250 1411 1310 abscondit
1424 1255 1453 1311 in
1469 1255 1552 1316 domu
1567 1261 1683 1331 liipoliti
1703 1280 1762 1325 eus.

82 1349 171 1400 nostra
198 1347 227 1398 et
253 1339 386 1398 sacrifica.
415 1357 431 1392 n
459 1338 613 1410 Respondit
639 1339 737 1396 beatus
768 1337 861 1394 Sixtus
890 1353 898 1392 t
940 1335 1101 1394 Valerianus
1123 1341 1213 1395 autem
1236 1338 1372 1399 nuntiavit
1398 1344 1494 1412 Decio,
1520 1349 1595 1418 qnod
1624 1355 1765 1422 promissit

81 1453 94 1484 u
108 1434 198 1500 lllser,
223 1435 252 1487 tu
267 1429 319 1487 tibi
333 1428 457 1498 consule,
473 1433 502 1485 et
519 1428 577 1484 noli
591 1427 764 1494 blasfemare,
780 1426 829 1484 sed
848 1439 899 1499 age
942 1425 1014 1483 datis
1031 1426 1085 1483 sibi
1104 1425 1219 1484 indutiis
1243 1429 1406 1488 Laurentius
1428 1433 1584 1494 thesauros.
1614 1441 1766 1514 Completis

81 1520 257 1592 penitentiam
272 1519 306 1574 de
322 1517 454 1590 sanguine
478 1522 636 1574 sanctorum
655 1529 735 1588 quem
755 1521 785 1572 tu
799 1513 899 1573 eliudl·
943 1529 1009 1588 ergo
1024 1516 1113 1573 tribus
1127 1515 1236 1582 dicbus,
1252 1519 1419 1589 presentavit
1446 1537 1476 1579 se
1504 1524 1594 1596 ipsum
1614 1528 1642 1586 ln
1662 1533 1765 1602 palatiu

79 1611 120 1667 sti.
141 1631 153 1660 e
169 1611 248 1666 Tunc
262 1612 391 1665 monente
409 1605 554 1663 Valeriano
570 1607 654 1678 jussit
671 1605 780 1672 Decius,
801 1610 831 1661 ut
852 1604 902 1661 du·
943 1605 1112 1673 salustiano;
1133 1611 1161 1664 et
1179 1607 1249 1664 dixit
1267 1608 1293 1665 el
1312 1610 1429 1667 Decius:
1448 1632 1461 1661 ι
1481 1615 1533 1671 Ubi
1551 1623 1616 1674 sunt
1631 1620 1763 1692 thesauri,

80 1703 208 1756 cerentur
229 1696 264 1754 ad
279 1695 410 1768 templum
430 1695 542 1763 diariis:
568 1699 597 1750 ct
619 1695 642 1750 si
667 1691 773 1750 nollent
796 1687 1014 1766 sacrifi-Bquos
1037 1694 1177 1766 pollicitus
1195 1709 1226 1753 es
1245 1699 1415 1768 presentavit
1438 1703 1572 1760 »Beatus
1589 1707 1763 1778 Laurentius,

80 1803 149 1856 care,
180 1787 212 1844 in
241 1785 338 1844 eodem
367 1786 430 1842 loco
456 1784 546 1855 eapite
573 1788 778 1840 truncarentur.
801 1782 901 1840 Eductl
942 1783 1058 1841 collecta
1077 1785 1252 1842 multitudine
1281 1801 1441 1858 pauperum,
1471 1791 1624 1851 introduxit
1643 1797 1671 1852 in
1691 1798 1766 1869 pala·

79 1891 140 1936 vero
163 1877 240 1937 toras
256 1890 363 1934 murum
390 1880 478 1946 porte
490 1874 577 1946 lipiae,
597 1873 666 1931 dixit
691 1873 787 1930 beatus
809 1872 902 1929 Sixtus
942 1873 1021 1942 uum,
1037 1878 1065 1930 et
1078 1887 1146 1932 uoce
1160 1889 1257 1948 magna
1276 1877 1365 1934 dixit:
1388 1879 1487 1936 «Ecce
1505 1880 1551 1939 isti
1565 1889 1630 1940 sunt
1644 1885 1766 1946 thesauri

79 1967 110 2023 ,p
131 1965 264 2039 templum
279 1965 434 2022 partim«
463 1965 591 2020 bestmct
614 1969 641 2020 te
664 1962 799 2030 Christus,
828 1961 902 2019 illius
943 1963 1050 2029 eterni,
1078 1963 1126 2035 qui
1149 1977 1288 2036 nunquam
1321 1966 1483 2025 minuuntur
1510 1984 1562 2028 nec
1589 1973 1765 2044 decrescunt,

78 2057 123 2113 bei
149 2056 215 2113 vivi.
245 2073 260 2108 s
296 2056 363 2112 Cum
391 2052 599 2124 respondissent
634 2065 729 2110 omnes
757 2047 902 2108 christiani
943 2053 991 2124 qni
1009 2053 1037 2110 in
1057 2053 1173 2126 singulis
1193 2061 1378 2128 asperguntur
1396 2063 1425 2114 et
1438 2057 1467 2114 ln
1482 2062 1609 2119 omnibus
1622 2064 1767 2125 inveniun-

81 2148 201 2203 «Amen.
215 2165 228 2196 a
240 2142 334 2201 subito
343 2143 446 2200 cecidit
454 2141 545 2213 aliqua
556 2155 620 2212 pars
630 2140 736 2212 templi.
748 2141 824 2197 Tunc
833 2139 902 2196 bea·
942 2146 998 2199 tur.
1018 2160 1034 2194 s
1049 2141 1210 2199 valerianus
1228 2142 1368 2213 bneficiis
1381 2144 1471 2204 ‘¹¹¹¹st
1490 2165 1504 2200 ‘t
1528 2150 1597 2217 Quid
1612 2155 1702 2212 lillis
1716 2171 1767 2227 iel·

76 2239 119 2292 tus
127 2232 297 2292 Laurentius
306 2233 378 2303 cepit
392 2230 510 2288 clamere
525 2250 533 2287 ι
550 2231 639 2286 «lion
655 2243 698 2286 me
713 2228 901 2299 derelinquas,
944 2230 1065 2286 multast
1083 2230 1212 2286 Sacrillca
1235 2231 1289 2288 diis
1308 2237 1336 2288 ct
1359 2233 1522 2292 obliviscere
1543 2243 1617 2296 artes
1635 2245 1765 2315 magicas,

75 2329 154 2392 parer
169 2327 278 2390 sancte,
302 2321 351 2393 qni
368 2325 494 2378 tesauros
511 2320 567 2389 jam
591 2316 710 2390 expendi
734 2331 804 2389 quos
817 2317 904 2374 tradi·
943 2318 972 2374 in
999 2318 1101 2389 quibus
1124 2318 1250 2376 contidis.
1267 2339 1282 2372 u
1298 2319 1347 2378 Cui
1367 2336 1429 2379 cnm
1447 2322 1562 2382 dixisset
1580 2327 1678 2386 beatus
1700 2333 1768 2388 Lau·

73 2411 139 2468 pisti
166 2411 248 2469 mihi.
271 2431 284 2462 ι
309 2409 409 2464 iiilites
431 2415 522 2465 autem
545 2407 690 2463 audientes
718 2406 752 2462 de
775 2407 903 2472 tesauris,
944 2408 1071 2464 rentlus:
1094 2426 1109 2460 u
1132 2410 1221 2476 Quare
1236 2422 1284 2465 vos
1299 2409 1426 2468 choortat
1446 2411 1477 2444 ¹⁸⁸
1491 2412 1628 2485 diabulus,
1649 2423 1680 2474 ut
1698 2420 1769 2477 chri·

70 2503 233 2557 tennerunt
255 2497 366 2554 beatum
391 2496 568 2552 Laurentium
585 2494 820 2562 archidiaconum,
842 2507 905 2550 san-
943 2497 1041 2552 suanis
1063 2496 1162 2554 dicatis
1184 2498 1340 2558 sacriicare
1363 2500 1524 2571 demonis?
1540 2523 1555 2558 u
1570 2506 1669 2563 beclem
1682 2507 1770 2566 iratus

67 2597 150 2646 ctum
179 2599 249 2643 vero
280 2585 385 2643 sixtum
413 2589 442 2641 et
471 2581 670 2640 Felicissimum
707 2587 735 2638 et
760 2582 905 2654 dgapuum
942 2585 1025 2654 lussit
1043 2599 1104 2643 eum
1126 2587 1259 2658 expoliari
1279 2595 1307 2645 et
1325 2589 1386 2648 cedi
1409 2605 1472 2648 cum
1493 2594 1698 2664 scorpionibus.
1717 2596 1769 2665 Qui

70 2677 222 2734 duxerunt
238 2675 266 2730 in
290 2673 390 2731 clivum
417 2673 511 2729 llartis
539 2677 602 2728 ante
631 2669 784 2742 templum:
815 2675 844 2728 et
866 2670 905 2727 ibl
945 2673 1010 2730 dum
1026 2674 1181 2744 cederetur,
1197 2675 1330 2734 dicebat:
1357 2696 1371 2730 u
1395 2680 1453 2751 Ego
1471 2681 1583 2751 quidem
1600 2683 1703 2754 gratias
1716 2699 1769 2757 ago

72 2763 213 2824 decollati
236 2762 333 2820 sunt8
351 2762 416 2818 idus
438 2762 563 2832 Augursti.
587 2762 676 2816 linctu
700 2765 835 2817 venerunt
850 2760 906 2816 cle·
944 2762 1002 2819 beo
1021 2776 1094 2830 meo,
1110 2763 1158 2833 qui
1172 2777 1215 2820 me
1228 2763 1357 2836 dignatus
1375 2771 1418 2823 est
1432 2770 1601 2840 conjungere
1616 2771 1690 2828 iuter
1712 2787 1771 2830 ser·

73 2855 124 2912 rici
155 2857 188 2910 et
213 2851 329 2908 maxima
353 2864 417 2922 pars
441 2849 667 2914 christianorum,
692 2853 720 2904 et
734 2847 906 2918 collegemnt
945 2863 995 2906 vos
1012 2864 1088 2908 suus.
1112 2852 1151 2907 Tu
1175 2857 1277 2920 antem,
1294 2854 1387 2922 miser,
1407 2857 1585 2927 torqueberis
1598 2859 1705 2916 insania
1723 2867 1770 2918 tua

72 2955 198 3016 corpora
222 2945 391 3006 sanctorum,
408 2942 436 2996 et
458 2937 622 3008 sepilierunt
636 2935 741 2992 sixtum
764 2935 793 2992 in
817 2935 905 3006 cripta
946 2941 974 2993 et
987 2937 1016 2993 iu
1031 2936 1125 2995 lurore
1139 2943 1198 2996 tuo.
1215 2943 1443 3000 risnelmum:
1459 2963 1473 2996 u
1488 2946 1658 3006 Levateeuru
1669 2949 1770 3008 etdate

74 3033 100 3088 in
116 3029 261 3088 cimiterio
275 3027 369 3086 Calisti
393 3027 421 3084 in
441 3026 536 3084 eadem
555 3026 608 3083 via.
636 3027 751 3082 Sanetus
773 3038 840 3083 vero
855 3014 1027 3083 Fe-Gomne
1041 3040 1129 3098 genus
1147 3033 1357 3098 tormentorum,
1370 3049 1385 3084 r>
1401 3037 1429 3089 et
1447 3032 1537 3091 allata:
1551 3041 1616 3092 sunt
1634 3036 1770 3098 lamminae

74 3121 242 3179 licissimum
257 3124 285 3176 ct
307 3117 451 3190 dgapitnm
475 3121 609 3186 martyres
636 3114 800 3185 sepilierunt
822 3114 851 3170 in
866 3114 904 3170 cl·
944 3113 1042 3173 terreae
1054 3115 1085 3148 ¹⁹⁸
1094 3121 1157 3174 ante
1167 3124 1347 3189 conspectum
1357 3122 1418 3192 elus
1428 3126 1456 3179 et
1465 3122 1530 3180 lecti
1551 3129 1580 3180 et
1598 3105 1732 3196 plumbati
1742 3135 1771 3187 et

73 3210 186 3268 miterio
217 3207 378 3266 Pretextati.
408 3204 541 3262 becollati
573 3207 638 3260 sunt
665 3203 787 3260 cumeis
810 3203 904 3261 etalii
945 3204 1031 3261 cardi.
1057 3206 1122 3262 Post
1147 3207 1256 3264 vinctus
1274 3209 1380 3266 catenis
1399 3209 1498 3269 duetus
1520 3219 1563 3270 est
1581 3214 1679 3273 beatus
1701 3220 1770 3276 Lau-

75 3305 209 3372 qnstuor,
234 3302 267 3354 ut
288 3295 417 3368 ingestis
435 3292 652 3366 pontiiiclalibns
675 3292 786 3366 legitur,
801 3295 903 3350 tanna·
945 3295 1052 3352 rentius
1066 3295 1094 3351 in
1118 3294 1248 3366 palatium
1271 3298 1385 3367 Tiberii,
1408 3305 1440 3357 nt
1458 3300 1496 3358 ibi
1515 3303 1602 3373 gestis
1616 3304 1768 3362 audiretur.

74 3391 140 3458 rius,
162 3391 292 3461 Magnus,
312 3386 473 3442 vincentius
495 3389 524 3442 et
547 3384 702 3456 Stephanus
729 3382 904 3441 subdiaconi.
944 3385 978 3440 Et
991 3384 1064 3441 sedit
1079 3398 1131 3456 pro
1149 3385 1282 3442 tribunali
1306 3387 1335 3442 in
1355 3387 1469 3444 basilica
1482 3391 1568 3446 iovis.
1586 3393 1643 3461 (bn.
1664 3391 1769 3462 biert.)

73 3479 174 3536 Passus
190 3484 236 3535 est
252 3490 316 3534 eum
330 3476 370 3532 eis
385 3479 413 3532 et
426 3474 524 3531 beatus
541 3475 671 3543 Quartus,
685 3477 716 3528 ut
724 3473 822 3530 scribit
836 3473 907 3529 bea·
945 3474 980 3530 nt
994 3479 1152 3543 presentato
1172 3474 1331 3540 Laurentio,
1356 3488 1418 3531 curn
1442 3477 1468 3532 el
1487 3475 1625 3534 dixisset:
1652 3481 1771 3538 «saeri-

73 3572 116 3625 tus
141 3565 330 3642 [Cyprianusi.
356 3564 407 3621 iiic
431 3564 530 3620 beatus
561 3563 653 3619 Sixtus
680 3561 753 3632 apud
785 3562 906 3618 timenus
945 3560 997 3617 bca
1012 3561 1066 3617 dlis
1089 3567 1118 3618 et
1143 3560 1199 3618 noli
1226 3561 1367 3618 conlidere
1390 3561 1418 3618 in
1438 3563 1576 3620 thesauris
1595 3568 1771 3642 quoshabes

72 3663 153 3714 natus
178 3661 208 3714 et
232 3655 334 3713 doctus
359 3651 471 3726 quidem
497 3649 574 3722 prius
596 3648 789 3721 philosophus,
809 3655 906 3719 postea
946 3648 1161 3716 absconditos»
1182 3649 1280 3706 beatus
1307 3650 1470 3708 Laurentius
1491 3651 1579 3710 libere
1601 3657 1769 3726 respondit:

72 3747 175 3804 Christi
196 3743 356 3816 discipulus
370 3741 431 3799 luit.
448 3739 525 3797 Sedit
543 3743 635 3796 auteur
656 3749 729 3794 enno
743 3751 810 3804 nno,
828 3749 907 3793 men·
947 3755 963 3791 «
981 3740 1051 3794 llere
1070 3736 1181 3794 conlido
1203 3743 1232 3794 et
1254 3751 1369 3794 securus
1383 3752 1444 3795 sum
1462 3737 1491 3795 in
1505 3740 1644 3800 thesauris
1658 3745 1768 3802 mels.»

72 3837 148 3893 ebus
172 3835 217 3904 10,
239 3833 340 3891 diebus
357 3829 403 3887 23.
426 3829 502 3886 Etsi
530 3841 597 3900 ergo
619 3831 733 3884 sanctus
749 3825 904 3896 ciprianus,
945 3826 1092 3884 iracundia
1110 3826 1210 3898 plenus
1227 3827 1327 3884 Decius
1345 3827 1428 3899 jussit
1450 3843 1513 3885 eurn
1527 3831 1630 3889 nudum
1645 3835 1771 3893 sentibus

73 3927 119 3995 qui
144 3931 216 3982 punc
242 3935 360 3994 presens
374 3924 445 3983 erat,
459 3917 520 3974 haec
534 3915 657 3986 scripsit,
673 3915 736 3987 quis
752 3928 783 3970 ea
803 3918 907 3986 negati
947 3917 1019 3975 cedi.
1048 3916 1099 3985 Qui
1128 3916 1193 3972 dnm
1213 3914 1368 3986 cederetur,
1396 3917 1531 3974 clamabat
1554 3920 1589 3977 ad
1608 3936 1768 3982 cessarem:

73 4014 176 4071 ientus
191 4013 291 4083 itaque
312 4011 410 4066 beatus
424 4005 588 4064 Laurentius
606 4019 622 4061 a
641 4004 784 4070 militibus,
800 4008 828 4060 ul
847 4007 905 4058 lra-
948 4029 962 4058 ι
977 4009 1059 4074 Ecce,
1079 4007 1187 4074 misser·
1208 4006 1250 4063 Vll
1272 4007 1355 4065 ffl⁰d0
1378 4019 1525 4080 ⁰⁰ilss0⁸⁰0›
1546 4011 1610 4081 quia
1629 4013 1769 4086 “fililho

73 4105 146 4160 dirus
175 4099 332 4160 Parthenio
356 4096 480 4154 tribuno.
500 4095 559 4167 (bn.
578 4093 676 4165 ilcrt.)
697 4093 748 4161 Qui
766 4093 907 4151 nunciavit
947 4097 982 4154 de
996 4096 1133 4153 thesauris
1161 4095 1262 4152 Christi
1281 4101 1310 4153 et
1332 4109 1389 4154 nun
1411 4099 1502 4156 sentio
1521 4105 1657 4159 tormenta
1676 4107 1733 4160 tua.
1753 4123 1769 4158 s

74 4191 168 4260 becio,
194 4189 277 4264 qunod
300 4187 474 4252 Laurentius,
500 4185 548 4256 qui
566 4183 682 4241 haberet
701 4181 845 4240 thesauros
864 4197 907 4240 re·
946 4187 987 4243 bd
1012 4186 1073 4242 hec
1092 4183 1193 4242 Decius
1211 4182 1298 4242 instes
1319 4186 1414 4258 augeri
1429 4191 1457 4244 et
1471 4186 1537 4244 dare
1556 4188 1591 4245 ad
1605 4189 1691 4246 latera
1710 4194 1771 4264 elus

74 4283 216 4350 conditos,
234 4276 449 4336 archidiaconus
466 4271 578 4338 Christi,
598 4271 627 4327 ln
649 4271 775 4328 custodia
794 4276 905 4329 tencre·
947 4275 1090 4333 lamminas
1110 4273 1214 4332 ferreas
1232 4273 1361 4332 ardentes
1375 4276 1470 4344 lussit.
1490 4277 1589 4334 Beatus
1607 4280 1770 4338 Laurentius

76 4373 136 4438 ru„
158 4371 210 4442 qut
237 4365 364 4439 gavissus
381 4362 448 4420 iecit
466 4374 527 4418 eum
552 4361 705 4430 presentari
724 4360 789 4427 sibi,
810 4367 838 4416 et
856 4343 1039 4420 an-Ddtxit:
1065 4381 1079 4416 u
1102 4364 1217 4420 homine
1230 4365 1295 4421 iesu
1317 4364 1435 4431 Christe,
1455 4364 1528 4420 Deus
1548 4365 1583 4420 de
1600 4366 1668 4434 heo,
1688 4369 1771 4426 mise·

73 4459 160 4516 dnum
180 4456 304 4516 mdffip
326 4467 388 4510 eum
407 4450 552 4508 valerium
572 4447 706 4520 preiecto,
730 4449 826 4520 quiet
846 4450 906 4521 ipse
947 4467 1009 4509 rere
1024 4451 1092 4508 mibi
1115 4465 1194 4509 servo
1218 4457 1276 4519 tuo,
1293 4452 1342 4523 qul
1364 4456 1509 4509 accusatus
1531 4465 1587 4509 non
1610 4457 1638 4510 te
1662 4457 1768 4528 negavi.

74 4547 152 4605 dedit
181 4559 249 4605 eum
278 4545 308 4600 iu
326 4541 453 4600 custodie
478 4537 586 4595 cuidam
605 4537 717 4609 ipolito,
744 4543 772 4593 et
790 4539 906 4608 ipolitus
948 4541 1133 4612 interrogatus
1147 4545 1174 4598 te
1198 4541 1338 4599 dominum
1358 4540 1496 4599 Christum
1510 4539 1767 4601 confessussnm.»

73 4637 190 4695 reclusit
220 4645 367 4694 eumcum
386 4629 490 4686 multis.
510 4629 575 4684 Crat
604 4625 643 4682 ibi
671 4625 765 4691 homo,
786 4627 906 4685 Lucillus
948 4630 981 4686 iit
996 4629 1061 4686 dnm
1085 4628 1238 4686 diutissime
1257 4643 1319 4686 cum
1334 4629 1482 4702 plumbatis
1502 4629 1659 4696 cederetur,
1679 4628 1769 4686 dixit:

73 4729 197 4792 nomine,
214 4737 311 4791 cecus,
327 4721 362 4778 ad
377 4733 458 4790 quem
476 4721 588 4773 sanctus
602 4715 786 4772 Laurentius:
803 4733 817 4768 u
836 4716 905 4774 Cre·
949 4719 1175 4777 «nominetesu
1197 4719 1316 4788 Christe,
1341 4719 1389 4791 qul
1412 4733 1463 4792 pro
1487 4723 1581 4776 nostra
1607 4717 1695 4776 salute
1724 4718 1770 4776 dl·

74 4815 156 4874 dein
177 4815 271 4872 hlium
299 4811 347 4868 liei
365 4809 506 4866 dominum
528 4808 620 4862 Jesum
634 4804 782 4872 Christum,
803 4810 831 4862 et
856 4807 905 4863 ba·
947 4813 1046 4880 gnatus
1074 4823 1105 4864 es
1128 4806 1243 4866 lormam
1256 4809 1329 4865 servi
1342 4807 1480 4879 accipere,
1500 4813 1531 4863 ut
1554 4818 1605 4864 nos
1628 4808 1771 4866 aservitio

73 4905 192 4974 brinate,
215 4907 247 4961 et
266 4897 429 4957 illuminavit
448 4895 480 4928 ¹⁹⁸
503 4902 539 4951 te.
556 4913 571 4947 u
592 4892 743 4964 Respondit
763 4894 904 4951 Lucillus:
948 4898 1095 4954 demonum
1123 4897 1267 4966 liberares,
1291 4896 1387 4968 accipe
1416 4895 1544 4966 spiritum
1572 4909 1709 4952 meum.»
1737 4898 1771 4954 Et

75 4995 169 5067 uligo
181 4994 248 5065 ipse
260 4988 413 5048 desideravi
424 4983 557 5044 babtizari
574 4983 602 5040 ln
615 4983 726 5040 nomine
737 4981 842 5040 domini
857 4999 907 5042 no·
948 4985 1042 5043 andita
1071 4991 1113 5042 est
1141 4999 1226 5044 vox:
1258 5005 1272 5036 ι
1305 4984 1402 5042 bdhuc
1429 4983 1514 5041 multu
1542 4985 1692 5042 certamin·
1719 4984 1771 5043 tibi

74 5085 123 5140 stri
138 5084 209 5140 iesu
225 5079 339 5138 Christi.
358 5097 371 5128 ι
388 5077 463 5133 Tune
477 5074 574 5131 beatus
594 5071 758 5128 Laurentius
777 5072 909 5130 cataciza·
949 5074 1133 5132 debentur.»
1159 5075 1293 5132 Extentus
1326 5073 1354 5130 ln
1386 5077 1489 5129 catasta
1522 5077 1550 5130 et
1577 5072 1772 5144 scorpionibus

75 5175 113 5231 eit
142 5187 224 5240 eum,
257 5173 285 5227 et
311 5169 424 5238 accepta
451 5177 522 5236 aque
541 5161 687 5220 babtizavit
706 5165 734 5218 et
752 5161 908 5220 inluminati
950 5163 1108 5237 gravissime
1131 5177 1235 5233 cessus,
1264 5162 1411 5221 subridens
1429 5167 1458 5220 ct
1475 5161 1576 5234 gratias
1590 5175 1675 5234 agens
1693 5162 1771 5221 dice·

768 5330 880 5389 VARIAE
897 5331 1090 5390 muniones.

111 5489 143 5524 ¹⁸⁸
159 5493 182 5548 i.
201 5505 230 5548 e.
247 5486 422 5548 illuminabit.
462 5480 558 5552 mlepe
572 5486 688 5538 coartat.
727 5480 758 5514 ¹⁹⁸
771 5481 843 5538 ierrc
865 5483 890 5537 i.

167 5610 296 5666 Parnon.
310 5604 431 5665 CllLi'il.
