4016 6160
88 275 138 332 589
595 280 751 338 HISTORIA
770 283 1013 371 lttsttolvtttttSls
1031 285 1244 344 mouisti-:itit

88 411 174 454 rorum
188 397 236 454 liei
251 398 376 468 mansio;
399 414 462 470 qua
485 403 513 458 iu
533 417 604 475 pago
619 405 803 463 hustrebauto
816 407 900 464 Scar·
908 417 936 478 Α
979 409 1146 466 waltoarius
1159 421 1232 468 annu
1246 426 1256 466 r
1270 418 1298 468 et
1312 411 1404 470 semis.

89 487 131 542 bin
153 486 260 556 adjacet
280 487 374 556 liuvio,
401 489 509 560 inqua,
538 499 569 549 ut
593 493 748 551 coenobium
762 497 819 552 beo
834 509 903 553 con·
977 497 1101 568 hipaidis
1118 512 1192 555 auno
1211 513 1277 556 uno.

88 579 210 642 strueret,
226 575 280 630 sibi
295 576 442 647 sororique
465 593 522 635 suae
542 579 654 638 Eulaliae
673 583 728 652 jam
744 588 902 640 memorata
977 587 1115 644 hmadeus
1129 589 1209 644 anuis
1223 588 1332 646 duobus
1346 595 1374 647 et
1386 592 1479 648 semis.

88 663 220 729 convenit,
248 669 275 720 et
309 670 392 722 multe
406 666 562 725 devotionis
580 669 706 727 abiectum
722 671 837 729 allectus
854 687 902 729 se·
978 674 1119 732 ddalullus
1133 677 1213 734 antris
1226 693 1262 734 ιιι
1277 685 1305 734 ct
1323 679 1416 736 semis.

88 753 185 822 quitur,
216 754 392 825 tandemque,
408 757 465 813 lieo
479 767 657 828 cooperante,
673 761 824 831 perficitur.
844 763 903 818 cte·
977 764 1146 835 hignitrudis
1160 766 1240 822 annis
1258 782 1284 822 1.

88 847 157 911 ptum
172 847 215 897 est
228 847 319 899 autem
343 844 396 900 hoc
416 858 486 916 opus
500 861 572 904 anno
586 848 727 906 humanati
746 851 828 907 Verbi
842 865 905 908 sex·
978 854 1169 911 Ermeutrudis
1196 855 1357 926 imperatrix
1379 864 1407 914 et
1435 859 1530 932 regina
1548 875 1610 919 cum
1626 862 1680 920 tilia
1710 869 1765 921 ιοοι

88 929 232 986 centesimo
251 927 463 1004 septuagesimo,
492 935 655 994 Theoderici
684 939 757 1010 regis
775 939 825 996 hlii
838 940 904 998 Clo·
944 942 1125 998 Ermcntrude
1139 942 1220 999 antris
1233 959 1272 1000 ιι.

88 1018 162 1074 ιοιοι
192 1021 266 1091 regis
294 1026 321 1076 et
348 1022 482 1079 bathildis
510 1026 613 1096 reginae
633 1041 705 1084 anuo
728 1030 906 1100 sucumque
980 1031 1153 1103 colliguntur
1182 1032 1210 1088 in
1245 1047 1350 1091 summa
1382 1038 1447 1094 anui
1480 1046 1590 1096 centum
1618 1042 1766 1114 nonaginta

87 1105 250 1164 architector
268 1115 416 1167 extremam
440 1113 518 1182 operi
549 1128 657 1171 manum
675 1115 809 1185 dedisset,
839 1130 905 1174 evo·
945 1126 1072 1190 quatuor.
1108 1122 1156 1177 llis
1179 1123 1334 1180 rectoribus
1352 1125 1438 1182 multa
1456 1141 1507 1198 per
1538 1135 1662 1201 tempora
1689 1131 1767 1189 locus

88 1198 144 1252 cato
176 1198 335 1255 venerando
371 1201 575 1258 Cameracensis
613 1203 745 1262 Ecclesia
783 1205 906 1262 antistite
946 1209 991 1265 hic
1006 1210 1034 1266 in
1049 1209 1110 1266 dies
1133 1213 1279 1281 processit,
1296 1219 1323 1268 et
1341 1214 1465 1287 adusque
1481 1217 1576 1275 ultima
1590 1221 1769 1278 carolicalvi

90 1284 256 1354 vindiciano,
271 1289 327 1343 heo
353 1294 504 1359 sanctoque
520 1293 602 1348 Petro
627 1293 701 1350 idem
715 1294 915 1352 locusattitu··
945 1303 1070 1369 tempora
1103 1299 1184 1372 rigidi
1218 1307 1344 1358 servator
1375 1302 1486 1361 honesti
1519 1309 1679 1377 permansit.
1713 1311 1769 1368 Nec

88 1373 154 1429 latur
169 1375 259 1444 pridie
274 1376 410 1434 Kalendas
434 1379 505 1437 llaii.
522 1382 588 1437 lum
608 1388 703 1439 sancta
718 1383 783 1440 Sion
798 1385 906 1454 sponso
947 1387 1079 1444 lectorem
1110 1396 1217 1446 moveat
1249 1391 1392 1462 utriusque
1420 1407 1503 1452 sexus
1530 1411 1664 1466 personas
1680 1398 1768 1456 eidem

87 1476 133 1518 suo
152 1464 261 1533 juncta,
286 1465 358 1524 lilios
389 1475 492 1526 sancta
520 1469 679 1528 dilectionis
712 1473 831 1544 peperit,
858 1486 908 1544 per
946 1474 1010 1532 loco
1026 1475 1178 1546 praefuisse,
1194 1479 1329 1550 geminam
1345 1481 1490 1553 quippein
1506 1485 1769 1544 duobusmouaste·

88 1565 152 1622 quos
180 1553 297 1611 odorem
320 1556 450 1613 virtutum
478 1557 533 1614 late
552 1561 695 1631 respersit,
716 1563 754 1618 ita
774 1567 804 1618 ut
818 1562 909 1620 exsul·
948 1564 997 1621 riis
1025 1567 1222 1624 monachorum
1240 1583 1273 1626 ac
1291 1571 1539 1629 sanctimonialium
1553 1580 1689 1631 cateruam
1704 1589 1771 1633 cou-

88 1647 144 1697 tans
168 1642 264 1700 dicere
289 1653 382 1714 posset
399 1666 405 1701 ε
422 1647 488 1703 Cum
511 1654 579 1705 essct
593 1651 651 1706 Rea
669 1651 697 1704 io
715 1649 835 1708 occubitu
848 1666 906 1719 suo,
947 1659 1002 1710 stat
1015 1652 1110 1712 inisse.
1135 1657 1219 1726 cujus
1243 1657 1284 1714 rei
1298 1656 1379 1714 hdem
1397 1659 1462 1716 huic
1477 1660 1626 1719 collatione
1640 1662 1771 1720 similium

90 1731 182 1786 riardus
197 1733 342 1803 perdedit
358 1734 473 1790 odorem.
914 1743 1106 1826 Btestimonio
1129 1752 1254 1802 veterum
1280 1745 1360 1804 iacile
1388 1747 1447 1804 herl
1475 1756 1594 1808 constat.
1622 1753 1656 1809 Et
1684 1755 1772 1823 major

405 1825 513 1880 CAPUT
540 1827 586 1882 ιιι.
948 1832 1051 1902 quippe
1070 1845 1104 1890 eo
1132 1832 1187 1890 loci
1216 1834 1308 1892 divina
1331 1837 1419 1906 gratia
1446 1836 1545 1908 iuerat,
1574 1840 1649 1911 quod
1669 1842 1717 1898 lici
1742 1842 1769 1898 in

139 1912 176 1966 bc
197 1909 342 1968 illustribus
364 1912 480 1983 chortem
498 1914 609 1971 merobii
620 1913 804 1986 [bubuloribus
823 1931 856 1972 oc
949 1921 1092 1992 utriusque
1106 1935 1190 1980 sexus
1202 1935 1252 1980 ore
1271 1922 1359 1996 gloria
1374 1932 1514 1984 sonuerat.

418 2003 571 2060 resumo.
1283 2032 1392 2088 curun
1412 2035 1442 2088 v.

120 2086 160 2142 ild
188 2088 322 2145 ioarvnem
348 2090 436 2146 virum
464 2092 649 2149 venerabilem
683 2093 780 2151 redeat
806 2093 907 2161 oratio,
950 2117 1027 2186 Quod
1041 2119 1209 2175 Emungi,
1227 2120 1325 2190 mgna.
1344 2121 1437 2192 ρει-,ιο
1452 2121 1568 2178 mmm
1586 2123 1670 2181 pom,

88 2176 132 2242 qui
150 2189 234 2233 causa
259 2185 287 2234 et
315 2179 481 2249 principium
510 2181 575 2237 huic
603 2179 694 2238 lucrat
716 2182 856 2249 coenobto,
882 2187 910 2238 et
1146 2189 1221 2247 Calvi
1240 2191 1426 2263 munificaberit
1444 2191 1577 2264 bmoeticio.

88 2265 236 2333 premissis
263 2265 390 2323 ellectum
418 2267 550 2336 daturns;
581 2272 682 2340 quibus
705 2272 729 2327 is
748 2271 910 2342 parentibus
985 2276 1102 2334 Praelata
1131 2291 1248 2350 namque
1284 2281 1476 2338 Ermentrudis
1512 2281 1665 2338 nobilitatis
1692 2283 1773 2347 titulo

86 2353 222 2424 originem
241 2355 362 2423 duxerit,
391 2371 516 2428 quosque
546 2373 692 2431 germanos
709 2361 751 2416 vel
766 2374 910 2432 germanas
951 2365 1060 2438 egregie
1084 2365 1216 2437 pollebat,
1241 2383 1322 2440 quem
1344 2371 1450 2427 meritis
1464 2377 1493 2428 ct
1507 2371 1642 2442 sapientia
1656 2371 1775 2444 egregiis

80 2440 224 2509 babuerit,
254 2443 366 2513 scriptis
393 2445 518 2516 signabo.
549 2447 600 2503 llic
628 2449 764 2505 liutbaldo
793 2455 870 2520 patre
882 2455 911 2506 ct
951 2454 1137 2513 decorabilem
1164 2457 1299 2516 reddebat
1322 2459 1392 2516 adeo
1426 2465 1456 2517 ut
1483 2460 1511 2516 in
1531 2459 1652 2518 fascibus
1666 2461 1775 2531 imperii

77 2533 229 2588 Grimoara
261 2539 347 2588 matre
376 2539 463 2601 ortus,
491 2549 637 2607 germanos
656 2537 751 2594 habuit
765 2537 909 2605 hidonem,
952 2543 1082 2600 humilem
1109 2545 1259 2604 mirareris.
1279 2549 1337 2604 Nec
1369 2549 1459 2619 magni
1474 2548 1571 2606 hahuit
1585 2550 1645 2605 sine
1660 2548 1774 2606 bumili-

84 2623 270 2690 hutgangum,
312 2621 494 2692 hdalbodum,
541 2625 721 2696 hdalardum;
767 2641 912 2699 germanas
951 2637 1008 2688 tate
1036 2638 1064 2690 et
1082 2633 1217 2692 charitate
1243 2650 1379 2707 regnare;
1398 2637 1501 2707 quibus
1528 2637 1580 2694 alis
1605 2638 1639 2695 de
1655 2638 1775 2694 terrenis

86 2721 150 2764 vero
169 2707 315 2778 Eulaliam,
337 2711 499 2768 Bertrndem
518 2719 546 2770 et
572 2714 765 2772 adalunaram.
784 2717 911 2773 habuere
951 2720 986 2777 ad
1001 2719 1124 2779 coelestia
1143 2723 1241 2780 didicit
1264 2724 1383 2781 evolare.
1409 2727 1439 2782 ln
1466 2727 1637 2782 consortium
1657 2724 1775 2796 proinde

88 2797 114 2852 hi
141 2796 318 2866 avunculum,
348 2801 459 2856 nomine
479 2807 508 2858 ct
524 2804 623 2860 merito
638 2803 799 2862 beodatum.
821 2805 911 2876 Hique
951 2824 1010 2866 suae
1029 2812 1139 2868 virtutis
1157 2826 1239 2870 carne
1267 2821 1296 2872 et
1324 2815 1423 2884 spiritu
1443 2821 1588 2885 pepererat
1613 2815 1707 2880 liliam,
1724 2828 1773 2871 uo

90 2887 137 2942 viri
155 2891 185 2943 et
199 2884 308 2944 lemine
337 2889 547 2960 misericordia,
576 2905 694 2963 quorum
705 2894 821 2962 justitia
840 2893 911 2950 obli·
951 2900 1025 2954 mine
1048 2901 1101 2956 sibi
1124 2903 1303 2971 equivocam,
1319 2903 1368 2960 sed
1388 2903 1493 2960 meritis
1508 2904 1672 2973 univocam;
1692 2918 1774 2975 quam

89 2977 194 3034 viuuem
210 2990 266 3034 nou
281 2985 461 3050 acceperuut.
480 2981 600 3052 Spiritus
613 2983 702 3040 sancti
717 2983 824 3041 fervore
840 2999 911 3042 con·
952 2987 1043 3043 vorbis
1075 2995 1104 3045 et
1130 2989 1264 3061 exemplis
1283 2990 1388 3060 docuit,
1415 3005 1447 3048 ac
1475 2991 1510 3048 ad
1538 2991 1623 3048 totius
1641 2992 1774 3048 honitatis

91 3071 168 3136 cepto
192 3073 362 3138 pepererunt
380 3069 520 3138 virtutem,
549 3085 600 3142 per
624 3086 707 3143 quam
734 3071 1070 3148 facultatibusgnnguem
1097 3076 1227 3136 instituit.
1251 3081 1371 3148 Quarum
1398 3080 1485 3136 virtus
1503 3081 1573 3138 adeo
1597 3081 1718 3138 excrevit
1733 3089 1773 3148 ut,

93 3157 207 3226 propriis
235 3171 267 3213 se
295 3157 484 3228 spoliaverunt
515 3158 661 3233 locumque
699 3162 773 3220 bunc
800 3165 911 3235 egregie
951 3161 1050 3220 relicta
1076 3164 1172 3221 saculi
1188 3179 1298 3237 pompa,
1314 3173 1345 3223 se
1359 3167 1473 3234 mundo,
1487 3167 1620 3224 mundum
1635 3167 1688 3224 sibi
1707 3181 1774 3224 cru·

92 3243 254 3302 ditaverunt.
282 3247 403 3313 Quorum
437 3249 541 3319 primus
567 3251 687 3307 loannes
714 3266 778 3308 cum
806 3253 910 3310 Eulalia
951 3250 1104 3323 ridgerent,
1120 3255 1340 3326 praescriptoque
1369 3255 1397 3310 in
1416 3254 1479 3312 locu
1507 3255 1616 3312 lemine
1633 3254 1776 3312 incastris

92 3347 181 3391 sorore
199 3348 252 3391 sua
274 3332 366 3392 locum
389 3337 463 3392 bunc
481 3343 646 3394 construens
660 3339 813 3397 honorilice
827 3343 909 3409 rexit,
950 3337 1101 3394 Dominicis
1128 3338 1229 3395 milites
1256 3339 1364 3406 herent,
1388 3339 1534 3409 locumque
1548 3340 1622 3396 hunc
1637 3346 1694 3396 tum
1710 3350 1776 3394 eon-

1683 2125 1774 2184 Caroli

93 3425 245 3496 sanctisque
271 3429 326 3480 ιοιο
357 3439 449 3482 rerum
475 3439 586 3483 suarum
604 3441 686 3497 quam
701 3429 830 3485 virtutum
847 3443 911 3500 pro
950 3425 1021 3482 siliis
1039 3434 1096 3483 tum
1115 3428 1199 3483 rebus
1226 3426 1359 3495 ditavere,
1389 3435 1472 3496 atque
1499 3432 1553 3483 tam
1569 3427 1654 3497 regali
1669 3426 1777 3482 munili-
1857 3437 1863 3446 ·

93 3514 212 3570 ventibus
225 3514 258 3570 in
278 3513 363 3570 altum
387 3515 485 3572 erexit.
500 3515 550 3572 cui
564 3513 650 3572 irater
662 3515 732 3573 llldo
746 3517 909 3584 succedens,
951 3515 1042 3571 centia
1066 3528 1147 3584 quam
1167 3514 1312 3588 privilegio
1327 3515 1554 3572 corroboravere.
1571 3514 1696 3570 ilabebat
1710 3520 1776 3569 tuuc

95 3601 188 3659 relictis
226 3602 312 3659 rebus
335 3603 508 3674 conlugeque
536 3603 644 3670 0Edila,
674 3603 800 3673 deposita
833 3618 911 3660 coma
951 3603 980 3658 in
994 3603 1113 3672 sceptris
1127 3604 1242 3660 Francia
1270 3604 1388 3673 primum
1417 3603 1570 3673 principem
1590 3603 1633 3659 sui
1647 3602 1774 3660 carolum

94 3692 193 3760 capitis,
210 3691 313 3748 castris
338 3706 368 3749 se
396 3691 498 3749 Christi
528 3692 641 3748 militem
670 3693 767 3750 eodem
790 3693 819 3749 in
847 3692 911 3750 loco
951 3695 1112 3763 augustum,
1141 3693 1307 3762 cognomine
1335 3691 1456 3758 calvum,
1483 3692 1556 3762 apud
1593 3705 1674 3762 quem
1698 3705 1774 3762 sepe

94 3779 231 3851 ascripsit;
253 3781 300 3850 qui
315 3781 386 3836 sicut
404 3781 535 3836 virtutum
558 3795 689 3838 ascensus
709 3783 738 3838 in
756 3782 841 3838 corde
860 3796 911 3840 suo
951 3785 1129 3838 memoratam
1151 3780 1361 3838 Ermentrudem
1376 3780 1522 3852 plurimum
1537 3793 1619 3853 posse
1642 3781 1706 3837 hinc
1721 3794 1774 3838 no·

95 3866 232 3938 disposuit,
259 3869 298 3923 ita
319 3881 369 3938 per
392 3869 597 3925 ecclesiasticos
621 3869 724 3940 gradus
746 3869 910 3940 ascendens,
951 3868 1054 3938 bilitas,
1088 3869 1154 3927 bine
1173 3869 1297 3941 probitas
1323 3869 1412 3940 ipsius
1439 3869 1535 3926 habuit
1559 3869 1679 3928 elicere.
1697 3870 1774 3927 Unde

96 3956 253 4027 presbyterii
278 3956 411 4014 bonorem
434 3957 565 4025 obtinuit,
586 3973 668 4029 quem
687 3958 790 4016 sanctis
804 3960 911 4016 actibus
951 3958 1033 4015 etiam
1049 3959 1184 4029 petitione
1206 3958 1294 4029 ipsius
1320 3959 1396 4030 regia
1414 3971 1444 4014 se
1468 3959 1596 4029 maiestas
1618 3959 1683 4016 huic
1711 3959 1773 4016 loco

96 4057 172 4114 rusque
190 4047 224 4104 ad
246 4047 512 4103 consummationem
531 4047 594 4104 vitre
609 4046 794 4105 decorabilem
813 4048 910 4105 reddi·
951 4045 1103 4114 inclinavit,
1117 4061 1209 4131 ‚quem
1231 4054 1259 4104 et
1278 4046 1465 4108 munificentia
1476 4047 1582 4104 ditavit.
1599 4048 1655 4106 Nec
1670 4049 1774 4120 pigebit

97 4131 140 4187 dit.
166 4136 196 4191 Et
213 4143 245 4192 ut
265 4147 374 4191 omnem
398 4143 537 4193 rectorum
552 4137 674 4207 ejusdem
694 4136 748 4194 loci
762 4137 851 4194 lector
869 4137 912 4192 in·
952 4151 985 4194 ex
1010 4136 1129 4193 archivis
1169 4136 1293 4207 ejusdem
1325 4137 1485 4200 monasterii
1514 4137 1668 4207 prescripti
1701 4137 1775 4207 regis

97 4223 177 4279 veniat
198 4225 416 4292 successionem,
442 4225 512 4281 hanc
530 4225 565 4282 ab
588 4224 706 4282 archivis
724 4233 859 4298 sumptam
874 4225 912 4284 le·
951 4225 1125 4296 privilegium
1143 4225 1189 4282 bic
1215 4238 1383 4295 supponere,
1411 4238 1443 4280 ac
1458 4223 1614 4296 legentibus
1629 4237 1714 4293 super
1730 4224 1775 4279 his

99 4310 406 4386 proscriptionem·
951 4327 1014 4387 quae
1028 4312 1156 4382 dicimus,
1171 4311 1253 4370 iidem
1268 4311 1368 4370 iacere.

413 4402 521 4459 CAPUT
540 4403 584 4458 ll·
918 4413 944 4474 n
1274 4419 1383 4476 curun
1405 4418 1448 4474 vv.

228 4492 447 4549 consummatio
465 4495 594 4548 rectorum
616 4489 692 4560 usgue
705 4489 766 4547 ue.
950 4509 993 4568 ιο
1020 4507 1156 4566 turudum
1182 4507 1250 4564 tuem
1269 4507 1412 4564 ιιιιιιιιιι
1442 4511 1570 4578 sumptum
1597 4504 1772 4562 marcuart

128 4576 240 4636 loannes
253 4580 324 4636 abba
339 4584 367 4636 et
381 4578 485 4636 Eulalia
504 4592 585 4636 soror
598 4580 658 4649 ejus
673 4587 820 4636 tenuerunt
835 4579 912 4650 regi·
1182 4578 1272 4636 Coreli
1282 4579 1357 4637 Calvi
1366 4577 1539 4651 privilegium.

100 4673 153 4720 nen
168 4668 365 4726 hasnoniensis
379 4669 499 4726 coenobii
514 4670 593 4726 annis
607 4684 674 4725 xvvr.
959 4709 963 4719 .
988 4687 1003 4722 u
1018 4667 1169 4724 innomine
1179 4673 1282 4725 sauctae
1297 4673 1325 4724 et
1334 4666 1483 4724 individuae
1497 4665 1648 4721 Trinitatis.
1659 4664 1774 4721 carolus

130 4753 192 4812 bido
219 4757 374 4828 presbyter,
394 4756 480 4814 irater
493 4757 619 4829 praedicti
633 4757 757 4824 loannis,
773 4756 852 4812 annis
867 4771 909 4813 vu.
951 4755 1141 4814 misericordia
1160 4756 1209 4812 liei
1227 4756 1378 4826 imperator
1404 4757 1551 4825 Augustus.
1581 4753 1609 4808 Si
1632 4767 1772 4810 servorum

101 4839 129 4893 tlt
145 4843 294 4911 Bertrudis,
304 4860 385 4904 soror
395 4848 464 4918 ejus,
480 4861 541 4904 cum
557 4859 591 4903 eo
605 4846 686 4902 anuis
696 4860 741 4901 xx.
753 4844 910 4915 sigebolda,
951 4847 1000 4903 liei
1037 4843 1202 4902 utilitatibus
1238 4844 1427 4901 subveniendo
1463 4840 1641 4910 conterimus,
1680 4841 1774 4912 prolu-

102 4937 171 4986 soror
188 4933 296 5004 praelati
323 4935 448 5004 bidonis,
477 4935 566 4992 tenuit
588 4948 650 4991 cum
674 4947 708 4990 eo
722 4933 846 5004 regimen
860 4946 912 4988 an·
951 4943 1043 4993 turum
1075 4934 1156 4992 nobis
1187 4934 1241 4991 hoc
1268 4933 1303 4990 ad
1323 4941 1454 4990 aeternam
1481 4931 1681 4990 beatitudinem
1713 4931 1773 4989 iore

104 5015 209 5088 uisvrrv,
224 5031 252 5080 et
277 5031 340 5094 post
362 5025 422 5094 ejus
445 5024 589 5082 decessum
603 5037 642 5080 vv.
659 5021 911 5089 ddaluuaria,ttem
951 5023 1028 5082 nullo
1061 5023 1143 5082 modo
1171 5023 1344 5094 ambigimus.
1372 5023 1546 5093 Quapropter
1572 5021 1680 5079 noverit
1711 5034 1773 5077 cm·

103 5111 252 5168 sorordieti
267 5112 391 5182 bidonis,
410 5114 490 5170 annis
504 5129 531 5170 x.
952 5113 1027 5170 uium
1060 5117 1164 5169 sanctae
1199 5112 1249 5168 bel
1277 5109 1408 5168 Ecclesia
1444 5109 1567 5167 bdelium
1601 5116 1774 5166 nostrorum·

133 5197 362 5259 &vericmannis
384 5217 458 5260 xxxv.
475 5201 631 5269 (landrada,
650 5199 705 5261 dha
720 5200 845 5272 predicti
864 5203 912 5258 Sa-
952 5216 1005 5272 que
1035 5207 1089 5258 tam
1125 5201 1303 5273 praesentium
1322 5213 1404 5270 quam
1433 5205 1461 5256 et
1493 5197 1647 5256 futurorum
1679 5198 1773 5254 indu·-

104 5285 281 5355 trrici,annis
298 5307 347 5348 mv.
843 5349 848 5359 ,
951 5291 1028 5358 stria,
1054 5291 1185 5362 quoniam
1207 5289 1322 5346 iratrurn
1349 5294 1378 5346 et
1406 5301 1533 5346 sororum
1562 5288 1774 5346 necessitatibus

43 5405 45 5410 ,
133 5374 354 5437 toroldusauuts
368 5395 406 5437 vr.
950 5380 979 5436 in
1018 5378 1146 5438 coenobio
1187 5377 1334 5436 llasnoniae
1366 5384 1536 5448 nuncupato,
1572 5376 1702 5435 videlicet
1732 5378 1774 5434 si·

43 5489 45 5524 ι
133 5460 269 5524 llotiridus
282 5469 363 5526 annis
376 5485 450 5527 xxvi.
953 5476 982 5526 to
1018 5468 1048 5525 in
1091 5467 1224 5526 comitatu
1267 5465 1464 5536 bracbatensi,
1508 5464 1538 5522 in
1574 5478 1644 5537 pago
1680 5467 1774 5524 Ostre-

44 5543 46 5594 ἶ
133 5549 242 5612 barsina
255 5557 334 5616 annis
348 5572 407 5614 ιιιιι.
953 5557 1047 5624 bauto,
1067 5569 1151 5628 super
1178 5555 1289 5612 liuvium
1320 5555 1463 5626 scarbum,
1492 5553 1544 5611 sub
1571 5553 1657 5612 tutela
1684 5552 1773 5612 sanmi

44 5619 46 5628 ι
