4108 6164
212 231 266 288 275
516 219 523 230 ’
720 227 862 283 ΑΡΡΕΝΙ).
881 229 926 284 ΑΙ)
944 229 1098 287 JOhNNEM
1116 225 1395 284 hototttcntlsmt.
1846 225 1903 284 ato

211 358 265 418 luit
278 353 488 426 Rotomagcnsis
506 351 583 409 urbis
606 351 721 408 antistes
744 351 848 421 primus
870 353 1013 412 ordinatas
1023 374 1032 412 z
1043 354 1165 425 aprime
1179 351 1312 409 clotharii
1331 349 1403 422 regis
1417 351 1594 418 Francorum,
1609 349 1741 408 nobiliter
1754 350 1901 420 edificata,

214 454 242 506 et
254 443 388 504 Matienus
402 440 453 500 init
467 441 572 513 primns
586 440 615 496 in
633 439 699 496 sede
713 439 829 496 locatus.
1077 444 1105 499 in
1121 457 1174 514 qua
1193 455 1295 511 corpus
1314 440 1387 496 beati
1406 439 1531 500 audocni
1550 441 1720 497 successoris
1744 441 1787 498 sui
1810 441 1903 514 sepul-

248 555 295 612 Sic
309 553 333 610 is
346 565 402 610 non
416 564 513 607 versus
525 548 630 619 poterit
643 547 795 604 consistere
809 561 914 606 versus,
1079 537 1148 590 turs
1162 531 1291 588 traditum
1303 534 1354 587 cst
1370 529 1421 585 llic
1430 542 1495 586 vcro
1510 528 1607 585 beatus
1621 529 1729 586 Flavius
1737 543 1810 590 anno
1823 531 1904 602 quin-

1079 621 1266 694 genteslmo...
1282 617 1431 676 Dominicae
1442 618 1641 676 incarnationis
1650 619 1745 675 multis
1754 621 1904 678 virtutihus

1079 709 1223 782 preditus,
1243 708 1328 765 divini
1347 708 1449 764 amoris
1467 708 1610 780 ilagrantia
1624 722 1767 778 accensus,
1788 709 1905 781 dapsilis

1080 799 1257 871 pauperibus,
1277 799 1507 868 liotomagensem
1525 799 1597 854 rexit
1610 797 1772 858 Ecclesiam.

1116 888 1184 944 linio
1203 886 1337 944 successit
1354 887 1545 953 Praetextatus,
1565 885 1608 942 vir
1625 900 1731 958 magnae
1749 887 1906 945 sanctitatis

251 679 362 738 Eustitit
379 676 507 750 egregius
520 674 654 732 Mallonus
668 673 696 728 in
715 673 813 730 ordine
826 675 942 746 primus,

250 769 372 827 llorihus
390 771 514 834 amatus,
534 763 607 820 clara
621 775 732 834 quoqne
744 764 831 835 stirpe
845 771 965 824 creatus.

251 857 356 916 Enituit
369 855 471 923 verbis,
488 851 622 924 praeiulsit
636 856 664 909 et
678 851 787 910 actibus
800 853 897 911 almis:

252 947 369 1019 dapsilis
382 945 412 1002 ln
431 941 549 1009 cunctis,
564 941 686 1000 clemens
700 945 728 997 et
742 941 834 1014 largus
848 946 952 1016 egenis.

253 1037 389 1095 hiantibus
402 1032 526 1092 intirmos
544 1031 659 1088 curabat
673 1030 800 1103 dogmate
814 1046 912 1102 mero,
998 1052 1006 1066 ·

252 1125 396 1185 homones
410 1126 523 1180 vexatos
541 1120 675 1194 purgabat
688 1120 800 1178 omnine
815 1135 904 1180 sacro.

254 1213 369 1286 Pervigil
384 1213 414 1271 in
428 1210 532 1283 populo
547 1214 643 1282 pastor
656 1209 718 1280 pius
732 1225 764 1266 ac
779 1211 951 1282 speculator,

252 1307 306 1362 Pro
320 1303 373 1361 sibi
387 1299 541 1360 comndssis
555 1312 663 1355 murum
677 1312 708 1355 se
721 1300 839 1356 contulit
853 1301 938 1358 hosti.

251 1393 428 1465 compatiens
447 1389 539 1461 aegris,
558 1387 672 1445 collisos
687 1387 878 1446 consolidavit.

254 1483 388 1542 hacmbat
406 1480 522 1538 homino
540 1492 570 1534 sc
585 1491 694 1548 semper
708 1492 785 1535 saera
799 1478 925 1550 litando,

254 1573 416 1644 Perpetuam
435 1580 531 1641 pacem
547 1565 701 1638 deposcens
719 1572 801 1638 atquc
815 1567 942 1626 salntem

254 1663 290 1718 Ut
300 1661 400 1718 charos
412 1655 522 1726 iratres,
538 1656 664 1713 servabat
678 1656 797 1714 dulciter
810 1657 915 1716 hostes

256 1750 307 1806 llic
320 1746 442 1814 humilis,
461 1746 582 1815 sobrius,
597 1759 706 1802 necnon
721 1751 750 1803 ct
767 1747 852 1810 corde
868 1748 995 1818 pudicus.

255 1837 389 1895 Sordihus
406 1835 545 1903 immunis,
564 1834 695 1892 virtutum
714 1834 839 1906 lampade
853 1835 939 1896 lntslt.

221 1926 337 1984 obiitin
356 1925 466 1982 christo
484 1939 502 1981 x
521 1923 657 1980 liniendas
675 1925 847 1982 Novembris.

1081 984 1109 1035 et
1123 977 1251 1034 omnibus
1269 976 1372 1047 iniquis
1391 975 1514 1032 odiosus.
1540 976 1592 1032 llic
1609 989 1676 1034 vcro
1698 975 1752 1033 init
1778 985 1905 1049 tempore

1081 1065 1230 1137 chilperici
1248 1065 1340 1137 regis,
1367 1064 1415 1119 tilii
1434 1063 1567 1132 clotarii,
1600 1065 1648 1136 qui
1666 1065 1709 1122 vlr
1726 1065 1819 1123 nimiae
1837 1081 1906 1124 cru·

1082 1155 1204 1214 delitatis
1229 1168 1291 1211 eum
1311 1152 1492 1225 Fredegundc
1520 1154 1604 1225 impin
1617 1169 1709 1230 ‚uxore
1728 1169 1777 1212 sua
1794 1157 1902 1228 ingenti

1082 1251 1179 1302 eontra
1194 1243 1352 1315 pontillccm
1371 1243 1436 1300 odio
1456 1243 1567 1300 exarsit.
1584 1246 1670 1301 causa
1684 1259 1750 1302 vero
1765 1245 1821 1302 odil
1836 1245 1908 1302 nihil

1082 1334 1157 1392 aliud
1177 1333 1229 1390 init
1242 1333 1296 1388 nisi
1324 1333 1389 1403 quia
1417 1331 1529 1390 tratrem
1550 1348 1637 1391 snum
1669 1335 1835 1406 sigibertum
1864 1351 1909 1392 re-

1083 1438 1155 1496 gem,
1172 1423 1223 1494 'qui
1243 1420 1338 1478 fraude
1367 1421 1516 1493 chilperici
1535 1424 1645 1480 occisus
1659 1422 1720 1492 iuvit,
1736 1423 1851 1480 multum
1866 1422 1910 1478 dl·

1084 1514 1199 1579 lcxcrat,
1216 1516 1243 1568 et
1259 1512 1382 1568 camdem
1397 1511 1575 1569 dilectionem
1585 1512 1763 1570 Childcbcrto
1778 1512 1833 1568 iilic
1848 1513 1910 1582 ejus

1086 1609 1114 1660 et
1132 1602 1211 1658 matri
1240 1600 1410 1658 Brunichlldi
1437 1602 1572 1658 servabat.
1593 1603 1650 1658 llac
1669 1602 1703 1658 dc
1722 1615 1804 1658 causa
1822 1601 1911 1658 iratus

1051 1691 1260 1763 BChilpericus
1278 1691 1331 1747 sibi
1356 1690 1519 1747 calumniam
1549 1691 1689 1762 imposuit,
1709 1691 1816 1748 scilicet
1833 1689 1910 1761 quod

1085 1794 1211 1853 magnam
1236 1784 1343 1851 partem
1370 1780 1492 1836 thesauri
1511 1779 1604 1837 fratris
1627 1780 1669 1837 sni
1688 1780 1817 1852 sigiberti
1836 1779 1910 1850 apud

1085 1885 1115 1928 se
1129 1869 1300 1951 reconditam
1319 1869 1463 1937 habuerat,
1483 1883 1565 1940 quarn
1589 1875 1735 1940 postquam
1749 1869 1906 1926 cbildeber-

1085 1963 1131 2017 tus
1145 1973 1234 2030 nepos
1248 1960 1308 2029 ejus
1327 1958 1403 2016 litem
1419 1964 1516 2015 contra
1531 1972 1593 2015 cum
1612 1959 1723 2027 inierat,
1744 1958 1769 2015 ei
1784 1958 1912 2014 reddide-

257 2053 341 2108 Beato
358 2063 424 2108 vero
443 2048 561 2106 llallonc
579 2049 737 2107 avidiamus
759 2051 905 2119 succesit,
923 2051 974 2124 qud
992 2052 1044 2108 snb
1085 2055 1138 2106 rat.
1159 2049 1225 2106 idco
1244 2048 1396 2106 intantum
1421 2053 1583 2118 persecutus
1600 2052 1644 2105 est
1662 2063 1734 2115 curm,
1755 2048 1829 2118 qnod
1849 2061 1911 2104 cum

223 2143 305 2199 beato
324 2153 394 2213 papa
408 2139 539 2197 Silvestre
554 2143 582 2196 et
594 2139 775 2196 constantino
794 2139 961 2211 imperatore
976 2155 1046 2212 prae-
1087 2139 1122 2195 ab
1137 2139 1299 2210 episcopatu
1329 2136 1490 2193 destitutam
1519 2138 1634 2208 expulit,
1663 2144 1691 2193 ct
1709 2138 1738 2194 in
1766 2137 1911 2209 quamdam

222 2229 304 2288 iatam
318 2231 390 2286 rexit
407 2228 567 2285 Ecclesiam.
588 2230 614 2284 ls
636 2241 702 2285 vero
722 2227 844 2298 pruderm
865 2234 895 2286 et
917 2236 1047 2287 strenuus
1088 2227 1206 2285 insulam
1220 2227 1250 2282 in
1264 2227 1488 2284 constantinensi
1504 2240 1574 2299 pago
1593 2227 1621 2283 in
1636 2226 1704 2283 mari
1728 2227 1808 2283 sitam
1826 2241 1911 2282 cxsu-

224 2319 383 2394 pastoriuit
397 2320 425 2375 in
442 2318 556 2389 populo,
572 2318 619 2390 qui
634 2317 788 2375 Arelatensi
806 2304 928 2376 concilio
944 2320 1044 2390 primo,
1088 2319 1163 2386 lavit,
1198 2320 1226 2374 et
1258 2318 1287 2373 in
1319 2317 1382 2374 loco
1415 2318 1474 2387 ejus
1500 2317 1657 2373 llelantinm
1686 2317 1911 2374 archidiaconum

223 2411 299 2482 quod
318 2408 416 2466 codem
447 2413 573 2479 tempore
597 2419 653 2477 quo
671 2407 783 2464 h'icaena
807 2409 930 2479 synodus
952 2409 1047 2468 hahita
1089 2408 1249 2478 episcopum
1264 2405 1386 2463 ordinari
1401 2405 1477 2463 iecit.
1497 2405 1594 2464 llodus
1608 2405 1777 2478 expulsionis
1796 2421 1853 2463 snae
1873 2411 1913 2463 ta-

224 2505 276 2568 εει,
296 2505 493 2570 cmgrcgatuvn
517 2498 546 2553 in
566 2495 719 2553 canonibus
737 2496 885 2567 invenitur,
915 2513 977 2556 cnm
996 2501 1050 2557 lla-
1089 2495 1125 2552 lls
1142 2494 1203 2555 init.
1218 2497 1277 2552 Rex
1291 2495 1439 2553 concilium
1458 2495 1605 2567 episcopos
1623 2510 1689 2553 suos
1706 2509 1859 2552 convocare
1874 2494 1914 2553 ie·

225 2595 306 2646 tcrno
325 2587 484 2648 coloniensi
507 2586 640 2657 episcopo
672 2584 808 2644 interluit.
837 2588 900 2646 Fuit
930 2603 1049 2662 namque
1091 2586 1138 2652 cit,
1151 2585 1195 2641 cui
1210 2584 1252 2640 vir
1262 2597 1367 2655 magnae
1381 2583 1554 2641 auctoritatis
1568 2591 1596 2640 ct
1606 2585 1753 2655 probitatis
1765 2584 1916 2656 Gregorius

227 2677 274 2736 hio
297 2677 395 2740 beatus
412 2673 537 2748 pontifex
555 2674 667 2747 ingenio
691 2675 806 2745 probus,
831 2677 964 2746 moribus,
986 2679 1051 2735 insi·
1091 2673 1318 2743 archiepiscopus
1335 2674 1503 2730 Turonensis
1526 2671 1661 2731 lntcriuit.
1691 2673 1742 2729 llic
1768 2687 1833 2730 voro
1862 2687 1915 2730 nec

226 2766 300 2840 guis,
314 2767 489 2826 shttmran
507 2765 561 2821 sibi
575 2763 657 2822 saluti
672 2765 813 2836 providus.
833 2767 904 2824 linic
917 2767 1052 2826 suecessit
1091 2761 1199 2819 callida
1218 2761 1433 2830 machinationi,
1460 2775 1514 2833 qua
1537 2762 1686 2834 episcopus
1704 2761 1838 2833 deceptus
1857 2769 1915 2829 cst,

228 2861 355 2927 Sevcms,
374 2858 476 2916 Severo
489 2855 634 2923 lhrsebius,
650 2855 769 2913 Eusebio
783 2855 968 2927 ilarcellinns,
983 2859 1052 2916 llar-
1094 2866 1145 2909 nec
1159 2851 1268 2922 inlustae
1283 2850 1456 2907 destitutioni
1478 2865 1619 2908 assensum
1634 2851 1762 2922 praebnit.
1779 2852 1836 2909 Rex
1850 2865 1917 2908 voro

231 2947 331 3006 ecilino
350 2945 459 3014 Petrus,
473 2945 556 3002 Petro
570 2942 726 3002 victricius.
1094 2943 1178 3013 impia
1197 2940 1346 2998 calliditate
1360 2940 1523 3012 quibusdam
1539 2941 1711 3013 episcopis...
1727 2941 1865 2999 mandavit
1879 2942 1916 3009 ei,

267 3037 331 3092 Fuit
347 3047 413 3092 vero
431 3032 477 3089 hic
495 3032 525 3090 in
547 3031 633 3103 regali
652 3033 729 3090 curia
746 3034 867 3092 nutritus
886 3050 948 3093 cum
971 3038 1052 3096 beato
1063 3046 1087 3113 (t
1098 3030 1278 3103 tl1¹⁰i¹⁸iil¹¹ae
1288 3030 1492 3102 ⁵1b10b1'008121
1505 3032 1533 3088 ¹ss
1549 3030 1678 3097 concillo,
1693 3037 1917 3103 recognosceret,

233 3123 395 3182 innocentio
412 3134 502 3194 papa,
522 3125 553 3177 ut
571 3121 600 3178 in
628 3121 751 3192 clnsdetn
779 3135 858 3194 papae
885 3125 1003 3196 epistola
1021 3127 1057 3185 dc
1098 3127 1125 3178 et
1140 3119 1204 3176 inde
1219 3133 1310 3176 coram
1325 3133 1390 3192 rege
1405 3124 1559 3192 prostratus
1574 3136 1603 3178 sc
1622 3135 1699 3179 reum
1724 3121 1917 3192 proclamaret,

233 3214 359 3272 castitate
378 3209 566 3270 conservanda
594 3219 623 3267 et
640 3209 702 3267 aliis
729 3210 864 3270 institutis
892 3214 1055 3274 christiana,
1097 3209 1209 3269 omnino
1225 3207 1250 3266 ci
1265 3209 1425 3268 dimitteret.
1446 3211 1497 3280 Qui
1516 3210 1628 3268 hortata
1646 3212 1793 3284 implorum
1812 3211 1921 3283 episeo-

234 3302 388 3376 religionis,
403 3299 493 3359 eidem
506 3299 638 3358 victricio
656 3299 900 3369 missninvenitur.
919 3305 965 3362 hit
981 3307 1054 3362 enim
1097 3313 1195 3371 porum
1210 3297 1353 3370 deceptus,
1373 3297 1556 3358 fraudulentis
1569 3301 1642 3372 regis
1656 3299 1792 3358 mandatis
1810 3299 1920 3372 acquic·

234 3395 308 3452 lnter
326 3399 445 3452 catera:
478 3391 617 3448 Praeterea
633 3389 795 3462 trequentes
815 3393 927 3464 quidam
951 3409 985 3452 ex
1004 3394 1058 3452 lra-
1097 3390 1146 3446 vit.
1163 3389 1238 3446 lunc
1253 3401 1302 3445 rex
1315 3388 1433 3445 clamare
1448 3391 1551 3461 coepit:
1569 3391 1719 3447 «Audistis
1732 3405 1794 3447 cum
1805 3390 1921 3447 crimine

234 3484 324 3543 trihus
342 3482 445 3540 nostris
464 3480 592 3550 curiales,
607 3479 650 3537 vel
665 3480 836 3551 quibuslibet
850 3483 970 3554 publicis
993 3483 1057 3540 iun·
1099 3477 1266 3547 convictum,
1286 3491 1360 3535 nunc
1384 3493 1468 3549 super
1481 3479 1535 3538 hoc
1555 3487 1658 3537 certam
1672 3481 1835 3538 sententiam
1850 3479 1922 3536 dcli-

234 3573 374 3631 ctionibns
406 3575 566 3642 occupatos,
596 3568 714 3627 clericos
746 3568 837 3629 iacere
864 3570 1056 3630 contendunt:
1099 3568 1167 3626 uite.
1184 3589 1198 3619 n
1214 3569 1248 3625 Et
1262 3567 1301 3624 ita
1315 3567 1504 3639 deposuerunt
1518 3584 1590 3638 cunr,
1604 3574 1632 3627 et
1645 3571 1675 3627 in
1690 3569 1833 3642 prelatum
1847 3570 1922 3628 exsi-

234 3663 336 3735 quihus
368 3667 464 3732 postea
490 3661 578 3730 major
605 3659 718 3717 tristitia
741 3673 803 3717 otrnr
837 3661 872 3718 de
894 3661 1059 3720 revocandis
1097 3655 1165 3716 lium
1184 3671 1233 3715 rex
1251 3655 1395 3714 retrudere
1405 3659 1498 3729 iussit.
1513 3659 1620 3717 liortuo
1634 3674 1700 3717 vero
1715 3673 1789 3732 rege,
1800 3661 1924 3717 omnium

237 3752 278 3809 cis
297 3749 402 3822 aliquid
435 3748 470 3806 ad
488 3749 656 3820 imperatore
675 3749 852 3821 praeeipitnr,
872 3765 953 3822 quarn
972 3752 1062 3824 gratia
1100 3747 1246 3818 primatum
1266 3751 1293 3803 et
1308 3748 1537 3819 coepiscoporum
1552 3748 1670 3807 consilio
1690 3753 1718 3806 ct
1732 3749 1850 3822 judicio,
1875 3762 1924 3807 no

237 3840 370 3898 nascitur.
399 3837 440 3894 Sit
458 3841 533 3894 certe
548 3837 577 3892 in
596 3837 750 3908 exemplum
780 3837 940 3897 sollicitudo
960 3844 988 3896 et
1006 3840 1059 3897 tri·
1101 3837 1175 3894 lente
1189 3835 1370 3909 Fredegundc
1389 3839 1493 3912 regina,
1510 3838 1544 3896 ad
1564 3839 1702 3911 propriam
1718 3837 1863 3896 ecclesiam
1882 3843 1926 3894 est

207 3968 210 3976 ·
238 3929 314 3987 stitia
332 3925 460 3993 fratrum,
481 3939 570 3996 quanm
598 3939 672 3997 saepe
702 3927 866 3998 pertulimus
892 3927 1059 4000 imperatore
1101 3929 1255 3994 revocatus,
1272 3933 1300 3984 et
1324 3926 1451 3998 deposito
1468 3927 1596 3986 llelautic
1620 3930 1649 3986 ln
1673 3929 1811 4000 propriam
1829 3927 1926 3986 sedem

240 4019 392 4091 praesente,
413 4027 545 4086 cumpro
577 4013 645 4086 ipsis
678 4015 755 4086 prins
787 4030 956 4088 rogaremus,
986 4018 1060 4089 quod
1102 4015 1311 4073 inthronizatus.
1330 4017 1476 4075 llclautins
1497 4032 1563 4077 vcro
1582 4019 1611 4075 ln
1626 4016 1811 4083 familiaritate
1826 4016 1928 4074 Frede-

240 4107 300 4178 lpse
319 4103 462 4162 nobiscum
476 4103 584 4175 positus
598 4104 762 4176 cognovisti.
782 4105 885 4174 Quibus
899 4120 955 4164 non
972 4106 1061 4164 solnm
1102 4103 1203 4176 gundis
1233 4105 1403 4176 impiissimae
1427 4107 1530 4178 regina
1557 4107 1725 4177 permansit,
1754 4121 1816 4179 que
1844 4106 1927 4164 beato

240 4195 388 4255 interiores
406 4193 501 4252 clerici
528 4208 562 4252 cx
584 4193 745 4264 curialibus,
764 4208 858 4253 verum
876 4197 958 4254 etiarn
976 4198 1005 4254 in
1020 4211 1064 4254 sa·
1104 4193 1270 4252 Praetextato
1288 4210 1398 4268 semper
1416 4197 1555 4254 inimicata
1569 4203 1598 4254 et
1615 4196 1743 4254 insidiata
1758 4200 1800 4254 est
1814 4196 1843 4253 in
1863 4201 1927 4253 lan·

242 4285 396 4344 cerdotinrn
416 4284 568 4352 constituti,
589 4284 694 4356 lugenti
714 4285 839 4341 molestia
858 4290 889 4343 ut
912 4285 1063 4345 reddaren-
1104 4295 1172 4356 tum,
1188 4289 1219 4342 nt
1237 4285 1327 4356 pretio
1342 4286 1522 4358 quorundam
1537 4292 1644 4344 mentes
1661 4300 1723 4344 cum
1743 4285 1858 4356 praelato
1874 4288 1929 4342 lle·

241 4383 289 4434 tur
302 4375 432 4433 instabat.
447 4375 513 4431 Erat
531 4374 604 4430 enim
620 4379 715 4445 pastor
728 4374 944 4448 gloriosissimus
957 4377 986 4434 in
1001 4376 1193 4454 per-plantio
1222 4381 1430 4448 corrumperet:
1455 4377 1493 4434 ita
1512 4381 1552 4446 ut,
1572 4377 1645 4434 sicut
1667 4377 1763 4433 beatus
1781 4375 1930 4448 Gregorius

241 4465 392 4538 sequendis
418 4463 513 4536 populi
540 4464 702 4522 criminibus
729 4465 846 4538 rigidus,
869 4466 1012 4524 viduarum
1036 4472 1064 4524 et
1107 4465 1275 4525 Turonensis
1288 4466 1317 4522 ln
1332 4465 1442 4536 scriptis
1460 4465 1518 4522 suis
1538 4472 1640 4534 narrat,
1660 4471 1741 4524 nocte
1767 4471 1863 4523 sancta
1880 4466 1932 4522 Pa·

243 4556 430 4628 orphanorum
445 4558 524 4626 pater
537 4553 707 4624 mitissimus,
718 4554 876 4613 misericors
886 4557 1064 4628 pauperibus,
1107 4557 1191 4624 schae,
1220 4556 1250 4612 in
1277 4555 1339 4614 loco
1367 4554 1528 4627 pontificali,
1562 4556 1609 4613 ubi
1628 4561 1702 4612 stare
1729 4561 1930 4620 consueverat,

244 4645 352 4703 cunctis
365 4643 536 4716 compatiens
549 4642 665 4700 infirmis
684 4647 712 4701 ct
726 4643 895 4703 dolentibus.
1107 4645 1206 4718 gladiis
1216 4659 1277 4702 eum
1294 4648 1481 4715 percuterent,
1493 4649 1520 4702 et
1534 4644 1573 4702 ita
1587 4645 1785 4702 interficerent.
1800 4645 1851 4714 Qui
1867 4657 1932 4701 mox

279 4735 329 4794 cul
343 4735 476 4792 successit
491 4733 678 4802 innocentius,
693 4735 857 4793 innocentio
872 4735 1064 4794 sanctuslivo-
1107 4741 1138 4791 ut
1155 4735 1269 4791 vulnera
1288 4733 1384 4798 sensit,
1400 4734 1434 4790 ad
1445 4734 1530 4792 altare
1550 4735 1683 4801 cucurrit,
1699 4740 1729 4791 et
1745 4733 1813 4790 illud
1827 4733 1934 4806 anaplc·

245 4823 316 4890 dus,
346 4823 438 4882 Evodo
457 4823 597 4893 silvester,
617 4823 749 4882 Silvestro
768 4824 915 4893 llalsonus,
944 4825 1066 4883 ilalsono
1106 4827 1196 4892 xatus,
1211 4822 1312 4879 viatico
1331 4822 1468 4880 bominici
1487 4825 1613 4896 corporis
1625 4831 1654 4882 ct
1672 4823 1814 4896 sanguinis
1828 4837 1858 4880 se
1873 4838 1934 4880 mu·

245 4915 411 4982 Germanus,
428 4916 564 4971 Germano
591 4913 785 4986 crescentins,
814 4917 974 4974 crescentio
1001 4930 1066 4976 vero
1107 4913 1196 4982 niens,
1211 4911 1329 4968 animam
1343 4912 1398 4969 llec
1413 4911 1544 4970 reddidit.
1564 4915 1671 4984 corpus
1684 4927 1749 4972 vero
1764 4914 1824 4984 ejus
1837 4926 1936 4970 ornnes

244 5005 342 5062 beatus
354 5001 510 5073 cildardus,
525 5002 609 5062 irater
623 5004 697 5062 beati
706 5005 838 5074 llcdardi,
854 5020 971 5078 quorum
984 5007 1067 5064 vitam
1108 5001 1249 5075 principes
1263 5001 1360 5072 patriae
1374 5016 1436 5058 curn
1455 5014 1554 5074 magno
1573 5002 1677 5074 ejulatn
1691 5009 1720 5060 ct
1735 5001 1934 5060 lamentatione

245 5095 390 5171 magnilica
402 5094 474 5167 stylo
494 5094 591 5152 heatus
609 5097 775 5154 Fortunatus
789 5095 910 5169 scripsit.
926 5097 1068 5156 Unaenim
1109 5090 1143 5148 de
1159 5090 1227 5148 lauti
1242 5090 1361 5162 pastoris
1375 5092 1523 5163 patrocinii
1542 5091 1715 5150 desolatione
1738 5091 1933 5158 condolentes,

246 5186 291 5243 vlle
305 5185 362 5244 nati
377 5183 500 5254 inerunt,
516 5197 569 5241 una
584 5184 667 5242 etiam
681 5185 726 5243 die
741 5185 872 5256 ordinati,
889 5199 942 5244 una
956 5200 1069 5260 quoqne
1109 5179 1259 5251 sepulturae
1273 5179 1435 5238 honorllcae
1460 5181 1643 5241 tradiderunt.
1669 5184 1768 5241 Postea
1792 5196 1857 5239 vero
1881 5182 1936 5238 lle·

246 5273 292 5330 dic
311 5275 497 5347 migraverunt
516 5274 550 5331 ad
569 5275 717 5334 Christum.
1111 5269 1223 5338 lantius,
1235 5269 1283 5342 qui
1298 5277 1422 5342 tempore
1436 5272 1479 5328 sui
1494 5272 1634 5330 exsulatus
1647 5273 1836 5344 episcopatum
1850 5285 1936 5328 usur·

282 5364 412 5423 cildardo
431 5363 565 5422 successit
583 5365 681 5423 heatus
698 5365 826 5434 Flavius,
855 5367 933 5437 cnjus
960 5365 1070 5437 pontid·
1111 5366 1233 5434 paverat,
1250 5360 1368 5418 consilio
1383 5368 1411 5419 ct
1425 5362 1536 5434 ingenio
1547 5361 1781 5436 praelataeregms
1795 5362 1824 5419 in
1838 5360 1936 5418 eadem

249 5461 326 5512 satus
337 5460 461 5528 tempore
477 5459 636 5515 constructa
650 5456 818 5516 estecclesia
833 5456 860 5514 in
876 5455 982 5514 honore
997 5455 1070 5514 beati
1112 5449 1178 5508 sede
1194 5457 1236 5508 est
1250 5452 1403 5509 restitutus.
1646 5509 1650 5518 .

249 5543 322 5603 Petri
342 5545 460 5618 apostoli
476 5547 504 5604 in
524 5545 657 5604 suburbio
672 5547 749 5604 urbis
763 5547 983 5620 liotomagensis,
998 5559 1071 5606 anno
1149 5541 1218 5598 lluio
1242 5541 1376 5600 successit
1400 5541 1501 5612 praesul
1525 5539 1672 5608 llildullus,
1698 5541 1739 5597 vir
1763 5539 1885 5612 prudens
1909 5546 1938 5596 ct
