4036 6162
110 313 157 368 817
446 313 601 368 HISTORIA
620 311 894 368 nbbtotnttuttsts.
916 339 951 351 -
969 309 1131 366 brtstoca
1149 309 1443 370 tttstotttocnnt‘ttt.
1737 315 1791 372 818

108 435 220 508 dulphus
238 435 339 494 litteris
360 435 484 502 tradidit,
513 433 562 492 sed
589 436 659 494 duos
686 441 791 492 tantum
816 435 1046 506 priorestquam
1066 448 1129 505 qun
1144 433 1172 490 in
1187 432 1276 490 lucem
1295 431 1449 503 prodirent,
1466 435 1620 492 tumetium
1638 442 1713 510 quod
1729 443 1790 502 haec

106 510 196 574 libros,
216 507 351 578 equibus
374 507 494 564 eruditio
518 507 661 573 historica,
686 521 841 578 quanquam
861 521 917 564 non
965 514 1019 562 tam
1035 507 1105 563 mate
1133 513 1249 562 consuta
1271 512 1347 569 suot,
1366 512 1397 562 ut
1419 505 1503 564 semel
1528 508 1699 577 exposuisse,
1716 527 1786 571 oon·

106 581 195 654 paucis
213 577 321 634 labellis
333 579 502 651 interspersa
511 586 594 651 atque
609 578 719 644 imdata,
735 578 838 649 aliquid
852 578 922 634 lucis
961 576 1063 634 tutasse
1087 577 1134 633 sit.
1159 577 1293 646 Pleraque
1307 585 1440 645 praeterea
1462 591 1496 633 ex
1510 577 1554 634 his
1569 579 1624 649 jam
1640 581 1699 638 evul
1721 587 1785 651 avit,

105 668 134 709 ac
157 650 279 721 praesidii
302 665 413 721 sperare
441 651 536 720 possit.
562 651 627 720 Quae
652 650 724 707 eninr
749 650 776 706 in
801 651 921 706 Historia
961 648 1097 717 simulque
1121 648 1213 704 inania
1236 661 1268 703 ac
1292 647 1406 704 ridenda
1430 648 1592 732 puricellius
1616 598 1738 711 ostendit
1758 655 1784 714 in

106 721 252 792 landulphi
268 722 483 793 subsequuntur,
499 721 640 778 ctlibrum
656 723 766 778 tertium
790 728 818 778 et
841 735 921 791 quar·
962 721 1022 776 Vita
1040 719 1086 776 SS.
1107 718 1210 776 hriatdi
1234 726 1262 774 et
1286 719 1480 776 llerlembaldr.
1507 720 1578 776 Nihil
1603 721 1723 794 dentque
1748 727 1786 783 ei·

105 803 156 851 tum
179 793 362 859 constituunt,
397 793 550 862 peculiares
582 793 771 850 tantummodo
804 792 867 849 lites
892 792 920 848 in
962 790 1074 848 dcacius
1099 789 1276 874 commendet
1302 798 1466 873 praesentem
1489 791 1709 863 llediolancnsis,
1730 797 1786 856 imo

103 864 295 924 llediolancnsi
316 864 440 922 Ecclesia
459 864 605 922 occasione
629 864 695 921 cleri
724 864 921 922 continentiam
962 870 988 919 et
1015 863 1149 918 uniuersae
1175 862 1319 919 catbolrcae
1344 862 1474 918 Ecclesiae
1496 869 1607 930 siacum,
1624 873 1652 921 et
1679 882 1714 924 ex
1735 869 1783 927 lici

120 935 188 996 erosi
205 943 316 993 exortas
330 935 367 992 ita
382 941 596 1006 persequuntur,
612 943 643 991 ut
658 934 770 992 insulsis
785 936 922 993 orationi·
960 936 992 990 0.
1013 935 1046 990 ll.
1069 947 1182 990 munere
1196 932 1383 989 sanctioribus
1397 933 1521 990 consiliis
1536 934 1639 994 clerum
1655 946 1784 997 corrstan-

101 953 157 1076 Rus,
178 1007 269 1078 iisque
292 1005 350 1063 iere
373 1006 500 1064 omnibus
524 1007 659 1074 condetis,
681 1007 833 1072 abundent,
855 1021 918 1076 quae
961 1005 1066 1061 tissime
1089 1005 1229 1061 addietum
1254 1004 1392 1088 exhibeat,
1409 1019 1490 1075 quam
1514 1007 1609 1062 saeculi
1636 1022 1664 1064 ιιι
1687 1025 1783 1070 corru-

100 1089 141 1137 aut
167 1078 237 1135 nihil
281 1079 367 1144 rattae,
388 1083 435 1133 aut
458 1077 561 1146 aliquid
582 1078 663 1134 etiam
683 1078 789 1149 ‘ingrati
814 1077 920 1134 coloris
961 1083 1024 1146 ptos
1047 1089 1138 1132 mores
1161 1075 1274 1143 intuen,
1290 1089 1394 1146 eosque
1419 1077 1602 1134 Romanorum
1623 1082 1782 1148 pontillcum

101 1153 197 1208 habere
225 1091 389 1215 videantur,
415 1149 518 1221 quippe
546 1150 573 1205 in
604 1150 786 1220 patrocinium
817 1151 920 1206 erroris
959 1147 1052 1204 studio
1081 1154 1256 1230 expurgatos.
1282 1147 1385 1231 Eadem
1403 1149 1513 1232 'ratione
1531 1156 1654 1234 ueterum
1674 1153 1783 1212 haereti-

99 1224 277 1293 ritiorumque
305 1219 417 1277 tutelam
441 1221 614 1291 excogitata.
630 1223 729 1278 Verum
748 1220 919 1292 cadentque
959 1232 1055 1275 corum
1070 1219 1249 1276 deliramenta
1274 1225 1302 1274 et
1325 1218 1426 1289 llagttra
1451 1220 1578 1289 prodenti
1595 1235 1648 1278 non
1665 1231 1707 1280 est
1725 1226 1782 1284 ira·

100 1294 233 1352 sententia
260 1291 326 1350 uicit
346 1291 415 1348 nihil
438 1291 621 1361 landulphini
641 1291 755 1349 turturis
774 1291 920 1348 occultan-
959 1291 1102 1358 sceudum,
1130 1288 1178 1346 sed
1203 1290 1307 1345 nostris
1330 1290 1502 1360 temporibus
1525 1291 1618 1361 patius
1640 1296 1782 1365 gratulan-

100 1367 169 1431 dum,
194 1369 253 1420 tum
277 1377 312 1420 ne
336 1363 399 1434 quis
423 1377 456 1419 ex
479 1363 583 1419 auersis
606 1377 621 1419 a
646 1362 782 1420 catholica
797 1363 919 1420 Ecclesia
959 1362 1035 1428 dum,
1056 1377 1118 1432 quae
1145 1367 1221 1418 recta
1239 1361 1360 1431 sapiunt,
1386 1367 1414 1417 et
1440 1363 1581 1419 meliorem
1610 1379 1715 1424 morum
1739 1385 1781 1426 ra-

99 1437 224 1500 somniet,
240 1449 292 1492 nos
307 1449 364 1505 prm
382 1439 456 1490 metu
472 1440 562 1491 auten
576 1433 655 1491 malm
670 1449 760 1492 causae
775 1435 919 1491 conscien·
960 1433 1063 1489 tionem
1078 1433 1187 1490 Christo
1203 1433 1284 1497 duce,
1300 1432 1328 1488 in
1341 1431 1476 1490 catholica
1488 1434 1608 1491 Ecclesia
1617 1445 1771 1509 sequuntur

99 1511 134 1566 tia
155 1508 217 1565 haec
242 1505 376 1574 omisisse,
402 1510 478 1563 ratus
505 1505 629 1575 meliora,
660 1520 723 1577 quae
751 1506 917 1574 celarentur,
960 1505 1013 1562 Sed
1021 1505 1076 1575 lam
1090 1504 1281 1574 landulphum
1295 1504 1385 1574 ipsum
1400 1503 1559 1577 loquentem
1574 1507 1726 1568 audiamus.

394 1822 669 1962 lllbltlt
720 1822 986 1962 HISTORIA
1041 1823 1486 1964 lllttlllllttlt

682 2079 923 2156 (Proculianum.
940 2085 1028 2142 Germ.
1048 2085 1119 2152 vill,
1135 2083 1192 2156 36.)

271 2364 480 2432 EPISTOLA
502 2362 856 2432 YSTORIOGRAPHI
879 2361 935 2428 Ab
959 2361 1417 2432 ARCHIPRESBYTERUM
1441 2366 1570 2433 MISSA
1589 2366 1598 2400 ¹

125 2549 293 2608 Cunctorum
320 2550 449 2608 virtutum
474 2553 647 2610 documentis
669 2553 785 2619 imbuto,
819 2549 1138 2623 multa-bimperatores
1169 2556 1242 2626 apud
1270 2557 1355 2614 neum
1388 2561 1416 2615 et
1448 2556 1574 2614 homines
1602 2557 1779 2614 detestabiles

91 2649 208 2706 rumque
235 2639 411 2698 scientiarum
435 2641 534 2712 peritia
558 2640 637 2708 iulto,
653 2641 804 2710 divinoque
832 2638 916 2710 magi·
955 2646 1103 2711 actasunt,
1129 2648 1156 2700 et
1180 2645 1382 2714 tribulationes,
1397 2653 1480 2718 atque
1495 2648 1652 2705 earumdem
1671 2647 1779 2704 dissen-

90 2725 174 2782 stcrio
190 2726 320 2800 religiose
335 2730 435 2787 edocto
446 2732 475 2786 L.
487 2738 590 2788 sanctae
600 2729 812 2788 llediolancnsis
827 2727 914 2784 ecclc·
955 2731 1047 2788 siones
1068 2748 1131 2804 quae
1155 2749 1204 2805 per
1228 2736 1485 2808 pseudoprophetas
1515 2751 1570 2794 non
1595 2738 1678 2808 hujus
1701 2737 1778 2794 urbis

91 2815 136 2870 siae
163 2815 192 2872 iu
216 2818 339 2890 regimen
376 2822 662 2893 archipresbyteratus
685 2825 837 2891 assumpto,
862 2831 913 2874 nec
954 2826 1034 2877 natos
1056 2827 1167 2892 peracta
1186 2830 1260 2892 sunt,
1276 2825 1340 2883 stilo
1355 2826 1451 2882 humili
1475 2827 1648 2896 prescribere
1667 2826 1777 2883 delibe-

92 2915 143 2960 non
158 2905 216 2962 beo
239 2913 267 2962 et
290 2908 447 2965 hominibus
471 2923 547 2978 caro,
563 2912 594 2966 L.
611 2909 756 2967 ¹omnium
784 2909 913 2964 minimus
954 2909 1020 2965 ravi.
1049 2911 1135 2984 lqitur
1157 2913 1350 2985 quamplurimi
1384 2916 1431 2988 qui
1460 2915 1565 2973 ordinis
1595 2915 1775 2974 ecclesiastici

92 3001 197 3050 tuorum
222 2998 347 3066 servus¹‚
374 2999 457 3070 hujus
480 2999 543 3058 vttae
567 2998 698 3056 felicitate
722 2999 857 3056 bonorum
883 3001 912 3053 et
953 2997 1028 3056 laisis
1047 3001 1292 3071 praedicationibus
1316 3019 1376 3060 esse
1398 3005 1572 3074 uidebantur,
1587 3007 1695 3064 actibus
1710 3022 1775 3064 vero

92 3084 183 3140 eterni
198 3086 276 3156 regni
301 3089 442 3146 consortio
467 3090 570 3161 perirui
590 3089 761 3161 angelorum.
782 3087 911 3145 caritatis
952 3089 1051 3145 misere
1065 3089 1232 3161 hypocrisim
1256 3091 1352 3150 sedulo
1367 3093 1535 3163 insistentes,
1561 3100 1591 3152 ut
1619 3096 1676 3168 lupi
1692 3111 1775 3168 rapa-

91 3171 143 3226 ac‘
170 3171 322 3246 diligentiae
352 3182 407 3233 tuae
434 3192 554 3236 amorem
578 3177 698 3235 sedule⁸
717 3177 908 3244 reminiscens,
951 3191 997 3233 ces
1011 3189 1072 3234 sese
1086 3179 1137 3235 sub
1153 3180 1233 3237 ovina
1253 3180 1324 3252 pello
1349 3187 1484 3256 tegentes,
1500 3184 1622 3242 dimissis
1645 3186 1774 3257 plebibus

91 3273 165 3328 quem
179 3275 266 3334 super
284 3265 429 3324 ecclesiam
452 3269 658 3326 Ambrosianam
681 3273 708 3324 et
727 3269 786 3338 ejus
805 3266 908 3323 clerum
950 3280 982 3323 ac
1001 3268 1090 3338 ruptis
1108 3270 1270 3338 canonibus,
1292 3271 1386 3330 etalii
1406 3272 1484 3329 multi
1504 3274 1628 3330 misterio
1647 3275 1772 3332 Romano

91 3349 212 3407 utilium
231 3351 351 3410 habuisti
367 3361 394 3410 et
419 3369 528 3427 semper
551 3359 606 3414 lteo
630 3362 767 3413 aunuente
782 3353 906 3420 habebis,
950 3355 1052 3423 edocti,
1068 3355 1183 3413 honoris
1196 3364 1299 3415 sanctae
1323 3360 1511 3417 Ambrosianae
1534 3362 1660 3418 ecclesiae
1685 3362 1772 3429 lividi,

89 3435 256 3512 solicitaeque
282 3443 456 3514 paternitatis
479 3449 577 3502 vestrm
598 3445 779 3502 reverentiam
799 3443 908 3500 curiose
949 3443 1027 3514 quasi
1051 3444 1180 3513 tirampni
1205 3444 1307 3500 nullam
1327 3446 1419 3502 ordini
1440 3447 1621 3505 Ambrosiano
1641 3463 1773 3506 reveren-

91 3527 269 3601 prospiciens,
296 3533 423 3603 corporis
450 3535 504 3590 mei
522 3536 630 3591 animus
652 3533 746 3590 multis
764 3538 909 3603 quassatus
949 3532 1013 3588 tiam
1028 3530 1228 3603 impendentes,
1249 3531 1344 3589 urbem
1368 3534 1612 3592 llediolancnsium
1631 3535 1772 3595 fascinatis

89 3615 319 3689 tribulationibus,
340 3636 355 3680 c
379 3623 479 3694 quibus
494 3629 550 3680 tota
565 3623 622 3679 lere
642 3621 718 3678 ltalia
735 3622 908 3693 pseudopro·
949 3619 1027 3676 laicis
1041 3635 1073 3677 ac
1095 3620 1206 3677 zizaniis
1229 3623 1455 3692 superseminatis
1482 3623 1643 3681 antichristi
1666 3625 1773 3684 lucetiis

89 3703 171 3773 phetis
185 3723 241 3781 per
255 3709 445 3768 detestabilem
461 3712 610 3784 ypocrisim
627 3711 909 3783 circumcurrentibus
949 3709 1135 3766 incubuerunt
1153 3710 1192 3779 ¹⁰3
1221 3723 1338 3781 quorum
1372 3725 1489 3783 namque
1517 3712 1586 3770 uitio
1610 3714 1628 3746 ¹¹
1653 3715 1769 3773 ecclesia

88 3797 211 3855 inaculata
231 3802 437 3874 escholignis
455 3801 547 3860 calore
570 3816 703 3859 accensus
731 3801 809 3872 quasi
833 3799 908 3872 pravi
949 3798 1127 3854 hmhrosiana
1160 3798 1307 3856 multorum
1342 3799 1516 3859 sacerdotum
1558 3816 1590 3860 ac
1627 3804 1770 3864 levitarum

88 3898 101 3938 c
125 3901 244 3959 sompno
273 3890 407 3946 excitatus
444 3905 515 3948 sum.
545 3893 695 3962 Propterea
724 3890 858 3962 cogitans,
882 3880 1185 3962 stiipturimorumque
1208 3890 1382 3948 sacerdotum
1401 3893 1554 3963 sapientum
1578 3893 1685 3952 ordinis
1700 3897 1770 3954 utri·

88 3977 208 4043 operibus
242 3977 421 4035 saecularibus
449 3987 496 4036 aut
515 3981 635 4037 cultibus
657 3979 758 4037 diuinis
782 3979 906 4036 studiose
948 3993 1035 4049 usque
1057 3979 1195 4049 quondam
1218 3981 1336 4038 exaltata
1359 3988 1387 4040 et
1406 3990 1502 4040 ornata
1530 3981 1707 4056 eloquentiis,
1734 3987 1767 4044 ad

86 4075 220 4138 vacarem
246 4073 294 4124 aut
318 4066 400 4125 tortia
427 4068 498 4128 iacta
522 4077 550 4128 et
574 4069 717 4141 magnilica
733 4069 743 4100 ⁸
761 4084 824 4141 quae
853 4081 907 4125 no-
948 4067 1063 4124 nihilum
1086 4075 1141 4125 tam
1165 4069 1318 4129 ministerio
1343 4087 1424 4143 qnam
1447 4073 1475 4130 iu
1499 4075 1627 4145 personis
1644 4074 1769 4136 funditus

89 4154 147 4209 stris
169 4157 344 4229 temporibus
367 4163 428 4214 acta
446 4166 510 4230 sunt
529 4172 653 4216 enarrem
669 4159 689 4228 ⁷,
709 4166 757 4215 aut
771 4157 843 4215 inter
861 4173 906 4214 cc·
948 4158 1042 4214 attrita
1057 4162 1085 4214 ct
1108 4158 1269 4215 conculcata
1293 4165 1344 4217 est.
1366 4160 1444 4217 Enim
1464 4162 1538 4233 quod
1564 4162 1629 4220 olim
1653 4165 1768 4224 Romani

90 4245 142 4298 tera
164 4246 359 4304 tribulationes
380 4262 448 4319 quas
472 4247 563 4305 clerus
596 4247 792 4308 Ambrosianus
810 4263 825 4304 a
845 4263 905 4320 per·
948 4247 1092 4318 pontillces
1117 4253 1145 4304 ct
1161 4247 1315 4305 cardinales
1329 4249 1394 4306 huic
1417 4256 1513 4307 sancto
1531 4253 1661 4322 mysterio
1676 4254 1766 4311 aemuli

90 4329 147 4386 ldis
166 4334 272 4393 civibus
299 4341 327 4392 ct
351 4335 430 4392 malis
453 4337 644 4395 sacerdotibus
664 4339 739 4410 ipsos
757 4338 906 4395 adhortan·
947 4338 1033 4392 multo
1047 4337 1148 4394 sudore
1169 4344 1277 4409 patrare
1302 4351 1357 4394 non
1373 4342 1533 4408 potuerunt,
1553 4338 1629 4395 falsis
1648 4342 1768 4399 catharis

91 4417 158 4478 tibus
171 4437 267 4494 passus
282 4430 334 4492 est,
351 4425 487 4482 narrare⁸
512 4428 639 4498 cogitavi.
668 4429 763 4499 ltaque
790 4428 906 4484 medita·
947 4413 1072 4482 ordinem
1097 4427 1186 4497 ipsum
1213 4426 1452 4494 conturbantibus,
1477 4427 1628 4484 intantum
1652 4431 1767 4488 attrito·

90 4512 131 4562 tus
147 4511 173 4568 in
189 4515 293 4585 quibus
314 4514 398 4570 animi
418 4516 470 4571 mei
492 4516 631 4588 ingenium
646 4531 774 4574 exeruere
789 4516 904 4585 valeam,
946 4521 1020 4581 runt,
1040 4521 1071 4570 ut
1084 4515 1154 4571 ultra
1182 4529 1233 4572 nce
1257 4522 1330 4573 essct
1353 4530 1418 4588 spes
1440 4516 1563 4588 mysterii
1588 4530 1640 4573 nce
1659 4519 1766 4576 ordinis

91 4594 153 4654 banc
167 4602 247 4660 uitam
275 4609 304 4659 et
321 4602 448 4659 miseram
473 4617 523 4675 per
549 4601 689 4660 silentium
716 4610 903 4662 transcurrere
945 4604 1128 4672 restaurandi,
1145 4605 1231 4663 multo
1255 4607 1334 4677 pejus
1344 4606 1363 4637 ¹¹
1379 4620 1459 4678 quam
1483 4606 1511 4662 in
1530 4620 1657 4663 sermone
1676 4609 1764 4666 sancti

91 4687 188 4757 nolens,
211 4693 319 4750 crebris
336 4707 368 4749 ac
383 4694 488 4765 magnis
512 4694 624 4765 ystoriis
645 4693 768 4765 undique
786 4694 904 4751 circum·
945 4693 1056 4750 Eusebii
1072 4694 1136 4750 olim
1161 4693 1257 4751 dicens
1277 4695 1426 4767 apparuit:
1445 4714 1459 4748 a
1479 4696 1564 4752 Periit
1582 4694 1641 4754 haec
1660 4697 1766 4764 civitas,

91 4773 244 4850 uolantibus,
266 4781 366 4838 ductus
381 4781 571 4854 patriaeatque
586 4783 901 4850 civitatismeaea‘more,
945 4781 1066 4854 collapsa
1094 4787 1137 4840 cst
1164 4782 1291 4840 eeclesia.
1315 4783 1393 4840 Unde
1415 4797 1476 4841 cum
1505 4783 1640 4856 propheta
1669 4785 1764 4844 diceus

91 4875 201 4925 necnon
224 4877 253 4928 et
277 4870 345 4928 cleri
368 4871 491 4942 eiusdem
518 4871 714 4944 diligentiam’
733 4869 797 4944 (31),
832 4871 903 4929 ultra
945 4872 1174 4944 plangam:Quis
1198 4873 1275 4929 dabit
1299 4873 1382 4945 capiti
1415 4887 1476 4930 meo
1495 4887 1592 4946 aquam
1621 4880 1649 4931 et
1676 4873 1765 4934 oculis

90 4963 177 5012 omnes
198 4957 316 5028 ystorias
336 4967 413 5031 gesta
439 4959 712 5032 archiepiscoporum
737 4975 800 5031 quae
819 4975 904 5032 super
944 4959 1012 5018 meis
1035 4960 1138 5019 iontem
1161 4961 1352 5034 lacrymarum,
1376 4961 1508 5034 plangens
1531 4967 1644 5035 peccata
1668 4965 1764 5036 populi

759 5085 870 5144 tantm
889 5085 1082 5144 theutones.

122 5175 178 5256 {tta
192 5181 221 5238 o.
238 5183 320 5239 hiber
334 5182 562 5255 ystoriograpbus
578 5183 682 5254 primus
695 5198 780 5254 super
793 5185 1032 5257 archiepiscopum
1046 5199 1078 5244 ac
1093 5185 1197 5244 clerum
1219 5199 1252 5242 ac
1272 5185 1359 5244 laicos
1377 5187 1607 5255 mediolanenses,
1623 5187 1761 5260 inprimis
1839 5254 1842 5260 .

91 5249 197 5314 epistola
212 5253 246 5308 ad
259 5255 290 5310 L.
305 5253 395 5312 direct
409 5256 453 5311 ι’.
492 5255 502 5286 ’
517 5264 544 5312 et
559 5258 589 5312 l..
600 5254 628 5310 in
642 5255 701 5312 cod.
717 5257 747 5312 B.
763 5255 813 5326 lepr
826 5258 930 5314 uidetur
949 5261 992 5314 W.
1030 5257 1090 5316 'itu
1105 5259 1134 5314 Β.
1148 5258 1176 5314 in
1188 5258 1328 5331 specimine
1338 5273 1383 5330 ap.
1399 5261 1472 5316 llur.
1492 5275 1521 5332 p.
1541 5258 1596 5316 55:
1612 5261 1641 5316 irs
1653 5259 1773 5331 reliquis.

90 5315 281 5381 deemeoidetur
300 5327 342 5381 W.
389 5324 429 5381 ‘a
462 5324 634 5382 ueBiuecus.
680 5327 866 5387 ‘scedulelt
914 5327 1172 5394 ⁸i.aut,m.l.Bl.
1220 5330 1401 5386 ’enarrarem
1416 5329 1459 5386 ct.
1506 5330 1660 5388 'uarrolt
1698 5331 1759 5388 ’itu

89 5389 158 5446 codd.
174 5392 315 5466 diligentia
329 5395 371 5453 nt.
412 5397 431 5428 ¹⁰
444 5403 482 5454 rto
497 5397 574 5454 codd.
591 5396 748 5456 imbuerunt
762 5399 855 5458 Blenc.
895 5401 912 5432 ¹¹
929 5401 1038 5460 uniolt.
1078 5401 1098 5432 ¹‘
1115 5400 1206 5471 potins
1220 5403 1249 5457 B.
1579 5407 1582 5416 “

869 5504 976 5584 norm

123 5587 170 5654 pq
186 5590 215 5646 ld
230 5599 272 5650 cst
286 5609 383 5650 catere.
398 5595 500 5652 Barna.
