4036 6162
289 260 342 316 907
833 253 999 312 uuunder]
1019 250 1285 308 huulouultnn'sm
1301 252 1434 312 cunule}
1868 267 1904 322 gg

286 385 436 452 mentitum
456 383 505 440 sed
521 383 556 440 de
570 381 645 438 omni
663 379 748 436 verbo
771 377 861 434 otioso
880 377 1017 433 reddituri
1040 374 1314 435 estishconculcent
1329 389 1375 432 eas
1389 376 1507 447 pedibus
1524 379 1592 448 suis,
1607 385 1635 436 et
1651 385 1764 440 conversi
1776 387 1904 460 disrumpor

174 505 179 516 ,
285 475 442 530 rationem?
461 471 569 545 (licttb.
589 485 638 536 xn,
658 465 717 538 36.)
735 485 749 518 n
768 465 847 534 Quod
866 464 890 520 si
904 463 936 496 ⁸¹⁸
950 464 988 520 ita
1002 469 1055 531 est,
1070 463 1105 519 de
1147 475 1197 520 vos
1216 463 1321 536 (llottlt.
1337 480 1388 533 vn,
1410 464 1450 537 6).
1471 487 1484 516 s
1511 467 1657 539 llmhdmi,
1677 471 1760 530 videte
1781 477 1836 545 qnid
1852 482 1903 550 lpo-

284 563 395 634 quautis
409 561 488 618 malis
504 558 668 631 juramentis
693 571 726 612 ac
753 554 832 611 malis
850 555 942 611 verbis
970 553 1107 610 reddituri
1146 551 1235 608 stolus
1267 552 1375 622 clamat,
1404 554 1500 612 dicens
1530 576 1544 606 ι
1569 557 1596 614 Si
1614 559 1722 616 invicem
1750 564 1902 634 nordebert

284 654 352 710 estis
366 653 520 708 rationem!
541 649 569 704 Si
582 647 647 704 odio
662 645 755 716 aliquo
774 643 891 710 lecistis,
914 641 1016 699 irustra
1031 641 1107 697 labo
1146 641 1264 698 invicem
1283 645 1484 701 consumemini
1499 644 1570 714 (Uol.
1585 662 1613 714 v,
1640 647 1696 720 15);
1719 657 1744 706 ev
1768 653 1825 722 quil
1843 655 1868 711 pe
1886 665 1903 714 p

285 743 362 809 ratis,
379 742 413 798 de
429 753 484 811 quc
499 753 549 809 per
572 735 741 808 evangelium
760 735 892 790 hominus
915 732 1001 789 dicit:
1028 750 1043 784 ιι
1066 732 1106 787 Τιι
1146 730 1246 787 doctor
1275 732 1422 802 Gregorius
1454 733 1549 790 dicat:
1586 753 1599 786 ι
1628 736 1737 807 Expedit
1764 739 1831 796 uobis
1847 745 1903 800 ιιι),

284 831 370 886 habes
384 829 488 884 trabem
503 827 531 882 in
550 824 633 884 oculo
651 830 710 892 tuo,
740 829 768 879 et
794 822 834 878 vis
853 821 954 893 ejicere
973 819 1105 876 festucam
1146 833 1208 889 quae
1227 819 1374 876 inhonesta
1387 828 1416 878 et
1430 823 1581 894 incongrua
1599 825 1721 882 videntur
1741 829 1799 897 pavi,
1811 835 1833 886 ot
1847 833 1903 888 unp

284 921 319 976 de
334 918 415 975 oculo
429 915 522 973 iratris
541 917 600 972 tuit
617 913 756 984 Ypocrita,
773 913 844 982 ejice
867 911 985 982 primum
999 910 1105 967 trabem
1145 907 1254 977 melius,
1270 923 1305 965 ue
1320 909 1466 967 dissidium
1484 919 1532 968 aut
1553 913 1706 971 scandalum
1723 916 1749 971 in
1769 919 1860 975 ecclesia
1872 923 1903 978 bei

284 1008 318 1064 de
329 1007 411 1064 oculo
423 1011 481 1074 tuo,
493 1011 521 1061 et
531 1011 596 1061 tuuc
605 1003 713 1060 videbis
722 1003 823 1072 ejicere
833 999 965 1056 lestucam
976 999 1010 1055 de
1023 998 1104 1055 oculo
1145 997 1301 1055 inconsulte
1320 1001 1435 1058 oriatur.
1464 1017 1479 1057 n
1501 1003 1577 1059 Unde
1604 1004 1729 1061 Dominus
1741 1005 1767 1062 iu
1780 1009 1902 1079 Evangelio:

283 1097 376 1153 lratris
394 1096 434 1152 tui
457 1094 564 1166 (Matth.
594 1109 644 1160 vn,
675 1091 715 1162 l).
746 1111 760 1142 s
788 1090 817 1146 Si
835 1090 876 1145 ira
904 1103 952 1145 vus
971 1101 1106 1160 operosos
1147 1088 1209 1142 ‹Ve
1219 1086 1332 1158 illi.per
1345 1103 1427 1160 quem
1441 1091 1600 1148 scandalum
1610 1093 1682 1150 venit
1692 1093 1787 1166 (llottl.
1796 1099 1902 1166 instigo

282 1185 358 1253 lecit,
373 1184 545 1254 videtequid
560 1182 688 1239 dominus
707 1185 801 1250 pastor
815 1184 844 1235 et
862 1179 992 1249 magister
1009 1185 1105 1234 noster
1145 1176 1380 1248 Etapostolus1«
1397 1180 1436 1234 Tu
1452 1180 1515 1250 quis
1533 1195 1575 1249 es,
1589 1183 1636 1253 qui
1652 1182 1752 1252 judicas
1764 1184 1857 1242 alienum
1867 1202 1903 1242 scr

282 1266 1034 1339 hmbrosius³¹⁸sauctusinlibrodelosephdicat(c.
1050 1265 1102 1338 l3):
1143 1270 1228 1320 vumt
1256 1279 1307 1321 suo
1336 1265 1449 1323 domiuo
1475 1274 1529 1324 stat
1556 1275 1603 1326 aut
1630 1270 1716 1339 eadit;
1746 1274 1817 1328 stabit
1843 1281 1902 1330 auhn

282 1377 297 1416 v
313 1365 356 1419 lra
370 1377 444 1434 saepe
460 1363 542 1420 etiam
556 1362 720 1417 innocentes
734 1359 763 1414 in
782 1358 886 1412 crimen
900 1355 1023 1423 adducit,
1039 1355 1110 1427 quia·
1145 1352 1229 1422 (hom.
1249 1367 1306 1422 mv,
1321 1351 1373 1425 4);
1395 1373 1409 1406 n
1430 1356 1556 1412 etitem:
1582 1376 1597 1410 o
1620 1358 1680 1414 Noli
1701 1360 1855 1418 scaudalhare
1867 1361 1902 1418 ira·

280 1453 343 1508 dum
370 1453 445 1522 justo
475 1451 592 1521 amplius
618 1448 763 1505 irascimur
785 1452 813 1503 et
837 1445 962 1502 volumus
984 1445 1103 1501 alienum
1144 1445 1708 1526 tremtuum,proquochristusmortuus
1721 1449 1901 1522 est(lbid.,15}.‚

279 1557 409 1598 coercere
424 1549 578 1612 peccalum,
593 1539 717 1610 graviora
736 1541 850 1607 peccata
864 1535 1069 1591 committimus.
1087 1553 1101 1586 n
1143 1530 1221 1586 Unde
1236 1532 1342 1588 Veritas
1371 1533 1401 1589 in
1425 1535 1587 1606 evangelio:
1614 1557 1627 1587 ι
1654 1537 1805 1610 Quicumque
1826 1539 1903 1594 scande

279 1632 345 1687 ldeo
371 1630 514 1701 apostolus
542 1630 603 1684 ait:
633 1643 648 1682 ιι
677 1628 738 1682 Nou
765 1638 814 1682 vos
840 1623 917 1694 ipsos
945 1623 1102 1694 judicantes
1143 1618 1265 1676 lizaverit
1289 1634 1373 1678 unum
1396 1622 1431 1679 de
1458 1624 1567 1694 pusillis
1595 1626 1666 1693 istis,
1693 1629 1793 1698 expedit
1815 1635 1838 1684 ut
1857 1629 1902 1684 noh

280 1719 425 1786 karissimi,
441 1719 490 1774 sed
510 1718 573 1774 date
587 1717 679 1772 lucum
693 1716 742 1771 ire
763 1713 850 1785 (hom.
876 1729 924 1768 111.
953 1712 1007 1785 19),
1031 1732 1045 1764 n
1071 1707 1261 1769 etliasinaria
1275 1712 1460 1782 suspendatur
1481 1713 1510 1769 iu
1532 1714 1684 1786 colloejus,
1699 1722 1726 1773 et
1742 1717 1902 1788 demergatuh

280 1810 412 1865 hominus
426 1823 476 1878 per
490 1806 678 1878 evangelium:
696 1819 711 1859 ιι
726 1805 777 1872 Qui
796 1803 926 1859 irascitur
942 1801 1021 1858 iratri
1039 1815 1101 1872 suo,
1143 1797 1309 1868 prolundum
1328 1802 1413 1857 maris
1437 1801 1546 1874 (hatto.
1573 1817 1653 1871 rvnn,
1664 1804 1699 1876 6).
1716 1806 1901 1877 nvelnngumc

282 1912 346 1954 reus
369 1897 423 1953 erit
438 1897 545 1966 judicio
571 1894 674 1966 (Motlh.
696 1909 724 1959 v,
740 1891 794 1962 22).
812 1912 825 1940 ι
841 1889 919 1946 Unde
942 1891 1100 1960 Apostolus,
1142 1887 1321 1958 Augustinus,
1341 1889 1487 1947 sententiis
1503 1891 1634 1950 humanis
1660 1893 1750 1950 dicens
1774 1909 1814 1966 per
1834 1899 1901 1950 euel-

282 2009 295 2036 ι
307 1989 349 2043 lra
359 1987 432 2043 enim
441 1985 493 2042 viri
501 1982 690 2054 justitiambei
701 1994 756 2037 non
767 1984 897 2050 operatur
905 1977 975 2050 (dcc.
987 1995 1007 2046 1,
1018 1979 1075 2051 20).
1086 1999 1100 2032 n
1142 1974 1232 2044 ipsum
1251 1977 1338 2048 (serm.
1359 1981 1435 2036 bom.
1451 1980 1479 2036 io
1501 1986 1599 2050 monte,
1627 1981 1654 2050 2,
1682 1980 1743 2054 bil:
1769 2001 1781 2036 n
1797 1985 1866 2053 Neque
1878 1983 1901 2036 ita

314 2077 341 2130 6.
368 2075 415 2147 (el
440 2077 548 2132 interea
566 2073 598 2104 ⁵¹⁷
622 2070 749 2128 Arialdus
777 2083 839 2126 cnm
866 2068 939 2139 apud
967 2067 1102 2124 varisium
1142 2065 1377 2134 reprehendamus
1395 2083 1457 2140 quae
1473 2068 1618 2127 manifesta
1638 2077 1711 2140 suut,
1733 2077 1761 2128 ut
1775 2072 1901 2142 desperemus

279 2172 451 2232 moraretur,
483 2163 600 2234 quadam
627 2160 672 2217 die
705 2175 739 2216 er
766 2161 939 2228 incorrupto,
969 2163 998 2213 et
1023 2159 1101 2228 quasi
1141 2155 1306 2223 sanitatem,
1324 2162 1352 2213 et
1369 2157 1516 2214 vitabimus
1532 2159 1679 2230 judicium,
1693 2160 1726 2218 de
1742 2174 1790 2232 quo
1810 2160 1901 2216 nuncil·

278 2253 414 2312 l‘uriosum
433 2254 549 2324 cupieos
563 2251 700 2307 seminare
714 2261 846 2320 granum,
862 2246 937 2317 quod
952 2246 1022 2302 male
1035 2260 1103 2302 ven·
1141 2241 1231 2299 citur:
1247 2244 1339 2301 NoUte
1351 2245 1488 2316 judicare,
1504 2261 1539 2304 ue
1553 2249 1696 2320 judicetur
1708 2250 1741 2308 de
1751 2249 1823 2308 vobis.
1835 2250 1856 2306 lu
1866 2260 1901 2318 qun

275 2345 381 2402 tilando
413 2343 600 2408 mondaverat,
630 2339 756 2396 ecclesie
783 2339 898 2410 gradum
925 2336 1097 2406 ascendens,
1140 2331 1213 2388 euim
1225 2332 1332 2401 judicio
1344 2334 1543 2405 judicaveritis,
1565 2338 1735 2409 judicabitur
1754 2339 1784 2396 de
1805 2339 1869 2403 vobis,
1885 2343 1902 2390 et

273 2448 324 2504 per
348 2433 440 2490 omnia
463 2430 623 2488 sacerdotes
646 2426 822 2493 diliamando,
853 2435 883 2481 ut
906 2425 940 2482 ab
966 2427 1098 2483 uxoribus
1138 2420 1168 2476 iu
1182 2435 1237 2492 gua
1251 2436 1379 2481 mensura
1387 2427 1475 2482 mensi
1489 2425 1576 2484 luerit
1590 2429 1624 2497 is,
1636 2425 1902 2486 inearemeticluvolis

274 2523 344 2580 male
363 2528 568 2593 separarentur,
594 2519 701 2590 plebem
719 2516 811 2573 verbis
835 2513 1001 2585 turpissimis
1018 2515 1097 2570 rusti·
1139 2509 1211 2581 (Luc.
1227 2525 1263 2580 vr,
1279 2511 1333 2585 38).
1351 2517 1597 2587 »Praetereaquid
1611 2518 1706 2576 beatus
1717 2516 1902 2576 Ambrosiusdiut

274 2625 406 2670 canorum
426 2609 624 2668 commovendo
643 2607 744 2663 obnixe
769 2617 882 2674 operam
901 2603 983 2659 dabat
1005 2601 1096 2674 (loo).
1137 2612 1222 2669 super
1240 2602 1353 2672 Lucam,
1373 2604 1516 2661 curialiter
1529 2619 1561 2662 ac
1584 2606 1682 2663 devote
1704 2605 1822 2664 audiendo
1833 2601 1902 2674 perspi·

271 2701 350 2770 Quod
365 2707 396 2758 ut
414 2700 511 2756 rustici
535 2713 567 2754 ac
589 2696 748 2754 sacerdotes
771 2693 884 2750 auribus
906 2691 1031 2748 attonitis
1049 2705 1096 2747 au·
1136 2687 1210 2744 cite:
1229 2691 1317 2747 «Nisi
1331 2698 1361 2749 tu
1381 2694 1458 2763 prius
1479 2695 1617 2752 interiora
1636 2702 1682 2752 tua
1702 2709 1778 2754 vacua
1796 2689 1903 2752 lecerisal

272 2791 394 2858 dierunt,
414 2790 475 2846 hec
489 2788 601 2844 minime
616 2787 645 2842 in
669 2782 810 2841 matutinis
838 2781 994 2848 credentes,
1024 2780 1095 2836 ultra
1136 2777 1211 2833 omni
1226 2775 1287 2835 labe
1305 2783 1424 2851 peccati,
1443 2795 1478 2840 ue
1497 2783 1690 2844 dissensiones
1711 2785 1903 2851 commotionesque

273 2880 385 2938 modum
399 2879 434 2936 de
448 2880 492 2935 his
511 2891 574 2948 quae
589 2877 624 2933 ab
646 2873 758 2931 Arialdo
777 2871 941 2928 dicebantur
964 2871 1095 2928 mirantes
1135 2880 1169 2922 eu
1184 2865 1284 2925 allecto
1308 2877 1356 2928 tuo
1381 2874 1527 2943 prodeant,
1548 2889 1608 2934 nou
1632 2884 1710 2950 potes
1722 2877 1778 2934 aliis
1800 2875 1855 2932 lerre
1868 2885 1903 2928 ue

272 2967 483 3038 obstupuerunt,
503 2965 619 3021 manium
633 2963 800 3019 affirmantes
814 2962 889 3031 quod
913 2973 993 3016 nemo
1009 2961 1093 3016 casti·
1136 2955 1267 3015 dicinam.
1281 2961 1304 3016 h
1319 2967 1346 3017 tc
1360 2959 1392 2993 ⁸¹⁹
1405 2963 1490 3034 igitur
1504 2979 1604 3036 pacem
1623 2967 1722 3039 incipe,
1737 2975 1764 3024 ut
1779 2979 1828 3021 cum
1846 2960 1903 3017 lucris

273 3062 357 3114 tatem
372 3055 475 3112 habere
489 3060 592 3124 potest,
611 3052 701 3109 nisiei
715 3066 731 3108 a
746 3054 803 3109 beo
818 3051 911 3107 datum
925 3033 1196 3118 sit,dicenteCipse
1224 3049 1365 3120 pacificus,
1391 3066 1486 3123 pacem
1514 3053 1580 3112 aliis
1607 3056 1688 3116 ieras.
1715 3057 1835 3126 Quomodo
1854 3050 1904 3108 triti

272 3145 424 3216 hpostolo:
442 3143 604 3213 «Quoniam
629 3140 722 3197 datum
750 3141 853 3196 bonum
880 3145 933 3208 est,
960 3143 988 3194 et
1013 3152 1094 3197 omne
1134 3140 1215 3206 potes
1241 3137 1358 3197 aliorum
1377 3142 1461 3199 corda
1476 3144 1624 3215 mundare,
1641 3148 1693 3204 nisi
1707 3153 1775 3204 tuum
1787 3151 1903 3200 anunm

270 3234 373 3292 donum
389 3232 540 3303 perlectum
553 3231 588 3288 de
606 3230 678 3286 caelo
692 3242 800 3285 sursum
819 3233 871 3292 est,
886 3226 1059 3284 descendens
1077 3243 1093 3286 a
1134 3223 1261 3283 daverist
1275 3230 1315 3286 Τιι
1332 3229 1419 3288 babes
1440 3233 1545 3290 trabem
1563 3237 1597 3292 iu
1620 3237 1712 3306 oculo,
1738 3242 1764 3293 et
1786 3235 1819 3292 vis
1833 3231 1902 3303 ejicere

269 3327 350 3380 Patre
367 3323 438 3395 (dcc.
450 3339 470 3390 1,
487 3323 537 3392 tr).
550 3341 565 3372 ι)
575 3323 670 3390 ltaque
681 3325 754 3376 coetu
765 3317 919 3374 coadunato
929 3325 1092 3375 cunctorum
1133 3312 1265 3374 lestucam
1280 3319 1315 3376 de
1327 3320 1408 3378 oculo
1422 3321 1516 3380 lratris
1527 3325 1591 3384 tuit
1606 3326 1808 3399 ipocritaejiec
1820 3323 1901 3394 prium

270 3413 304 3469 ad
333 3412 485 3470 Guidonem
514 3410 763 3480 archiepiscopum,
792 3413 823 3463 ut
850 3407 943 3463 omnia
969 3407 1091 3463 seriatim
1131 3403 1237 3462 trabem
1251 3406 1286 3464 de
1301 3407 1383 3466 oculo
1397 3418 1456 3480 tuo,
1472 3419 1501 3470 et
1514 3417 1700 3475 tuncvidebis
1712 3409 1901 3482 leuandum

269 3517 331 3573 que
364 3500 492 3558 Arialdus
523 3500 632 3556 noviter
659 3496 884 3554 disseminaverat
907 3495 1088 3564 nuntiarent,
1131 3493 1166 3548 de
1193 3495 1276 3554 oculo
1294 3497 1387 3556 fratris
1416 3503 1456 3558 tui
1482 3503 1558 3574 (Luc.
1591 3520 1633 3575 vr,
1661 3507 1714 3576 42).
1740 3508 1800 3562 pem
1813 3496 1901 3570 iuguli

266 3592 432 3648 unanimiter
446 3589 541 3647 clerici
556 3594 584 3645 et
597 3588 661 3644 laici
680 3591 891 3645 concurrerunt.
906 3584 1089 3652 Quamobrem
1129 3593 1182 3638 nus
1207 3583 1240 3656 (l.
1265 3587 1287 3656 l,
1310 3603 1335 3644 c.
1365 3588 1433 3661 63);
1454 3607 1469 3645 ιι
1489 3593 1583 3650 Facile
1611 3594 1653 3652 hii
1670 3591 1858 3668 reprehendunt,
1871 3584 1901 3656 pi

266 3681 365 3750 Gnido,
381 3680 522 3737 advocatis
535 3677 647 3734 Arialdo
662 3682 690 3734 et
704 3673 848 3742 Landullo,
868 3688 903 3731 ne
924 3688 1003 3730 usum
1017 3675 1089 3730 auti·
1129 3672 1215 3743 magis
1233 3683 1326 3733 amant
1336 3679 1491 3750 vituperare
1506 3688 1534 3738 ct
1547 3682 1693 3754 damnare,
1707 3697 1781 3756 quarn
1796 3677 1901 3738 ementur

269 3784 353 3841 quum
373 3770 516 3841 bonosque
545 3765 670 3824 ecelesiae
697 3779 789 3822 mores
816 3768 871 3820 tam
898 3763 1087 3820 imbrosianae
1127 3766 1211 3833 atquc
1229 3765 1381 3838 corrigere.
1402 3768 1441 3842 (c.
1461 3770 1532 3844 64).)
1548 3773 1631 3842 Quod
1647 3759 1739 3832 viuum
1756 3764 1901 3840 estsuperbie

262 3874 343 3938 quam
372 3860 458 3916 totius
481 3856 583 3927 lingua
622 3855 734 3922 haduae,
773 3860 827 3911 tam
864 3855 968 3911 Latinae
1004 3866 1085 3925 quam
1126 3850 1169 3907 vel
1183 3853 1313 3924 invidiae3
1335 3858 1440 3916 ctideo
1455 3860 1501 3931 pie
1519 3870 1659 3936 cauteque
1673 3859 1902 3936 vigilandumestut

263 3950 366 4005 Graece
386 3948 481 4015 totius,
502 3946 649 4002 criminose
671 3945 779 4001 turbam
802 3943 979 4001 sollicitando
1001 3944 1086 4000 indis
1126 3953 1188 3997 cum
1203 3942 1325 4015 aliquem
1349 3949 1555 4019 reprehendere
1579 3954 1623 4011 vel
1638 3955 1777 4026 objurgare
1793 3943 1902 4006 ommim

265 4043 366 4094 cretam
401 4035 608 4101 conturbarent,
647 4041 729 4104 prout
767 4031 857 4104 potuit
893 4033 1020 4104 privatim
1057 4039 1085 4091 et
1125 4031 1226 4103 coegit,
1242 4034 1332 4104 primo
1347 4036 1511 4109 cogitemus,
1531 4045 1626 4100 utrum
1642 4043 1696 4101 tale
1710 4043 1744 4098 sil
1762 4027 1901 4104 riumodi

263 4128 374 4184 curlosc
388 4123 554 4196 corrigendo
573 4123 715 4188 amonuit;
736 4123 802 4193 quin
821 4121 903 4178 etiam
927 4122 1012 4178 multa
1030 4122 1084 4179 alia
1123 4124 1901 4204 numquamhahuerimus,velquoiamearuimusuuimn

261 4215 331 4272 mala
350 4215 503 4285 multasque
518 4213 707 4270 dissensiones
730 4226 762 4268 ac
781 4213 896 4269 crimina
917 4212 1026 4270 diversa
1049 4227 1083 4270 ex
1123 4223 1205 4280 quam
1220 4212 1406 4287 babuerimus,
1422 4220 1577 4290 cogitemus
1596 4229 1626 4280 et
1640 4237 1692 4281 uos
1705 4215 1902 4279 homiuescsscct

258 4306 302 4362 his
316 4319 396 4376 posse
416 4305 494 4373 oriri,
514 4303 606 4360 verbis
620 4303 676 4360 illis
702 4301 851 4359 reserando
865 4317 897 4359 ac
912 4302 1081 4360 notilicaudo
1121 4298 1225 4358 habere
1235 4305 1377 4375 potuisse,
1392 4309 1417 4364 si
1428 4323 1494 4366 vero
1504 4309 1691 4370 habuimuset
1704 4299 1902 4370 modomntalc

258 4395 375 4466 aperuit.
398 4395 504 4464 Quibus
530 4395 604 4450 inter
627 4397 725 4476 ¹cetera
743 4392 869 4462 quadam
897 4393 980 4449 verba
998 4366 1193 4458 evan-Dmus,
1210 4397 1305 4464 mrrgat
1317 4396 1477 4454 memoriam
1490 4401 1648 4460 communis
1658 4401 1804 4465 infirmitas,
1817 4390 1903 4451 urium

258 4485 354 4557 gelicae
373 4485 508 4542 doctrinae
524 4484 643 4556 benigne
659 4483 756 4540 dicens
769 4483 897 4553 aperuit:
1120 4481 1366 4550 reprehensionem
1379 4493 1428 4543 aut
1445 4487 1668 4561 objurgationem
1692 4504 1745 4547 nou
1766 4487 1856 4550 odium,
1868 4475 1902 4534 sed

287 4575 316 4631 7.
345 4574 431 4648 ldie
459 4573 550 4631 Nolite
569 4573 601 4604 ⁸¹⁸
634 4572 701 4630 dare
728 4578 854 4630 sanctum
881 4570 1006 4638 canibus,
1027 4583 1079 4628 uec
1119 4569 1311 4630 misericordia
1334 4576 1484 4644 pracedat.
1503 4580 1533 4636 Si
1546 4587 1641 4638 autem
1656 4583 1803 4653 cogitantes
1814 4573 1903 4630 uosmet

259 4663 375 4722 mittatis
402 4663 562 4736 margaritas
588 4667 693 4718 vestras
720 4667 783 4717 ante
811 4673 923 4732 porcos,
952 4673 987 4716 ne
1005 4659 1077 4716 lorte
1118 4659 1195 4729 ipsos
1213 4661 1383 4722 inveniemus
1400 4667 1431 4724 in
1454 4680 1488 4726 eo
1515 4683 1577 4726 esse
1596 4671 1676 4739 vitio,
1704 4671 1733 4728 ln
1758 4679 1809 4738 quo
1825 4669 1858 4720 en
1871 4655 1902 4716 'tlt

288 4831 320 4867 ⁸¹⁸
335 4833 407 4890 deest
423 4834 453 4888 B.
469 4831 546 4900 Quod
562 4832 585 4888 si
601 4831 619 4887 i.
637 4845 662 4888 e.
680 4831 709 4888 d.
725 4845 753 4902 q.
769 4844 806 4886 m.
823 4831 842 4887 i.
859 4844 884 4887 a.
900 4757 1265 4898 myeffiffcpffiffi',
1276 4833 1337 4889 h**.
1375 4833 1408 4866 ³¹⁸
1426 4837 1492 4906 quid
1508 4838 1607 4897 beatus
1619 4840 1700 4906 limb.
1715 4839 1745 4894 B.
1780 4833 1809 4867 ‘¹'
1822 4826 1902 4888 runc

253 4907 353 4976 incipit
365 4905 399 4961 de
414 4904 525 4986 hrialdo
545 4909 572 4959 et
590 4900 763 4986 landulpho.
783 4903 829 4958 h‘.
846 4901 969 4985 Qualiter
985 4899 1114 4984 Arialdus
1136 4902 1221 4971 coepit
1243 4917 1323 4960 suum
1342 4909 1515 4977 propositum
1540 4909 1783 4980 predicationibus
1799 4909 1901 4962 reserue-

251 4979 311 5034 h*·.
326 4979 357 5034 B.
395 4975 428 5008 ¹¹⁸
449 4973 566 5032 litoius:
582 4977 723 5030 Uxortatro
743 4973 944 5044 archiepiscopi
963 4973 1090 5029 Widours
1108 4971 1239 5030 adversus
1257 4978 1288 5031 ll.
1306 4983 1333 5033 et
1351 4979 1382 5036 L.
1399 4985 1458 5037 uta
1476 4982 1553 5038 vanis
1566 4981 1791 5040 altercationibus
1803 4973 1902 5047 utibile·

251 5059 314 5105 rent
330 5056 357 5106 et
371 5047 505 5132 dissidiis,
520 5045 621 5129 quibus
640 5045 771 5116 populum
785 5045 917 5142 adversus
930 5045 1090 5128 sacerdotes
1102 5055 1171 5126 ‘omn
1196 5059 1202 5068 ·
1224 5059 1258 5130 uc
1272 5047 1385 5132 ordines
1403 5050 1600 5136 sollicitabant,
1617 5053 1763 5124 multisque
1776 5049 1901 5108 sanciunt!

251 5113 1903 5261 ltdldlltlllittltl{tilithilhlehi?lthhlhdddlttillchild,‘childbirth

249 5263 340 5320 Aah.
360 5265 401 5320 hu
416 5264 435 5318 i.
452 5261 530 5318 codd.
546 5263 616 5317 Ante
631 5259 673 5316 nl.
1035 5329 1135 5388 Nom

285 5413 363 5486 (rol)
376 5413 417 5469 lbi
431 5425 493 5470 enm
504 5411 689 5469 concionandi
704 5410 811 5467 initium
826 5407 935 5480 iecisse,
952 5413 1069 5468 testatur
1108 5409 1210 5467 ruditoa
1238 5417 1393 5482 moneamus
1415 5422 1528 5475 ceterum
1549 5420 1573 5474 ri
1594 5418 1689 5476 doctor
1701 5414 1790 5474 holm
1805 5413 1839 5469 ιιι
1855 5417 1899 5462 dt·

247 5489 330 5557 Syrus
349 5485 439 5556 presb.
462 5499 506 5610 ι).
522 5482 687 5588 l‘uricellum
719 5495 746 5552 p.
779 5480 839 5537 ibt).
867 5483 926 5564 ero
953 5489 1067 5566 auctore
1109 5479 1206 5550 dibilis,
1220 5483 1288 5539 uode
1305 5491 1331 5542 et
1343 5489 1373 5541 is
1386 5487 1452 5544 crde
1465 5489 1521 5545 hcc
1534 5489 1603 5562 tepet·
1621 5489 1678 5546 nola·
1690 5490 1786 5547 tim

248 5557 451 5627 responderunt
469 5555 528 5613 rll.
546 5554 630 5612 Nobrc
647 5554 706 5610 tdeo
721 5555 776 5609 hcc
790 5553 903 5626 loom
917 5567 979 5625 puto
992 5568 1066 5610 eore-
