<?xml version="1.0" encoding="UTF-8"?>
<!DOCTYPE html PUBLIC "-//W3C//DTD XHTML 1.0 Transitional//EN"
    "http://www.w3.org/TR/xhtml1/DTD/xhtml1-transitional.dtd">
<html xmlns="http://www.w3.org/1999/xhtml" xml:lang="en" lang="en">
 <head>
  <title>
</title>
<meta http-equiv="Content-Type" content="text/html;charset=utf-8" />
  <meta name='ocr-system' content='tesseract 3.04.00' />
  <meta name='ocr-capabilities' content='ocr_page ocr_carea ocr_par ocr_line ocrx_word'/>
</head>
<body>
  <div class='ocr_page' id='page_1' title='image "./patrologiaecurs128unkngoog_0641.png"; bbox 0 0 4106 6178; ppageno 0'>
   <div class='ocr_carea' id='block_1_1' title="bbox 148 299 1833 366">
    <p class='ocr_par' dir='ltr' id='par_1_1' title="bbox 148 299 1833 366">
     <span class='ocr_line' id='line_1_1' title="bbox 148 299 1833 366; baseline -0.005 -4"><span class='ocrx_word' id='word_1_1' title='bbox 148 305 219 364; x_wconf 79' lang='lat'>1273</span> <span class='ocrx_word' id='word_1_2' title='bbox 729 306 803 362; x_wconf 77' lang='lat' dir='ltr'>viia</span> <span class='ocrx_word' id='word_1_3' title='bbox 822 308 864 363; x_wconf 83' lang='grc' dir='ltr'>ΕΤ</span> <span class='ocrx_word' id='word_1_4' title='bbox 883 305 1043 366; x_wconf 73' lang='lat' dir='ltr'>passius.</span> <span class='ocrx_word' id='word_1_5' title='bbox 1063 303 1262 362; x_wconf 72' lang='lat' dir='ltr'>cuuis&#39;ttttm.</span> <span class='ocrx_word' id='word_1_6' title='bbox 1765 299 1833 355; x_wconf 78' lang='lat' dir='ltr'>tati</span> 
     </span>
    </p>
   </div>
   <div class='ocr_carea' id='block_1_2' title="bbox 69 426 1897 5661">
    <p class='ocr_par' dir='ltr' id='par_1_2' title="bbox 69 426 1897 5661">
     <span class='ocr_line' id='line_1_2' title="bbox 142 426 1832 502; baseline -0.004 -12"><span class='ocrx_word' id='word_1_7' title='bbox 142 433 256 490; x_wconf 88' lang='lat' dir='ltr'>lentiam</span> <span class='ocrx_word' id='word_1_8' title='bbox 271 439 326 488; x_wconf 91' lang='lat' dir='ltr'>non</span> <span class='ocrx_word' id='word_1_9' title='bbox 342 435 442 501; x_wconf 91' lang='lat' dir='ltr'>sponte</span> <span class='ocrx_word' id='word_1_10' title='bbox 457 444 605 502; x_wconf 89' lang='lat' dir='ltr'>perpessus</span> <span class='ocrx_word' id='word_1_11' title='bbox 619 430 776 502; x_wconf 76' lang='lat' dir='ltr'>husjusmodi</span> <span class='ocrx_word' id='word_1_12' title='bbox 791 433 886 501; x_wconf 87' lang='lat' dir='ltr'>cesslt;</span> <span class='ocrx_word' id='word_1_13' title='bbox 902 427 1098 496; x_wconf 74' lang='lat' dir='ltr'>iilieAsolum</span> <span class='ocrx_word' id='word_1_14' title='bbox 1130 429 1184 486; x_wconf 91' lang='lat' dir='ltr'>hoc</span> <span class='ocrx_word' id='word_1_15' title='bbox 1213 429 1248 485; x_wconf 90' lang='lat' dir='ltr'>ad</span> <span class='ocrx_word' id='word_1_16' title='bbox 1285 427 1422 485; x_wconf 72' lang='lat' dir='ltr'><strong>libertatis</strong></span> <span class='ocrx_word' id='word_1_17' title='bbox 1455 433 1556 486; x_wconf 87' lang='lat' dir='ltr'>nostre</span> <span class='ocrx_word' id='word_1_18' title='bbox 1585 426 1832 498; x_wconf 77' lang='lat' dir='ltr'>parvipenderetur</span> 
     </span>
     <span class='ocr_line' id='line_1_3' title="bbox 142 516 1829 594; baseline -0.005 -14"><span class='ocrx_word' id='word_1_19' title='bbox 142 522 276 593; x_wconf 88' lang='lat' dir='ltr'>pudorem</span> <span class='ocrx_word' id='word_1_20' title='bbox 294 521 396 591; x_wconf 81' lang='lat' dir='ltr'>rapuit,</span> <span class='ocrx_word' id='word_1_21' title='bbox 425 523 594 593; x_wconf 71' lang='lat' dir='ltr'>Agenoream</span> <span class='ocrx_word' id='word_1_22' title='bbox 624 521 727 592; x_wconf 89' lang='lat' dir='ltr'>prolem</span> <span class='ocrx_word' id='word_1_23' title='bbox 758 522 829 577; x_wconf 91' lang='lat' dir='ltr'>tauri</span> <span class='ocrx_word' id='word_1_24' title='bbox 849 522 967 594; x_wconf 84' lang='lat' dir='ltr'>imagine</span> <span class='ocrx_word' id='word_1_25' title='bbox 1009 518 1151 586; x_wconf 85' lang='lat' dir='ltr'>auxilium,</span> <span class='ocrx_word' id='word_1_26' title='bbox 1175 524 1357 589; x_wconf 86' lang='lat' dir='ltr'>spontaneum</span> <span class='ocrx_word' id='word_1_27' title='bbox 1376 519 1468 575; x_wconf 89' lang='lat' dir='ltr'>crucis</span> <span class='ocrx_word' id='word_1_28' title='bbox 1483 516 1632 588; x_wconf 83' lang='lat' dir='ltr'>assumpsit</span> <span class='ocrx_word' id='word_1_29' title='bbox 1658 517 1829 588; x_wconf 89' lang='lat' dir='ltr'>patibulnm;</span> 
     </span>
     <span class='ocr_line' id='line_1_4' title="bbox 142 604 1829 680; baseline -0.004 -12"><span class='ocrx_word' id='word_1_30' title='bbox 142 612 254 678; x_wconf 84' lang='lat' dir='ltr'>delusit,</span> <span class='ocrx_word' id='word_1_31' title='bbox 293 623 375 666; x_wconf 91' lang='lat' dir='ltr'>omne</span> <span class='ocrx_word' id='word_1_32' title='bbox 408 612 501 677; x_wconf 91' lang='lat' dir='ltr'>etiam,</span> <span class='ocrx_word' id='word_1_33' title='bbox 519 610 594 680; x_wconf 94' lang='lat' dir='ltr'>quod</span> <span class='ocrx_word' id='word_1_34' title='bbox 620 610 672 666; x_wconf 90' lang='lat' dir='ltr'>sibi</span> <span class='ocrx_word' id='word_1_35' title='bbox 705 610 842 679; x_wconf 77' lang='lat' dir='ltr'>collibuit,</span> <span class='ocrx_word' id='word_1_36' title='bbox 878 612 969 670; x_wconf 92' lang='lat' dir='ltr'>scelus</span> <span class='ocrx_word' id='word_1_37' title='bbox 1009 608 1126 668; x_wconf 85' lang='lat' dir='ltr'>moritur</span> <span class='ocrx_word' id='word_1_38' title='bbox 1143 608 1209 664; x_wconf 87' lang='lat' dir='ltr'>rite</span> <span class='ocrx_word' id='word_1_39' title='bbox 1236 607 1386 674; x_wconf 87' lang='lat' dir='ltr'>bominus;</span> <span class='ocrx_word' id='word_1_40' title='bbox 1419 606 1513 662; x_wconf 90' lang='lat' dir='ltr'>mundi</span> <span class='ocrx_word' id='word_1_41' title='bbox 1545 604 1633 678; x_wconf 88' lang='lat' dir='ltr'>gloria</span> <span class='ocrx_word' id='word_1_42' title='bbox 1661 605 1829 674; x_wconf 89' lang='lat' dir='ltr'>tumulatur;</span> 
     </span>
     <span class='ocr_line' id='line_1_5' title="bbox 141 695 1834 770; baseline -0.004 -12"><span class='ocrx_word' id='word_1_43' title='bbox 141 701 272 767; x_wconf 81' lang='lat' dir='ltr'>admisit,</span> <span class='ocrx_word' id='word_1_44' title='bbox 306 706 334 756; x_wconf 88' lang='lat' dir='ltr'>et</span> <span class='ocrx_word' id='word_1_45' title='bbox 366 698 518 755; x_wconf 81' lang='lat' dir='ltr'>divinitatis</span> <span class='ocrx_word' id='word_1_46' title='bbox 550 699 602 756; x_wconf 94' lang='lat' dir='ltr'>sibi</span> <span class='ocrx_word' id='word_1_47' title='bbox 635 701 803 770; x_wconf 83' lang='lat' dir='ltr'>majestatem</span> <span class='ocrx_word' id='word_1_48' title='bbox 837 701 968 770; x_wconf 91' lang='lat' dir='ltr'>opinione</span> <span class='ocrx_word' id='word_1_49' title='bbox 1008 701 1082 754; x_wconf 87' lang='lat' dir='ltr'>terra</span> <span class='ocrx_word' id='word_1_50' title='bbox 1096 697 1265 764; x_wconf 86' lang='lat' dir='ltr'>concutitur,</span> <span class='ocrx_word' id='word_1_51' title='bbox 1281 696 1323 752; x_wconf 93' lang='lat' dir='ltr'>sol</span> <span class='ocrx_word' id='word_1_52' title='bbox 1338 696 1513 764; x_wconf 88' lang='lat' dir='ltr'>obscuratur,</span> <span class='ocrx_word' id='word_1_53' title='bbox 1530 695 1618 767; x_wconf 89' lang='lat' dir='ltr'>legem</span> <span class='ocrx_word' id='word_1_54' title='bbox 1642 707 1697 751; x_wconf 89' lang='lat' dir='ltr'>uon</span> <span class='ocrx_word' id='word_1_55' title='bbox 1723 700 1834 752; x_wconf 87' lang='lat' dir='ltr'>serrant</span> 
     </span>
     <span class='ocr_line' id='line_1_6' title="bbox 141 783 1831 868; baseline -0.005 -21"><span class='ocrx_word' id='word_1_56' title='bbox 141 790 225 861; x_wconf 92' lang='lat' dir='ltr'>impia</span> <span class='ocrx_word' id='word_1_57' title='bbox 240 802 375 859; x_wconf 92' lang='lat' dir='ltr'>usurpare</span> <span class='ocrx_word' id='word_1_58' title='bbox 395 802 451 845; x_wconf 94' lang='lat' dir='ltr'>non</span> <span class='ocrx_word' id='word_1_59' title='bbox 470 787 577 859; x_wconf 89' lang='lat' dir='ltr'>puduit.</span> <span class='ocrx_word' id='word_1_60' title='bbox 605 789 676 845; x_wconf 84' lang='lat' dir='ltr'>Ecce</span> <span class='ocrx_word' id='word_1_61' title='bbox 704 789 779 860; x_wconf 89' lang='lat' dir='ltr'>quali</span> <span class='ocrx_word' id='word_1_62' title='bbox 807 795 968 860; x_wconf 90' lang='lat' dir='ltr'>quantoque</span> <span class='ocrx_word' id='word_1_63' title='bbox 1009 785 1145 868; x_wconf 80' lang='lat' dir='ltr'>elementa</span> <span class='ocrx_word' id='word_1_64' title='bbox 1171 790 1288 852; x_wconf 88' lang='lat' dir='ltr'>nature,</span> <span class='ocrx_word' id='word_1_65' title='bbox 1308 798 1425 855; x_wconf 89' lang='lat' dir='ltr'>quorum</span> <span class='ocrx_word' id='word_1_66' title='bbox 1455 783 1586 844; x_wconf 82' lang='lat' dir='ltr'>hominus</span> <span class='ocrx_word' id='word_1_67' title='bbox 1606 787 1650 839; x_wconf 90' lang='lat' dir='ltr'>est</span> <span class='ocrx_word' id='word_1_68' title='bbox 1673 783 1831 840; x_wconf 80' lang='lat' dir='ltr'>crucifixus.</span> 
     </span>
     <span class='ocr_line' id='line_1_7' title="bbox 140 871 1833 950; baseline -0.003 -15"><span class='ocrx_word' id='word_1_69' title='bbox 140 881 197 937; x_wconf 83' lang='lat' dir='ltr'>lico</span> <span class='ocrx_word' id='word_1_70' title='bbox 217 893 308 935; x_wconf 90' lang='lat' dir='ltr'>arcem</span> <span class='ocrx_word' id='word_1_71' title='bbox 337 878 419 934; x_wconf 91' lang='lat' dir='ltr'>etiarn</span> <span class='ocrx_word' id='word_1_72' title='bbox 438 876 620 950; x_wconf 85' lang='lat' dir='ltr'>Capitolinam</span> <span class='ocrx_word' id='word_1_73' title='bbox 638 879 754 936; x_wconf 86' lang='lat' dir='ltr'>Romani</span> <span class='ocrx_word' id='word_1_74' title='bbox 769 879 967 936; x_wconf 88' lang='lat' dir='ltr'>observandam</span> <span class='ocrx_word' id='word_1_75' title='bbox 1008 873 1193 932; x_wconf 83' lang='lat' dir='ltr'>Claudebatur</span> <span class='ocrx_word' id='word_1_76' title='bbox 1221 874 1250 930; x_wconf 92' lang='lat' dir='ltr'>in</span> <span class='ocrx_word' id='word_1_77' title='bbox 1278 874 1407 944; x_wconf 90' lang='lat' dir='ltr'>sepulcro</span> <span class='ocrx_word' id='word_1_78' title='bbox 1436 887 1511 940; x_wconf 91' lang='lat' dir='ltr'>caro,</span> <span class='ocrx_word' id='word_1_79' title='bbox 1541 877 1570 929; x_wconf 90' lang='lat' dir='ltr'>et</span> <span class='ocrx_word' id='word_1_80' title='bbox 1596 871 1748 928; x_wconf 85' lang='lat' dir='ltr'>divinitatis</span> <span class='ocrx_word' id='word_1_81' title='bbox 1775 887 1833 930; x_wconf 85' lang='lat' dir='ltr'>sue</span> 
     </span>
     <span class='ocr_line' id='line_1_8' title="bbox 141 955 1832 1040; baseline -0.004 -15"><span class='ocrx_word' id='word_1_82' title='bbox 141 981 171 1026; x_wconf 89' lang='lat' dir='ltr'>se</span> <span class='ocrx_word' id='word_1_83' title='bbox 187 967 394 1025; x_wconf 83' lang='lat' dir='ltr'>commendasse</span> <span class='ocrx_word' id='word_1_84' title='bbox 408 965 583 1038; x_wconf 86' lang='lat' dir='ltr'>gaudebant:</span> <span class='ocrx_word' id='word_1_85' title='bbox 609 966 658 1023; x_wconf 92' lang='lat' dir='ltr'>sed</span> <span class='ocrx_word' id='word_1_86' title='bbox 675 968 721 1024; x_wconf 91' lang='lat' dir='ltr'>ubi</span> <span class='ocrx_word' id='word_1_87' title='bbox 736 967 884 1024; x_wconf 90' lang='lat' dir='ltr'>invisarum</span> <span class='ocrx_word' id='word_1_88' title='bbox 901 982 968 1040; x_wconf 90' lang='lat' dir='ltr'>gen·</span> <span class='ocrx_word' id='word_1_89' title='bbox 1009 964 1131 1034; x_wconf 88' lang='lat' dir='ltr'>potentia</span> <span class='ocrx_word' id='word_1_90' title='bbox 1160 963 1304 1035; x_wconf 79' lang='lat' dir='ltr'>frangebat</span> <span class='ocrx_word' id='word_1_91' title='bbox 1330 964 1451 1020; x_wconf 91' lang='lat' dir='ltr'>claustra</span> <span class='ocrx_word' id='word_1_92' title='bbox 1473 955 1585 1019; x_wconf 80' lang='lat' dir='ltr'>inferni.</span> <span class='ocrx_word' id='word_1_93' title='bbox 1605 963 1780 1018; x_wconf 85' lang='lat' dir='ltr'>Concurrunt</span> <span class='ocrx_word' id='word_1_94' title='bbox 1797 962 1832 1019; x_wconf 94' lang='lat' dir='ltr'>ad</span> 
     </span>
     <span class='ocr_line' id='line_1_9' title="bbox 140 1050 1833 1127; baseline -0.006 -12"><span class='ocrx_word' id='word_1_95' title='bbox 140 1057 208 1115; x_wconf 93' lang='lat' dir='ltr'>tium</span> <span class='ocrx_word' id='word_1_96' title='bbox 237 1056 368 1127; x_wconf 87' lang='lat' dir='ltr'>potestati</span> <span class='ocrx_word' id='word_1_97' title='bbox 399 1055 466 1111; x_wconf 93' lang='lat' dir='ltr'>urbs</span> <span class='ocrx_word' id='word_1_98' title='bbox 494 1060 552 1113; x_wconf 92' lang='lat' dir='ltr'>tota</span> <span class='ocrx_word' id='word_1_99' title='bbox 580 1062 661 1112; x_wconf 88' lang='lat' dir='ltr'>nocte</span> <span class='ocrx_word' id='word_1_100' title='bbox 681 1057 846 1127; x_wconf 89' lang='lat' dir='ltr'>intempesta</span> <span class='ocrx_word' id='word_1_101' title='bbox 874 1057 968 1114; x_wconf 89' lang='lat' dir='ltr'>dedita</span> <span class='ocrx_word' id='word_1_102' title='bbox 1009 1067 1070 1110; x_wconf 90' lang='lat' dir='ltr'>eum</span> <span class='ocrx_word' id='word_1_103' title='bbox 1086 1053 1192 1124; x_wconf 90' lang='lat' dir='ltr'>populi,</span> <span class='ocrx_word' id='word_1_104' title='bbox 1213 1060 1255 1110; x_wconf 90' lang='lat' dir='ltr'>tot</span> <span class='ocrx_word' id='word_1_105' title='bbox 1282 1053 1449 1110; x_wconf 90' lang='lat' dir='ltr'>saeculorum</span> <span class='ocrx_word' id='word_1_106' title='bbox 1467 1052 1565 1124; x_wconf 89' lang='lat' dir='ltr'>spatiis</span> <span class='ocrx_word' id='word_1_107' title='bbox 1592 1050 1724 1108; x_wconf 81' lang='lat' dir='ltr'>condona</span> <span class='ocrx_word' id='word_1_108' title='bbox 1743 1055 1833 1108; x_wconf 90' lang='lat' dir='ltr'>morte</span> 
     </span>
     <span class='ocr_line' id='line_1_10' title="bbox 141 1139 1835 1215; baseline -0.004 -13"><span class='ocrx_word' id='word_1_109' title='bbox 141 1153 200 1214; x_wconf 88' lang='lat' dir='ltr'>est;</span> <span class='ocrx_word' id='word_1_110' title='bbox 218 1145 286 1201; x_wconf 92' lang='lat' dir='ltr'>illud</span> <span class='ocrx_word' id='word_1_111' title='bbox 306 1151 381 1202; x_wconf 87' lang='lat' dir='ltr'>certe</span> <span class='ocrx_word' id='word_1_112' title='bbox 401 1143 546 1200; x_wconf 88' lang='lat' dir='ltr'>clarissimi</span> <span class='ocrx_word' id='word_1_113' title='bbox 571 1145 680 1215; x_wconf 90' lang='lat' dir='ltr'>imperii</span> <span class='ocrx_word' id='word_1_114' title='bbox 700 1145 871 1202; x_wconf 87' lang='lat' dir='ltr'>domicilium</span> <span class='ocrx_word' id='word_1_115' title='bbox 894 1151 968 1202; x_wconf 89' lang='lat' dir='ltr'>esset</span> <span class='ocrx_word' id='word_1_116' title='bbox 1008 1142 1140 1198; x_wconf 87' lang='lat' dir='ltr'>damnati.</span> <span class='ocrx_word' id='word_1_117' title='bbox 1159 1142 1244 1200; x_wconf 75' lang='lat' dir='ltr'>Adest</span> <span class='ocrx_word' id='word_1_118' title='bbox 1272 1144 1377 1214; x_wconf 92' lang='lat' dir='ltr'>primus</span> <span class='ocrx_word' id='word_1_119' title='bbox 1405 1156 1505 1212; x_wconf 90' lang='lat' dir='ltr'>parens</span> <span class='ocrx_word' id='word_1_120' title='bbox 1533 1140 1712 1212; x_wconf 90' lang='lat' dir='ltr'>terrigenum,</span> <span class='ocrx_word' id='word_1_121' title='bbox 1733 1143 1761 1196; x_wconf 91' lang='lat' dir='ltr'>et</span> <span class='ocrx_word' id='word_1_122' title='bbox 1780 1139 1835 1211; x_wconf 91' lang='lat' dir='ltr'>pri·</span> 
     </span>
     <span class='ocr_line' id='line_1_11' title="bbox 140 1225 1834 1306; baseline -0.005 -14"><span class='ocrx_word' id='word_1_123' title='bbox 140 1249 202 1292; x_wconf 90' lang='lat' dir='ltr'>cum</span> <span class='ocrx_word' id='word_1_124' title='bbox 231 1233 329 1292; x_wconf 90' lang='lat' dir='ltr'>eodem</span> <span class='ocrx_word' id='word_1_125' title='bbox 357 1233 473 1290; x_wconf 89' lang='lat' dir='ltr'>custode</span> <span class='ocrx_word' id='word_1_126' title='bbox 496 1225 617 1304; x_wconf 89' lang='lat' dir='ltr'>captum,</span> <span class='ocrx_word' id='word_1_127' title='bbox 648 1234 702 1290; x_wconf 91' lang='lat' dir='ltr'>nisi</span> <span class='ocrx_word' id='word_1_128' title='bbox 730 1235 828 1306; x_wconf 80' lang='lat' dir='ltr'>uigiles</span> <span class='ocrx_word' id='word_1_129' title='bbox 855 1249 968 1292; x_wconf 90' lang='lat' dir='ltr'>anseres</span> <span class='ocrx_word' id='word_1_130' title='bbox 1009 1232 1109 1289; x_wconf 92' lang='lat' dir='ltr'>mordii</span> <span class='ocrx_word' id='word_1_131' title='bbox 1128 1231 1172 1288; x_wconf 92' lang='lat' dir='ltr'>sui</span> <span class='ocrx_word' id='word_1_132' title='bbox 1186 1232 1311 1302; x_wconf 86' lang='lat' dir='ltr'>agnoseit</span> <span class='ocrx_word' id='word_1_133' title='bbox 1327 1231 1478 1288; x_wconf 87' lang='lat' dir='ltr'>indicium:</span> <span class='ocrx_word' id='word_1_134' title='bbox 1495 1231 1644 1288; x_wconf 90' lang='lat' dir='ltr'>obsecrant</span> <span class='ocrx_word' id='word_1_135' title='bbox 1667 1227 1834 1285; x_wconf 89' lang='lat' dir='ltr'>unanimiter</span> 
     </span>
     <span class='ocr_line' id='line_1_12' title="bbox 138 1317 1834 1391; baseline -0.004 -11"><span class='ocrx_word' id='word_1_136' title='bbox 138 1327 205 1382; x_wconf 82' lang='lat' dir='ltr'>Jove</span> <span class='ocrx_word' id='word_1_137' title='bbox 224 1322 363 1379; x_wconf 90' lang='lat' dir='ltr'>incautius</span> <span class='ocrx_word' id='word_1_138' title='bbox 381 1321 536 1380; x_wconf 88' lang='lat' dir='ltr'>dormiente</span> <span class='ocrx_word' id='word_1_139' title='bbox 552 1323 624 1380; x_wconf 88' lang='lat' dir='ltr'>arcis</span> <span class='ocrx_word' id='word_1_140' title='bbox 640 1323 771 1383; x_wconf 89' lang='lat' dir='ltr'>custodes</span> <span class='ocrx_word' id='word_1_141' title='bbox 789 1324 965 1381; x_wconf 83' lang='lat' dir='ltr'>excitassent.</span> <span class='ocrx_word' id='word_1_142' title='bbox 1007 1322 1166 1379; x_wconf 85' lang='lat' dir='ltr'>Creatorem</span> <span class='ocrx_word' id='word_1_143' title='bbox 1190 1335 1281 1388; x_wconf 92' lang='lat' dir='ltr'>snum,</span> <span class='ocrx_word' id='word_1_144' title='bbox 1296 1326 1379 1391; x_wconf 88' lang='lat' dir='ltr'>atque</span> <span class='ocrx_word' id='word_1_145' title='bbox 1408 1320 1489 1376; x_wconf 90' lang='lat' dir='ltr'>adse</span> <span class='ocrx_word' id='word_1_146' title='bbox 1518 1317 1675 1376; x_wconf 88' lang='lat' dir='ltr'>excusando</span> <span class='ocrx_word' id='word_1_147' title='bbox 1704 1318 1834 1389; x_wconf 82' lang='lat' dir='ltr'>prevari-</span> 
     </span>
     <span class='ocr_line' id='line_1_13' title="bbox 139 1405 1833 1484; baseline -0.005 -14"><span class='ocrx_word' id='word_1_148' title='bbox 139 1413 217 1470; x_wconf 89' lang='lat' dir='ltr'>unde</span> <span class='ocrx_word' id='word_1_149' title='bbox 242 1412 339 1469; x_wconf 91' lang='lat' dir='ltr'>mirum</span> <span class='ocrx_word' id='word_1_150' title='bbox 360 1417 403 1467; x_wconf 90' lang='lat' dir='ltr'>est</span> <span class='ocrx_word' id='word_1_151' title='bbox 426 1415 481 1467; x_wconf 73' lang='lat' dir='ltr'>mm</span> <span class='ocrx_word' id='word_1_152' title='bbox 500 1411 632 1469; x_wconf 89' lang='lat' dir='ltr'>cordatos</span> <span class='ocrx_word' id='word_1_153' title='bbox 654 1412 824 1470; x_wconf 91' lang='lat' dir='ltr'>hominesin</span> <span class='ocrx_word' id='word_1_154' title='bbox 839 1414 967 1484; x_wconf 80' lang='lat' dir='ltr'>hujusce</span> <span class='ocrx_word' id='word_1_155' title='bbox 1009 1409 1128 1467; x_wconf 80' lang='lat' dir='ltr'>moenis</span> <span class='ocrx_word' id='word_1_156' title='bbox 1146 1409 1298 1466; x_wconf 89' lang='lat' dir='ltr'>ostendunt</span> <span class='ocrx_word' id='word_1_157' title='bbox 1324 1408 1500 1479; x_wconf 90' lang='lat' dir='ltr'>principium.</span> <span class='ocrx_word' id='word_1_158' title='bbox 1531 1409 1621 1465; x_wconf 90' lang='lat' dir='ltr'>llotus</span> <span class='ocrx_word' id='word_1_159' title='bbox 1646 1405 1753 1463; x_wconf 88' lang='lat' dir='ltr'>interea</span> <span class='ocrx_word' id='word_1_160' title='bbox 1780 1407 1833 1462; x_wconf 78' lang='lat' dir='ltr'>lto-</span> 
     </span>
     <span class='ocr_line' id='line_1_14' title="bbox 139 1494 1835 1574; baseline -0.006 -14"><span class='ocrx_word' id='word_1_161' title='bbox 139 1503 215 1562; x_wconf 92' lang='lat' dir='ltr'>modi</span> <span class='ocrx_word' id='word_1_162' title='bbox 233 1500 408 1573; x_wconf 89' lang='lat' dir='ltr'>postmodum</span> <span class='ocrx_word' id='word_1_163' title='bbox 423 1501 540 1558; x_wconf 90' lang='lat' dir='ltr'>culturis</span> <span class='ocrx_word' id='word_1_164' title='bbox 554 1501 646 1572; x_wconf 90' lang='lat' dir='ltr'>decipi</span> <span class='ocrx_word' id='word_1_165' title='bbox 662 1504 797 1573; x_wconf 90' lang='lat' dir='ltr'>potuisse.</span> <span class='ocrx_word' id='word_1_166' title='bbox 823 1503 877 1559; x_wconf 85' lang='lat' dir='ltr'>sed</span> <span class='ocrx_word' id='word_1_167' title='bbox 901 1504 967 1574; x_wconf 90' lang='lat' dir='ltr'>qnia</span> <span class='ocrx_word' id='word_1_168' title='bbox 1008 1497 1098 1554; x_wconf 88' lang='lat' dir='ltr'>miuus</span> <span class='ocrx_word' id='word_1_169' title='bbox 1112 1498 1225 1554; x_wconf 88' lang='lat' dir='ltr'>eternis</span> <span class='ocrx_word' id='word_1_170' title='bbox 1247 1496 1364 1554; x_wconf 85' lang='lat' dir='ltr'>vinculis</span> <span class='ocrx_word' id='word_1_171' title='bbox 1391 1497 1503 1553; x_wconf 90' lang='lat' dir='ltr'>humani</span> <span class='ocrx_word' id='word_1_172' title='bbox 1531 1496 1642 1568; x_wconf 84' lang='lat' dir='ltr'>generis</span> <span class='ocrx_word' id='word_1_173' title='bbox 1669 1495 1763 1566; x_wconf 88' lang='lat' dir='ltr'>alligat</span> <span class='ocrx_word' id='word_1_174' title='bbox 1781 1494 1835 1550; x_wconf 92' lang='lat' dir='ltr'>ini-</span> 
     </span>
     <span class='ocr_line' id='line_1_15' title="bbox 136 1582 1833 1664; baseline -0.005 -15"><span class='ocrx_word' id='word_1_175' title='bbox 136 1594 192 1664; x_wconf 85' lang='lat' dir='ltr'>jam</span> <span class='ocrx_word' id='word_1_176' title='bbox 214 1591 248 1649; x_wconf 88' lang='lat' dir='ltr'>de</span> <span class='ocrx_word' id='word_1_177' title='bbox 267 1589 416 1646; x_wconf 88' lang='lat' dir='ltr'>illustrium</span> <span class='ocrx_word' id='word_1_178' title='bbox 443 1589 565 1647; x_wconf 78' lang='lat' dir='ltr'>virorum</span> <span class='ocrx_word' id='word_1_179' title='bbox 588 1592 755 1648; x_wconf 89' lang='lat' dir='ltr'>testimoniis</span> <span class='ocrx_word' id='word_1_180' title='bbox 774 1591 808 1648; x_wconf 86' lang='lat' dir='ltr'>de</span> <span class='ocrx_word' id='word_1_181' title='bbox 827 1592 964 1662; x_wconf 92' lang='lat' dir='ltr'>impoten·</span> <span class='ocrx_word' id='word_1_182' title='bbox 1008 1586 1119 1654; x_wconf 88' lang='lat' dir='ltr'>micum,</span> <span class='ocrx_word' id='word_1_183' title='bbox 1144 1593 1172 1642; x_wconf 89' lang='lat' dir='ltr'>et</span> <span class='ocrx_word' id='word_1_184' title='bbox 1199 1600 1249 1645; x_wconf 91' lang='lat' dir='ltr'>eos</span> <span class='ocrx_word' id='word_1_185' title='bbox 1280 1599 1351 1657; x_wconf 90' lang='lat' dir='ltr'>quos</span> <span class='ocrx_word' id='word_1_186' title='bbox 1372 1585 1459 1643; x_wconf 89' lang='lat' dir='ltr'>roiuit</span> <span class='ocrx_word' id='word_1_187' title='bbox 1491 1599 1585 1642; x_wconf 90' lang='lat' dir='ltr'>secum</span> <span class='ocrx_word' id='word_1_188' title='bbox 1618 1584 1768 1651; x_wconf 90' lang='lat' dir='ltr'>deducens,</span> <span class='ocrx_word' id='word_1_189' title='bbox 1798 1582 1833 1640; x_wconf 86' lang='lat' dir='ltr'>ad</span> 
     </span>
     <span class='ocr_line' id='line_1_16' title="bbox 139 1671 1834 1751; baseline -0.006 -13"><span class='ocrx_word' id='word_1_190' title='bbox 139 1682 177 1739; x_wconf 88' lang='lat' dir='ltr'>tia</span> <span class='ocrx_word' id='word_1_191' title='bbox 221 1695 253 1737; x_wconf 92' lang='lat' dir='ltr'>ac</span> <span class='ocrx_word' id='word_1_192' title='bbox 299 1678 441 1750; x_wconf 90' lang='lat' dir='ltr'>turpidine</span> <span class='ocrx_word' id='word_1_193' title='bbox 486 1680 545 1735; x_wconf 86' lang='lat' dir='ltr'>Jorl</span> <span class='ocrx_word' id='word_1_194' title='bbox 592 1681 735 1751; x_wconf 91' lang='lat' dir='ltr'>proposita</span> <span class='ocrx_word' id='word_1_195' title='bbox 781 1681 852 1737; x_wconf 87' lang='lat' dir='ltr'>ratio</span> <span class='ocrx_word' id='word_1_196' title='bbox 899 1681 966 1738; x_wconf 88' lang='lat' dir='ltr'>mihi</span> <span class='ocrx_word' id='word_1_197' title='bbox 1007 1687 1110 1745; x_wconf 89' lang='lat' dir='ltr'>corpus</span> <span class='ocrx_word' id='word_1_198' title='bbox 1133 1675 1227 1743; x_wconf 90' lang='lat' dir='ltr'>rediit,</span> <span class='ocrx_word' id='word_1_199' title='bbox 1257 1689 1289 1731; x_wconf 89' lang='lat' dir='ltr'>ac</span> <span class='ocrx_word' id='word_1_200' title='bbox 1308 1674 1389 1731; x_wconf 90' lang='lat' dir='ltr'>tertia</span> <span class='ocrx_word' id='word_1_201' title='bbox 1415 1676 1472 1746; x_wconf 84' lang='lat' dir='ltr'>jam</span> <span class='ocrx_word' id='word_1_202' title='bbox 1497 1673 1554 1742; x_wconf 92' lang='lat' dir='ltr'>die,</span> <span class='ocrx_word' id='word_1_203' title='bbox 1588 1674 1660 1730; x_wconf 90' lang='lat' dir='ltr'>sicut</span> <span class='ocrx_word' id='word_1_204' title='bbox 1688 1671 1834 1743; x_wconf 88' lang='lat' dir='ltr'>discipulis</span> 
     </span>
     <span class='ocr_line' id='line_1_17' title="bbox 138 1760 1833 1840; baseline -0.004 -16"><span class='ocrx_word' id='word_1_205' title='bbox 138 1769 248 1827; x_wconf 84' lang='lat' dir='ltr'>ridetur</span> <span class='ocrx_word' id='word_1_206' title='bbox 263 1768 298 1824; x_wconf 91' lang='lat' dir='ltr'>ad</span> <span class='ocrx_word' id='word_1_207' title='bbox 313 1781 432 1839; x_wconf 86' lang='lat' dir='ltr'>unguem</span> <span class='ocrx_word' id='word_1_208' title='bbox 446 1767 591 1839; x_wconf 86' lang='lat' dir='ltr'>perducta,</span> <span class='ocrx_word' id='word_1_209' title='bbox 606 1783 665 1837; x_wconf 87' lang='lat' dir='ltr'>ros,</span> <span class='ocrx_word' id='word_1_210' title='bbox 695 1769 719 1825; x_wconf 89' lang='lat' dir='ltr'>si</span> <span class='ocrx_word' id='word_1_211' title='bbox 746 1769 813 1840; x_wconf 89' lang='lat' dir='ltr'>qnid</span> <span class='ocrx_word' id='word_1_212' title='bbox 842 1769 877 1825; x_wconf 78' lang='lat' dir='ltr'>ad</span> <span class='ocrx_word' id='word_1_213' title='bbox 906 1763 1066 1828; x_wconf 80' lang='lat' dir='ltr'>haechuis</span> <span class='ocrx_word' id='word_1_214' title='bbox 1098 1762 1275 1834; x_wconf 74' lang='lat' dir='ltr'>predixerat,</span> <span class='ocrx_word' id='word_1_215' title='bbox 1308 1762 1439 1819; x_wconf 81' lang='lat' dir='ltr'>surrexit.</span> <span class='ocrx_word' id='word_1_216' title='bbox 1459 1763 1525 1818; x_wconf 88' lang='lat' dir='ltr'>Post</span> <span class='ocrx_word' id='word_1_217' title='bbox 1558 1760 1740 1832; x_wconf 87' lang='lat' dir='ltr'>quadraginta</span> <span class='ocrx_word' id='word_1_218' title='bbox 1766 1771 1833 1817; x_wconf 85' lang='lat' dir='ltr'>vero</span> 
     </span>
     <span class='ocr_line' id='line_1_18' title="bbox 140 1847 1833 1931; baseline -0.007 -14"><span class='ocrx_word' id='word_1_219' title='bbox 140 1858 336 1931; x_wconf 89' lang='lat' dir='ltr'>opponendum</span> <span class='ocrx_word' id='word_1_220' title='bbox 346 1856 460 1928; x_wconf 87' lang='lat' dir='ltr'>putatis,</span> <span class='ocrx_word' id='word_1_221' title='bbox 472 1865 502 1914; x_wconf 90' lang='lat' dir='ltr'>ot</span> <span class='ocrx_word' id='word_1_222' title='bbox 512 1856 586 1915; x_wconf 87' lang='lat' dir='ltr'>dicia</span> <span class='ocrx_word' id='word_1_223' title='bbox 595 1857 799 1916; x_wconf 78' lang='lat' dir='ltr'>confirmaturae</span> <span class='ocrx_word' id='word_1_224' title='bbox 814 1858 937 1930; x_wconf 83' lang='lat' dir='ltr'>objicite.</span> <span class='ocrx_word' id='word_1_225' title='bbox 950 1877 965 1912; x_wconf 81' lang='grc' dir='ltr'>ιι</span> <span class='ocrx_word' id='word_1_226' title='bbox 1007 1853 1067 1908; x_wconf 91' lang='lat' dir='ltr'>dies</span> <span class='ocrx_word' id='word_1_227' title='bbox 1086 1852 1120 1908; x_wconf 92' lang='lat' dir='ltr'>ad</span> <span class='ocrx_word' id='word_1_228' title='bbox 1138 1852 1225 1908; x_wconf 82' lang='lat' dir='ltr'>celos</span> <span class='ocrx_word' id='word_1_229' title='bbox 1253 1851 1326 1908; x_wconf 89' lang='lat' dir='ltr'>unde</span> <span class='ocrx_word' id='word_1_230' title='bbox 1345 1855 1468 1918; x_wconf 83' lang='lat' dir='ltr'>venerat,</span> <span class='ocrx_word' id='word_1_231' title='bbox 1491 1864 1553 1906; x_wconf 90' lang='lat' dir='ltr'>cum</span> <span class='ocrx_word' id='word_1_232' title='bbox 1578 1863 1696 1919; x_wconf 88' lang='lat' dir='ltr'>corpore</span> <span class='ocrx_word' id='word_1_233' title='bbox 1715 1847 1833 1905; x_wconf 86' lang='lat' dir='ltr'>maniis·</span> 
     </span>
     <span class='ocr_line' id='line_1_19' title="bbox 140 1931 1832 2026; baseline -0.005 -22"><span class='ocrx_word' id='word_1_234' title='bbox 140 1949 172 2004; x_wconf 86' lang='lat' dir='ltr'>Et</span> <span class='ocrx_word' id='word_1_235' title='bbox 185 1947 261 2005; x_wconf 90' lang='lat' dir='ltr'>ille:</span> <span class='ocrx_word' id='word_1_236' title='bbox 282 1944 533 2013; x_wconf 73' lang='lat' dir='ltr'>«evidentissime,</span> <span class='ocrx_word' id='word_1_237' title='bbox 549 1947 689 2017; x_wconf 90' lang='lat' dir='ltr'>inquiunt,</span> <span class='ocrx_word' id='word_1_238' title='bbox 701 1947 818 2005; x_wconf 90' lang='lat' dir='ltr'>rationis</span> <span class='ocrx_word' id='word_1_239' title='bbox 829 1947 966 2026; x_wconf 83' lang='lat' dir='ltr'>judicioa</span> <span class='ocrx_word' id='word_1_240' title='bbox 1007 1942 1128 1997; x_wconf 86' lang='lat' dir='ltr'>stissime</span> <span class='ocrx_word' id='word_1_241' title='bbox 1143 1940 1235 1997; x_wconf 91' lang='lat' dir='ltr'>rediit.</span> <span class='ocrx_word' id='word_1_242' title='bbox 1257 1931 1424 2010; x_wconf 87' lang='lat' dir='ltr'>Comprobat</span> <span class='ocrx_word' id='word_1_243' title='bbox 1452 1939 1506 1997; x_wconf 94' lang='lat' dir='ltr'>hoc</span> <span class='ocrx_word' id='word_1_244' title='bbox 1534 1938 1687 1996; x_wconf 87' lang='lat' dir='ltr'>certissime</span> <span class='ocrx_word' id='word_1_245' title='bbox 1713 1938 1832 1995; x_wconf 91' lang='lat' dir='ltr'>inteme-</span> 
     </span>
     <span class='ocr_line' id='line_1_20' title="bbox 139 2028 1835 2109; baseline -0.006 -15"><span class='ocrx_word' id='word_1_246' title='bbox 139 2037 285 2094; x_wconf 84' lang='lat' dir='ltr'>dirinitate</span> <span class='ocrx_word' id='word_1_247' title='bbox 305 2042 408 2093; x_wconf 89' lang='lat' dir='ltr'>temere</span> <span class='ocrx_word' id='word_1_248' title='bbox 423 2035 561 2104; x_wconf 89' lang='lat' dir='ltr'>allectata,</span> <span class='ocrx_word' id='word_1_249' title='bbox 581 2043 678 2094; x_wconf 91' lang='lat' dir='ltr'>noster</span> <span class='ocrx_word' id='word_1_250' title='bbox 702 2036 828 2109; x_wconf 80' lang='lat' dir='ltr'>tigrellus</span> <span class='ocrx_word' id='word_1_251' title='bbox 843 2036 967 2093; x_wconf 80' lang='lat' dir='ltr'>excludi·</span> <span class='ocrx_word' id='word_1_252' title='bbox 1006 2038 1065 2086; x_wconf 88' lang='lat' dir='ltr'>rata</span> <span class='ocrx_word' id='word_1_253' title='bbox 1080 2035 1237 2088; x_wconf 77' lang='lat' dir='ltr'>sanctinum</span> <span class='ocrx_word' id='word_1_254' title='bbox 1253 2029 1442 2100; x_wconf 90' lang='lat' dir='ltr'>apostolorum</span> <span class='ocrx_word' id='word_1_255' title='bbox 1461 2029 1622 2096; x_wconf 88' lang='lat' dir='ltr'>auctoritas,</span> <span class='ocrx_word' id='word_1_256' title='bbox 1642 2028 1690 2099; x_wconf 92' lang='lat' dir='ltr'>qui</span> <span class='ocrx_word' id='word_1_257' title='bbox 1708 2028 1835 2084; x_wconf 81' lang='lat' dir='ltr'>veritatis</span> 
     </span>
     <span class='ocr_line' id='line_1_21' title="bbox 141 2116 1834 2198; baseline -0.006 -14"><span class='ocrx_word' id='word_1_258' title='bbox 141 2135 205 2196; x_wconf 89' lang='lat' dir='ltr'>tur;</span> <span class='ocrx_word' id='word_1_259' title='bbox 234 2138 287 2183; x_wconf 92' lang='lat' dir='ltr'>nos</span> <span class='ocrx_word' id='word_1_260' title='bbox 309 2130 400 2181; x_wconf 89' lang='lat' dir='ltr'>autem</span> <span class='ocrx_word' id='word_1_261' title='bbox 430 2124 500 2182; x_wconf 90' lang='lat' dir='ltr'>nihii</span> <span class='ocrx_word' id='word_1_262' title='bbox 519 2126 704 2197; x_wconf 88' lang='lat' dir='ltr'>opponimus;</span> <span class='ocrx_word' id='word_1_263' title='bbox 734 2125 822 2186; x_wconf 89' lang='lat' dir='ltr'>solum</span> <span class='ocrx_word' id='word_1_264' title='bbox 851 2125 966 2198; x_wconf 91' lang='lat' dir='ltr'>posthac</span> <span class='ocrx_word' id='word_1_265' title='bbox 1006 2133 1100 2176; x_wconf 88' lang='lat' dir='ltr'>amore</span> <span class='ocrx_word' id='word_1_266' title='bbox 1128 2117 1202 2177; x_wconf 86' lang='lat' dir='ltr'>ielici</span> <span class='ocrx_word' id='word_1_267' title='bbox 1231 2123 1320 2174; x_wconf 91' lang='lat' dir='ltr'>morte</span> <span class='ocrx_word' id='word_1_268' title='bbox 1340 2118 1461 2174; x_wconf 89' lang='lat' dir='ltr'>damnati</span> <span class='ocrx_word' id='word_1_269' title='bbox 1489 2122 1563 2174; x_wconf 88' lang='lat' dir='ltr'>sunt.</span> <span class='ocrx_word' id='word_1_270' title='bbox 1592 2119 1739 2173; x_wconf 76' lang='lat' dir='ltr'>testantur</span> <span class='ocrx_word' id='word_1_271' title='bbox 1758 2116 1785 2172; x_wconf 92' lang='lat' dir='ltr'>id</span> <span class='ocrx_word' id='word_1_272' title='bbox 1805 2122 1834 2173; x_wconf 90' lang='lat' dir='ltr'>et</span> 
     </span>
     <span class='ocr_line' id='line_1_22' title="bbox 141 2204 1832 2289; baseline -0.008 -15"><span class='ocrx_word' id='word_1_273' title='bbox 141 2216 210 2289; x_wconf 90' lang='lat' dir='ltr'>quid</span> <span class='ocrx_word' id='word_1_274' title='bbox 242 2214 394 2272; x_wconf 78' lang='lat' dir='ltr'>divinitatis</span> <span class='ocrx_word' id='word_1_275' title='bbox 425 2214 460 2272; x_wconf 93' lang='lat' dir='ltr'>de</span> <span class='ocrx_word' id='word_1_276' title='bbox 492 2217 602 2273; x_wconf 87' lang='lat' dir='ltr'>Christo</span> <span class='ocrx_word' id='word_1_277' title='bbox 630 2221 766 2284; x_wconf 88' lang='lat' dir='ltr'>autumas,</span> <span class='ocrx_word' id='word_1_278' title='bbox 795 2215 876 2271; x_wconf 91' lang='lat' dir='ltr'>nobis</span> <span class='ocrx_word' id='word_1_279' title='bbox 903 2219 965 2270; x_wconf 90' lang='lat' dir='ltr'>ate</span> <span class='ocrx_word' id='word_1_280' title='bbox 1006 2207 1199 2280; x_wconf 79' lang='lat' dir='ltr'>gloriosissimi</span> <span class='ocrx_word' id='word_1_281' title='bbox 1228 2213 1371 2278; x_wconf 82' lang='lat' dir='ltr'>martyres,</span> <span class='ocrx_word' id='word_1_282' title='bbox 1402 2207 1460 2277; x_wconf 91' lang='lat' dir='ltr'>qui,</span> <span class='ocrx_word' id='word_1_283' title='bbox 1489 2207 1564 2262; x_wconf 90' lang='lat' dir='ltr'>inter</span> <span class='ocrx_word' id='word_1_284' title='bbox 1592 2205 1726 2275; x_wconf 89' lang='lat' dir='ltr'>equuleos</span> <span class='ocrx_word' id='word_1_285' title='bbox 1754 2204 1832 2261; x_wconf 85' lang='lat' dir='ltr'>dam·</span> 
     </span>
     <span class='ocr_line' id='line_1_23' title="bbox 140 2294 1832 2376; baseline -0.008 -13"><span class='ocrx_word' id='word_1_286' title='bbox 140 2306 280 2376; x_wconf 90' lang='lat' dir='ltr'>poscimus</span> <span class='ocrx_word' id='word_1_287' title='bbox 302 2302 521 2361; x_wconf 89' lang='lat' dir='ltr'>luculentissime</span> <span class='ocrx_word' id='word_1_288' title='bbox 546 2302 734 2375; x_wconf 79' lang='lat' dir='ltr'>explanari.»</span> <span class='ocrx_word' id='word_1_289' title='bbox 758 2303 896 2360; x_wconf 84' lang='lat' dir='ltr'>christina</span> <span class='ocrx_word' id='word_1_290' title='bbox 919 2302 965 2357; x_wconf 92' lang='lat' dir='ltr'>di·</span> <span class='ocrx_word' id='word_1_291' title='bbox 1007 2311 1120 2368; x_wconf 90' lang='lat' dir='ltr'>masque</span> <span class='ocrx_word' id='word_1_292' title='bbox 1139 2296 1269 2364; x_wconf 82' lang='lat' dir='ltr'>victores,</span> <span class='ocrx_word' id='word_1_293' title='bbox 1298 2297 1457 2352; x_wconf 84' lang='lat' dir='ltr'>Creatorem</span> <span class='ocrx_word' id='word_1_294' title='bbox 1485 2294 1608 2352; x_wconf 90' lang='lat' dir='ltr'>omnium</span> <span class='ocrx_word' id='word_1_295' title='bbox 1636 2308 1727 2351; x_wconf 89' lang='lat' dir='ltr'>rerum</span> <span class='ocrx_word' id='word_1_296' title='bbox 1757 2308 1832 2363; x_wconf 86' lang='lat' dir='ltr'>pre·</span> 
     </span>
     <span class='ocr_line' id='line_1_24' title="bbox 138 2382 1831 2465; baseline -0.007 -15"><span class='ocrx_word' id='word_1_297' title='bbox 138 2395 196 2451; x_wconf 87' lang='lat' dir='ltr'>xit:</span> <span class='ocrx_word' id='word_1_298' title='bbox 219 2412 234 2446; x_wconf 82' lang='lat' dir='ltr'>e</span> <span class='ocrx_word' id='word_1_299' title='bbox 252 2394 325 2450; x_wconf 88' lang='lat' dir='ltr'>satis</span> <span class='ocrx_word' id='word_1_300' title='bbox 342 2393 442 2465; x_wconf 70' lang='lat' dir='ltr'>probe,</span> <span class='ocrx_word' id='word_1_301' title='bbox 461 2393 669 2463; x_wconf 87' lang='lat' dir='ltr'>superstitionis</span> <span class='ocrx_word' id='word_1_302' title='bbox 697 2405 792 2453; x_wconf 90' lang='lat' dir='ltr'>errore</span> <span class='ocrx_word' id='word_1_303' title='bbox 820 2390 964 2462; x_wconf 89' lang='lat' dir='ltr'>supploso,</span> <span class='ocrx_word' id='word_1_304' title='bbox 1006 2387 1099 2444; x_wconf 87' lang='lat' dir='ltr'>dicare</span> <span class='ocrx_word' id='word_1_305' title='bbox 1120 2400 1175 2443; x_wconf 92' lang='lat' dir='ltr'>non</span> <span class='ocrx_word' id='word_1_306' title='bbox 1191 2391 1326 2444; x_wconf 90' lang='lat' dir='ltr'>metuont.</span> <span class='ocrx_word' id='word_1_307' title='bbox 1348 2385 1381 2441; x_wconf 90' lang='lat' dir='ltr'>lli</span> <span class='ocrx_word' id='word_1_308' title='bbox 1400 2389 1491 2440; x_wconf 89' lang='lat' dir='ltr'>autem</span> <span class='ocrx_word' id='word_1_309' title='bbox 1521 2382 1584 2439; x_wconf 92' lang='lat' dir='ltr'>dum</span> <span class='ocrx_word' id='word_1_310' title='bbox 1605 2382 1666 2440; x_wconf 90' lang='lat' dir='ltr'>bec</span> <span class='ocrx_word' id='word_1_311' title='bbox 1693 2387 1831 2453; x_wconf 91' lang='lat' dir='ltr'>astruunt,</span> 
     </span>
     <span class='ocr_line' id='line_1_25' title="bbox 140 2470 1831 2552; baseline -0.007 -13"><span class='ocrx_word' id='word_1_312' title='bbox 140 2481 338 2552; x_wconf 92' lang='lat' dir='ltr'>omnipotentis</span> <span class='ocrx_word' id='word_1_313' title='bbox 351 2481 400 2538; x_wconf 84' lang='lat' dir='ltr'>liei</span> <span class='ocrx_word' id='word_1_314' title='bbox 419 2480 590 2537; x_wconf 83' lang='lat' dir='ltr'>divinitatem</span> <span class='ocrx_word' id='word_1_315' title='bbox 618 2480 774 2551; x_wconf 83' lang='lat' dir='ltr'>exquiritis,</span> <span class='ocrx_word' id='word_1_316' title='bbox 800 2485 832 2536; x_wconf 91' lang='lat' dir='ltr'>ut</span> <span class='ocrx_word' id='word_1_317' title='bbox 858 2494 921 2550; x_wconf 85' lang='lat' dir='ltr'>qne</span> <span class='ocrx_word' id='word_1_318' title='bbox 948 2493 964 2534; x_wconf 92' lang='lat' dir='ltr'>a</span> <span class='ocrx_word' id='word_1_319' title='bbox 1004 2475 1112 2532; x_wconf 88' lang='lat' dir='ltr'>animos</span> <span class='ocrx_word' id='word_1_320' title='bbox 1127 2474 1297 2532; x_wconf 90' lang='lat' dir='ltr'>audientium</span> <span class='ocrx_word' id='word_1_321' title='bbox 1327 2473 1361 2530; x_wconf 92' lang='lat' dir='ltr'>ad</span> <span class='ocrx_word' id='word_1_322' title='bbox 1395 2471 1519 2530; x_wconf 74' lang='lat' dir='ltr'>caelestia</span> <span class='ocrx_word' id='word_1_323' title='bbox 1546 2485 1631 2543; x_wconf 84' lang='lat' dir='ltr'>regna</span> <span class='ocrx_word' id='word_1_324' title='bbox 1650 2470 1831 2542; x_wconf 86' lang='lat' dir='ltr'>compellunt,</span> 
     </span>
     <span class='ocr_line' id='line_1_26' title="bbox 139 2561 1830 2636; baseline -0.005 -10"><span class='ocrx_word' id='word_1_325' title='bbox 139 2569 309 2626; x_wconf 77' lang='lat' dir='ltr'>fescenninis</span> <span class='ocrx_word' id='word_1_326' title='bbox 322 2581 447 2626; x_wconf 88' lang='lat' dir='ltr'>errorum</span> <span class='ocrx_word' id='word_1_327' title='bbox 463 2568 586 2625; x_wconf 92' lang='lat' dir='ltr'>tenebris</span> <span class='ocrx_word' id='word_1_328' title='bbox 605 2572 696 2625; x_wconf 91' lang='lat' dir='ltr'>mente</span> <span class='ocrx_word' id='word_1_329' title='bbox 720 2568 849 2625; x_wconf 86' lang='lat' dir='ltr'>obductae</span> <span class='ocrx_word' id='word_1_330' title='bbox 875 2581 966 2624; x_wconf 89' lang='lat' dir='ltr'>cecu-</span> <span class='ocrx_word' id='word_1_331' title='bbox 1005 2570 1033 2621; x_wconf 89' lang='lat' dir='ltr'>et</span> <span class='ocrx_word' id='word_1_332' title='bbox 1048 2565 1129 2631; x_wconf 89' lang='lat' dir='ltr'>hauc,</span> <span class='ocrx_word' id='word_1_333' title='bbox 1149 2579 1213 2636; x_wconf 84' lang='lat' dir='ltr'>que</span> <span class='ocrx_word' id='word_1_334' title='bbox 1232 2570 1338 2620; x_wconf 89' lang='lat' dir='ltr'>tantum</span> <span class='ocrx_word' id='word_1_335' title='bbox 1357 2562 1460 2619; x_wconf 91' lang='lat' dir='ltr'>dicitur</span> <span class='ocrx_word' id='word_1_336' title='bbox 1487 2561 1553 2632; x_wconf 81' lang='lat' dir='ltr'>vita,</span> <span class='ocrx_word' id='word_1_337' title='bbox 1573 2562 1684 2632; x_wconf 90' lang='lat' dir='ltr'>penitus</span> <span class='ocrx_word' id='word_1_338' title='bbox 1703 2565 1830 2618; x_wconf 89' lang='lat' dir='ltr'>contem·</span> 
     </span>
     <span class='ocr_line' id='line_1_27' title="bbox 141 2651 1828 2728; baseline -0.004 -14"><span class='ocrx_word' id='word_1_339' title='bbox 141 2659 211 2726; x_wconf 92' lang='lat' dir='ltr'>titis,</span> <span class='ocrx_word' id='word_1_340' title='bbox 243 2658 302 2716; x_wconf 84' lang='lat' dir='ltr'>reri</span> <span class='ocrx_word' id='word_1_341' title='bbox 333 2657 454 2725; x_wconf 91' lang='lat' dir='ltr'>luminis,</span> <span class='ocrx_word' id='word_1_342' title='bbox 484 2658 531 2728; x_wconf 92' lang='lat' dir='ltr'>qui</span> <span class='ocrx_word' id='word_1_343' title='bbox 560 2657 685 2714; x_wconf 86' lang='lat' dir='ltr'>Christus</span> <span class='ocrx_word' id='word_1_344' title='bbox 712 2665 765 2726; x_wconf 90' lang='lat' dir='ltr'>est,</span> <span class='ocrx_word' id='word_1_345' title='bbox 798 2657 966 2714; x_wconf 89' lang='lat' dir='ltr'>aeternaliter</span> <span class='ocrx_word' id='word_1_346' title='bbox 1007 2661 1113 2724; x_wconf 92' lang='lat' dir='ltr'>nentes,</span> <span class='ocrx_word' id='word_1_347' title='bbox 1134 2655 1226 2722; x_wconf 88' lang='lat' dir='ltr'>aliam,</span> <span class='ocrx_word' id='word_1_348' title='bbox 1255 2655 1376 2727; x_wconf 85' lang='lat' dir='ltr'>ignaram</span> <span class='ocrx_word' id='word_1_349' title='bbox 1405 2653 1512 2722; x_wconf 91' lang='lat' dir='ltr'>mortis,</span> <span class='ocrx_word' id='word_1_350' title='bbox 1538 2658 1567 2710; x_wconf 91' lang='lat' dir='ltr'>et</span> <span class='ocrx_word' id='word_1_351' title='bbox 1595 2667 1657 2723; x_wconf 88' lang='lat' dir='ltr'>que</span> <span class='ocrx_word' id='word_1_352' title='bbox 1680 2651 1752 2708; x_wconf 91' lang='lat' dir='ltr'>liniri</span> <span class='ocrx_word' id='word_1_353' title='bbox 1771 2663 1828 2708; x_wconf 93' lang='lat' dir='ltr'>non</span> 
     </span>
     <span class='ocr_line' id='line_1_28' title="bbox 140 2741 1828 2817; baseline -0.003 -14"><span class='ocrx_word' id='word_1_354' title='bbox 140 2745 351 2817; x_wconf 90' lang='lat' dir='ltr'>resplendeatis.</span> <span class='ocrx_word' id='word_1_355' title='bbox 369 2745 503 2802; x_wconf 76' lang='lat' dir='ltr'>exbibete</span> <span class='ocrx_word' id='word_1_356' title='bbox 521 2747 615 2817; x_wconf 89' lang='lat' dir='ltr'>itaque</span> <span class='ocrx_word' id='word_1_357' title='bbox 643 2747 750 2803; x_wconf 88' lang='lat' dir='ltr'>animos</span> <span class='ocrx_word' id='word_1_358' title='bbox 778 2746 813 2802; x_wconf 91' lang='lat' dir='ltr'>ad</span> <span class='ocrx_word' id='word_1_359' title='bbox 842 2760 874 2803; x_wconf 92' lang='lat' dir='ltr'>ca</span> <span class='ocrx_word' id='word_1_360' title='bbox 902 2760 965 2817; x_wconf 86' lang='lat' dir='ltr'>que</span> <span class='ocrx_word' id='word_1_361' title='bbox 1006 2746 1093 2815; x_wconf 88' lang='lat' dir='ltr'>novit,</span> <span class='ocrx_word' id='word_1_362' title='bbox 1109 2745 1265 2817; x_wconf 91' lang='lat' dir='ltr'>acquirunt.</span> <span class='ocrx_word' id='word_1_363' title='bbox 1290 2743 1329 2801; x_wconf 83' lang='lat' dir='ltr'>ttd</span> <span class='ocrx_word' id='word_1_364' title='bbox 1354 2757 1435 2814; x_wconf 89' lang='lat' dir='ltr'>quam</span> <span class='ocrx_word' id='word_1_365' title='bbox 1464 2742 1671 2814; x_wconf 89' lang='lat' dir='ltr'>proculdubio,</span> <span class='ocrx_word' id='word_1_366' title='bbox 1691 2741 1828 2799; x_wconf 84' lang='lat' dir='ltr'>sirolue·</span> 
     </span>
     <span class='ocr_line' id='line_1_29' title="bbox 141 2830 1830 2908; baseline -0.004 -16"><span class='ocrx_word' id='word_1_367' title='bbox 141 2835 279 2908; x_wconf 85' lang='lat' dir='ltr'>dagitatis,</span> <span class='ocrx_word' id='word_1_368' title='bbox 299 2841 328 2891; x_wconf 92' lang='lat' dir='ltr'>et</span> <span class='ocrx_word' id='word_1_369' title='bbox 355 2847 398 2890; x_wconf 91' lang='lat' dir='ltr'>me</span> <span class='ocrx_word' id='word_1_370' title='bbox 426 2834 590 2905; x_wconf 88' lang='lat' dir='ltr'>simpliciter</span> <span class='ocrx_word' id='word_1_371' title='bbox 617 2841 793 2905; x_wconf 91' lang='lat' dir='ltr'>perorantem</span> <span class='ocrx_word' id='word_1_372' title='bbox 817 2835 966 2906; x_wconf 90' lang='lat' dir='ltr'>diligenter</span> <span class='ocrx_word' id='word_1_373' title='bbox 1005 2834 1078 2906; x_wconf 91' lang='lat' dir='ltr'>ritis,</span> <span class='ocrx_word' id='word_1_374' title='bbox 1098 2840 1126 2891; x_wconf 91' lang='lat' dir='ltr'>et</span> <span class='ocrx_word' id='word_1_375' title='bbox 1144 2849 1203 2901; x_wconf 86' lang='lat' dir='ltr'>vos,</span> <span class='ocrx_word' id='word_1_376' title='bbox 1224 2833 1390 2890; x_wconf 89' lang='lat' dir='ltr'>dulcissimae</span> <span class='ocrx_word' id='word_1_377' title='bbox 1410 2833 1536 2899; x_wconf 88' lang='lat' dir='ltr'>comites,</span> <span class='ocrx_word' id='word_1_378' title='bbox 1551 2832 1592 2888; x_wconf 90' lang='lat' dir='ltr'>ire</span> <span class='ocrx_word' id='word_1_379' title='bbox 1612 2830 1749 2903; x_wconf 90' lang='lat' dir='ltr'>poteritis.</span> <span class='ocrx_word' id='word_1_380' title='bbox 1766 2849 1780 2882; x_wconf 75' lang='lat' dir='ltr'>e</span> <span class='ocrx_word' id='word_1_381' title='bbox 1796 2831 1830 2886; x_wconf 80' lang='lat' dir='ltr'>lit</span> 
     </span>
     <span class='ocr_line' id='line_1_30' title="bbox 140 2919 1834 2997; baseline -0.004 -17"><span class='ocrx_word' id='word_1_382' title='bbox 140 2923 286 2982; x_wconf 89' lang='lat' dir='ltr'>attendite.</span> <span class='ocrx_word' id='word_1_383' title='bbox 306 2923 438 2980; x_wconf 85' lang='lat' dir='ltr'>llomious</span> <span class='ocrx_word' id='word_1_384' title='bbox 450 2925 530 2980; x_wconf 83' lang='lat' dir='ltr'>iesus</span> <span class='ocrx_word' id='word_1_385' title='bbox 544 2923 680 2992; x_wconf 81' lang='lat' dir='ltr'>Christus,</span> <span class='ocrx_word' id='word_1_386' title='bbox 699 2925 735 2980; x_wconf 91' lang='lat' dir='ltr'>de</span> <span class='ocrx_word' id='word_1_387' title='bbox 758 2927 837 2997; x_wconf 88' lang='lat' dir='ltr'>cujus</span> <span class='ocrx_word' id='word_1_388' title='bbox 863 2923 966 2981; x_wconf 83' lang='lat' dir='ltr'>divini·</span> <span class='ocrx_word' id='word_1_389' title='bbox 1006 2921 1081 2980; x_wconf 90' lang='lat' dir='ltr'>illae:</span> <span class='ocrx_word' id='word_1_390' title='bbox 1104 2940 1118 2974; x_wconf 83' lang='lat' dir='ltr'>e</span> <span class='ocrx_word' id='word_1_391' title='bbox 1133 2921 1265 2978; x_wconf 89' lang='lat' dir='ltr'>Volumus</span> <span class='ocrx_word' id='word_1_392' title='bbox 1279 2922 1362 2979; x_wconf 91' lang='lat' dir='ltr'>modo</span> <span class='ocrx_word' id='word_1_393' title='bbox 1375 2942 1383 2990; x_wconf 85' lang='lat'>;</span> <span class='ocrx_word' id='word_1_394' title='bbox 1403 2920 1555 2978; x_wconf 83' lang='lat' dir='ltr'>divinitatis</span> <span class='ocrx_word' id='word_1_395' title='bbox 1570 2919 1721 2992; x_wconf 89' lang='lat' dir='ltr'>potentiam</span> <span class='ocrx_word' id='word_1_396' title='bbox 1736 2931 1834 2976; x_wconf 88' lang='lat' dir='ltr'>omnes</span> 
     </span>
     <span class='ocr_line' id='line_1_31' title="bbox 142 3008 1833 3084; baseline -0.002 -18"><span class='ocrx_word' id='word_1_397' title='bbox 142 3016 197 3068; x_wconf 89' lang='lat' dir='ltr'>tate</span> <span class='ocrx_word' id='word_1_398' title='bbox 230 3024 273 3068; x_wconf 88' lang='lat' dir='ltr'>nte</span> <span class='ocrx_word' id='word_1_399' title='bbox 305 3009 433 3068; x_wconf 80' lang='lat' dir='ltr'>famulam</span> <span class='ocrx_word' id='word_1_400' title='bbox 461 3025 538 3069; x_wconf 89' lang='lat' dir='ltr'>suam</span> <span class='ocrx_word' id='word_1_401' title='bbox 566 3012 688 3070; x_wconf 91' lang='lat' dir='ltr'>scienter</span> <span class='ocrx_word' id='word_1_402' title='bbox 714 3012 865 3084; x_wconf 84' lang='lat' dir='ltr'>inquiritis,</span> <span class='ocrx_word' id='word_1_403' title='bbox 885 3025 966 3069; x_wconf 89' lang='lat' dir='ltr'>verus</span> <span class='ocrx_word' id='word_1_404' title='bbox 1005 3010 1085 3068; x_wconf 84' lang='lat' dir='ltr'>ualde</span> <span class='ocrx_word' id='word_1_405' title='bbox 1117 3010 1268 3079; x_wconf 91' lang='lat' dir='ltr'>miramur,</span> <span class='ocrx_word' id='word_1_406' title='bbox 1306 3010 1356 3067; x_wconf 93' lang='lat' dir='ltr'>sed</span> <span class='ocrx_word' id='word_1_407' title='bbox 1387 3011 1504 3067; x_wconf 79' lang='lat' dir='ltr'>maxime</span> <span class='ocrx_word' id='word_1_408' title='bbox 1542 3010 1577 3067; x_wconf 91' lang='lat' dir='ltr'>de</span> <span class='ocrx_word' id='word_1_409' title='bbox 1614 3008 1663 3065; x_wconf 88' lang='lat' dir='ltr'>tali</span> <span class='ocrx_word' id='word_1_410' title='bbox 1700 3013 1833 3077; x_wconf 87' lang='lat' dir='ltr'>tantoque</span> 
     </span>
     <span class='ocr_line' id='line_1_32' title="bbox 141 3084 1833 3173; baseline -0.002 -18"><span class='ocrx_word' id='word_1_411' title='bbox 141 3101 214 3155; x_wconf 84' lang='lat' dir='ltr'>bens</span> <span class='ocrx_word' id='word_1_412' title='bbox 228 3103 347 3156; x_wconf 88' lang='lat' dir='ltr'>estante</span> <span class='ocrx_word' id='word_1_413' title='bbox 367 3099 461 3156; x_wconf 90' lang='lat' dir='ltr'>mundi</span> <span class='ocrx_word' id='word_1_414' title='bbox 481 3100 626 3173; x_wconf 90' lang='lat' dir='ltr'>originem,</span> <span class='ocrx_word' id='word_1_415' title='bbox 642 3115 677 3158; x_wconf 84' lang='lat' dir='ltr'>ex</span> <span class='ocrx_word' id='word_1_416' title='bbox 691 3103 747 3160; x_wconf 83' lang='lat' dir='ltr'>lieo</span> <span class='ocrx_word' id='word_1_417' title='bbox 761 3114 826 3158; x_wconf 79' lang='lat' dir='ltr'>uero</span> <span class='ocrx_word' id='word_1_418' title='bbox 845 3101 965 3173; x_wconf 85' lang='lat' dir='ltr'>genitus,</span> <span class='ocrx_word' id='word_1_419' title='bbox 977 3084 1118 3171; x_wconf 76' lang='lat' dir='ltr'>Cpieutts</span> <span class='ocrx_word' id='word_1_420' title='bbox 1135 3113 1238 3172; x_wconf 84' lang='lat' dir='ltr'>genere</span> <span class='ocrx_word' id='word_1_421' title='bbox 1257 3098 1497 3170; x_wconf 89' lang='lat' dir='ltr'>obstupescimus;</span> <span class='ocrx_word' id='word_1_422' title='bbox 1517 3096 1723 3163; x_wconf 89' lang='lat' dir='ltr'>inenarrabilis,</span> <span class='ocrx_word' id='word_1_423' title='bbox 1739 3103 1769 3152; x_wconf 89' lang='grc' dir='ltr'>ιιι</span> <span class='ocrx_word' id='word_1_424' title='bbox 1784 3109 1833 3152; x_wconf 94' lang='lat' dir='ltr'>no·</span> 
     </span>
     <span class='ocr_line' id='line_1_33' title="bbox 69 3184 1833 3273; baseline -0.002 -30"><span class='ocrx_word' id='word_1_425' title='bbox 69 3265 74 3273; x_wconf 87' lang='lat'><em>.</em></span> <span class='ocrx_word' id='word_1_426' title='bbox 143 3201 192 3259; x_wconf 90' lang='lat' dir='ltr'>per</span> <span class='ocrx_word' id='word_1_427' title='bbox 219 3199 301 3256; x_wconf 92' lang='lat' dir='ltr'>quem</span> <span class='ocrx_word' id='word_1_428' title='bbox 329 3187 421 3243; x_wconf 91' lang='lat' dir='ltr'>omnia</span> <span class='ocrx_word' id='word_1_429' title='bbox 450 3187 522 3244; x_wconf 87' lang='lat' dir='ltr'>lacta</span> <span class='ocrx_word' id='word_1_430' title='bbox 540 3194 615 3256; x_wconf 89' lang='lat' dir='ltr'>suut,</span> <span class='ocrx_word' id='word_1_431' title='bbox 645 3203 702 3246; x_wconf 93' lang='lat' dir='ltr'>non</span> <span class='ocrx_word' id='word_1_432' title='bbox 729 3191 885 3261; x_wconf 86' lang='lat' dir='ltr'>adoptivus,</span> <span class='ocrx_word' id='word_1_433' title='bbox 915 3202 966 3246; x_wconf 93' lang='lat' dir='ltr'>nec</span> <span class='ocrx_word' id='word_1_434' title='bbox 1007 3190 1051 3246; x_wconf 89' lang='lat' dir='ltr'>bis</span> <span class='ocrx_word' id='word_1_435' title='bbox 1066 3187 1185 3258; x_wconf 90' lang='lat' dir='ltr'>videtur,</span> <span class='ocrx_word' id='word_1_436' title='bbox 1206 3195 1234 3245; x_wconf 88' lang='lat' dir='ltr'>et</span> <span class='ocrx_word' id='word_1_437' title='bbox 1253 3193 1328 3245; x_wconf 82' lang='lat' dir='ltr'>extat</span> <span class='ocrx_word' id='word_1_438' title='bbox 1356 3187 1416 3245; x_wconf 86' lang='lat' dir='ltr'>hec</span> <span class='ocrx_word' id='word_1_439' title='bbox 1445 3187 1545 3259; x_wconf 87' lang='lat' dir='ltr'>pietas,</span> <span class='ocrx_word' id='word_1_440' title='bbox 1574 3201 1607 3243; x_wconf 90' lang='lat' dir='ltr'>ac</span> <span class='ocrx_word' id='word_1_441' title='bbox 1630 3185 1716 3242; x_wconf 90' lang='lat' dir='ltr'>totius</span> <span class='ocrx_word' id='word_1_442' title='bbox 1739 3184 1833 3241; x_wconf 90' lang='lat' dir='ltr'>mundi</span> 
     </span>
     <span class='ocr_line' id='line_1_34' title="bbox 144 3274 1833 3348; baseline -0.002 -16"><span class='ocrx_word' id='word_1_443' title='bbox 144 3274 342 3346; x_wconf 90' lang='lat' dir='ltr'>phantasticus,</span> <span class='ocrx_word' id='word_1_444' title='bbox 371 3276 420 3332; x_wconf 92' lang='lat' dir='ltr'>scd</span> <span class='ocrx_word' id='word_1_445' title='bbox 440 3277 692 3346; x_wconf 87' lang='lat' dir='ltr'>consubstantialis,</span> <span class='ocrx_word' id='word_1_446' title='bbox 722 3286 750 3336; x_wconf 90' lang='lat' dir='ltr'>et</span> <span class='ocrx_word' id='word_1_447' title='bbox 778 3277 968 3336; x_wconf 86' lang='lat' dir='ltr'>coessentialis</span> <span class='ocrx_word' id='word_1_448' title='bbox 1007 3276 1119 3335; x_wconf 80' lang='lat' dir='ltr'>fabrice</span> <span class='ocrx_word' id='word_1_449' title='bbox 1144 3282 1241 3335; x_wconf 90' lang='lat' dir='ltr'>nostro</span> <span class='ocrx_word' id='word_1_450' title='bbox 1260 3277 1372 3348; x_wconf 90' lang='lat' dir='ltr'>quidem</span> <span class='ocrx_word' id='word_1_451' title='bbox 1389 3277 1494 3348; x_wconf 83' lang='lat' dir='ltr'>jucicio</span> <span class='ocrx_word' id='word_1_452' title='bbox 1516 3274 1751 3346; x_wconf 87' lang='lat' dir='ltr'>incomparabilis.</span> <span class='ocrx_word' id='word_1_453' title='bbox 1777 3276 1833 3345; x_wconf 83' lang='lat' dir='ltr'>bge</span> 
     </span>
     <span class='ocr_line' id='line_1_35' title="bbox 143 3361 1831 3439; baseline -0.002 -20"><span class='ocrx_word' id='word_1_454' title='bbox 143 3363 217 3420; x_wconf 88' lang='lat' dir='ltr'>Patri</span> <span class='ocrx_word' id='word_1_455' title='bbox 227 3363 410 3434; x_wconf 89' lang='lat' dir='ltr'>omnipotenti</span> <span class='ocrx_word' id='word_1_456' title='bbox 426 3365 584 3436; x_wconf 85' lang='lat' dir='ltr'>unigenitus</span> <span class='ocrx_word' id='word_1_457' title='bbox 598 3367 692 3424; x_wconf 76' lang='lat' dir='ltr'>Filius.</span> <span class='ocrx_word' id='word_1_458' title='bbox 719 3367 772 3436; x_wconf 79' lang='lat' dir='ltr'>Qui</span> <span class='ocrx_word' id='word_1_459' title='bbox 796 3373 860 3438; x_wconf 91' lang='lat' dir='ltr'>post</span> <span class='ocrx_word' id='word_1_460' title='bbox 882 3368 967 3424; x_wconf 92' lang='lat' dir='ltr'>multa</span> <span class='ocrx_word' id='word_1_461' title='bbox 1008 3380 1085 3439; x_wconf 90' lang='lat' dir='ltr'>crgo,</span> <span class='ocrx_word' id='word_1_462' title='bbox 1102 3371 1130 3424; x_wconf 91' lang='lat' dir='ltr'>et</span> <span class='ocrx_word' id='word_1_463' title='bbox 1153 3365 1229 3437; x_wconf 92' lang='lat' dir='ltr'>quod</span> <span class='ocrx_word' id='word_1_464' title='bbox 1249 3366 1300 3422; x_wconf 93' lang='lat' dir='ltr'>tibi</span> <span class='ocrx_word' id='word_1_465' title='bbox 1319 3366 1354 3422; x_wconf 90' lang='lat' dir='ltr'>ad</span> <span class='ocrx_word' id='word_1_466' title='bbox 1373 3371 1478 3422; x_wconf 91' lang='lat' dir='ltr'>tantum</span> <span class='ocrx_word' id='word_1_467' title='bbox 1497 3363 1626 3436; x_wconf 62' lang='lat' dir='ltr'>modium</span> <span class='ocrx_word' id='word_1_468' title='bbox 1650 3361 1831 3420; x_wconf 89' lang='lat' dir='ltr'>obtinendum</span> 
     </span>
     <span class='ocr_line' id='line_1_36' title="bbox 147 3451 1832 3526; baseline -0.002 -19"><span class='ocrx_word' id='word_1_469' title='bbox 147 3466 163 3507; x_wconf 93' lang='lat' dir='ltr'>a</span> <span class='ocrx_word' id='word_1_470' title='bbox 186 3451 300 3510; x_wconf 91' lang='lat' dir='ltr'>condito</span> <span class='ocrx_word' id='word_1_471' title='bbox 319 3453 423 3510; x_wconf 90' lang='lat' dir='ltr'>mundo</span> <span class='ocrx_word' id='word_1_472' title='bbox 451 3467 586 3512; x_wconf 88' lang='lat' dir='ltr'>annornm</span> <span class='ocrx_word' id='word_1_473' title='bbox 605 3456 753 3524; x_wconf 88' lang='lat' dir='ltr'>enrricula,</span> <span class='ocrx_word' id='word_1_474' title='bbox 773 3470 829 3513; x_wconf 93' lang='lat' dir='ltr'>non</span> <span class='ocrx_word' id='word_1_475' title='bbox 844 3462 967 3526; x_wconf 90' lang='lat' dir='ltr'>coactus,</span> <span class='ocrx_word' id='word_1_476' title='bbox 1008 3455 1162 3512; x_wconf 80' lang='lat' dir='ltr'>christiana</span> <span class='ocrx_word' id='word_1_477' title='bbox 1185 3452 1321 3524; x_wconf 78' lang='lat' dir='ltr'>protessis</span> <span class='ocrx_word' id='word_1_478' title='bbox 1341 3453 1456 3522; x_wconf 79' lang='lat' dir='ltr'>expetit,</span> <span class='ocrx_word' id='word_1_479' title='bbox 1469 3465 1566 3509; x_wconf 91' lang='lat' dir='ltr'>secura</span> <span class='ocrx_word' id='word_1_480' title='bbox 1585 3451 1666 3508; x_wconf 91' lang='lat' dir='ltr'>nobis</span> <span class='ocrx_word' id='word_1_481' title='bbox 1680 3451 1740 3506; x_wconf 90' lang='lat' dir='ltr'>sine</span> <span class='ocrx_word' id='word_1_482' title='bbox 1754 3462 1832 3505; x_wconf 91' lang='lat' dir='ltr'>mora</span> 
     </span>
     <span class='ocr_line' id='line_1_37' title="bbox 143 3539 1829 3617; baseline -0.001 -19"><span class='ocrx_word' id='word_1_483' title='bbox 143 3541 193 3598; x_wconf 90' lang='lat' dir='ltr'>sed</span> <span class='ocrx_word' id='word_1_484' title='bbox 207 3555 256 3598; x_wconf 91' lang='lat' dir='ltr'>sua</span> <span class='ocrx_word' id='word_1_485' title='bbox 284 3547 312 3598; x_wconf 92' lang='lat' dir='ltr'>et</span> <span class='ocrx_word' id='word_1_486' title='bbox 330 3542 419 3598; x_wconf 86' lang='lat' dir='ltr'>Patris</span> <span class='ocrx_word' id='word_1_487' title='bbox 446 3543 587 3600; x_wconf 78' lang='lat' dir='ltr'>voluntate</span> <span class='ocrx_word' id='word_1_488' title='bbox 617 3543 651 3601; x_wconf 89' lang='lat' dir='ltr'>ad</span> <span class='ocrx_word' id='word_1_489' title='bbox 680 3545 852 3602; x_wconf 91' lang='lat' dir='ltr'>liberandum</span> <span class='ocrx_word' id='word_1_490' title='bbox 880 3559 967 3617; x_wconf 90' lang='lat' dir='ltr'>genus</span> <span class='ocrx_word' id='word_1_491' title='bbox 1009 3557 1171 3614; x_wconf 88' lang='lat' dir='ltr'>exsequere,</span> <span class='ocrx_word' id='word_1_492' title='bbox 1201 3561 1216 3596; x_wconf 81' lang='lat' dir='ltr'>a</span> <span class='ocrx_word' id='word_1_493' title='bbox 1244 3546 1278 3599; x_wconf 82' lang='lat' dir='ltr'>ht</span> <span class='ocrx_word' id='word_1_494' title='bbox 1309 3541 1467 3609; x_wconf 88' lang='lat' dir='ltr'>Christina,</span> <span class='ocrx_word' id='word_1_495' title='bbox 1496 3540 1709 3612; x_wconf 90' lang='lat' dir='ltr'>prudentissima</span> <span class='ocrx_word' id='word_1_496' title='bbox 1741 3539 1829 3610; x_wconf 91' lang='lat' dir='ltr'>virgo,</span> 
     </span>
     <span class='ocr_line' id='line_1_38' title="bbox 144 3626 1830 3704; baseline -0.002 -17"><span class='ocrx_word' id='word_1_497' title='bbox 144 3631 302 3700; x_wconf 91' lang='lat' dir='ltr'>humanum,</span> <span class='ocrx_word' id='word_1_498' title='bbox 321 3631 449 3703; x_wconf 88' lang='lat' dir='ltr'>originali</span> <span class='ocrx_word' id='word_1_499' title='bbox 476 3631 586 3690; x_wconf 84' lang='lat' dir='ltr'>vinculo</span> <span class='ocrx_word' id='word_1_500' title='bbox 615 3634 763 3698; x_wconf 89' lang='lat' dir='ltr'>irretitum,</span> <span class='ocrx_word' id='word_1_501' title='bbox 791 3633 866 3704; x_wconf 89' lang='lat' dir='ltr'>quod</span> <span class='ocrx_word' id='word_1_502' title='bbox 886 3632 967 3704; x_wconf 88' lang='lat' dir='ltr'>primi</span> <span class='ocrx_word' id='word_1_503' title='bbox 1008 3631 1077 3690; x_wconf 90' lang='lat' dir='ltr'>tanti</span> <span class='ocrx_word' id='word_1_504' title='bbox 1113 3630 1228 3702; x_wconf 86' lang='lat' dir='ltr'>tripudii</span> <span class='ocrx_word' id='word_1_505' title='bbox 1260 3629 1398 3687; x_wconf 86' lang='lat' dir='ltr'>hilaritate</span> <span class='ocrx_word' id='word_1_506' title='bbox 1431 3627 1550 3700; x_wconf 88' lang='lat' dir='ltr'>perlusa,</span> <span class='ocrx_word' id='word_1_507' title='bbox 1583 3628 1617 3685; x_wconf 93' lang='lat' dir='ltr'>ad</span> <span class='ocrx_word' id='word_1_508' title='bbox 1654 3626 1830 3685; x_wconf 88' lang='lat' dir='ltr'>simulacrum</span> 
     </span>
     <span class='ocr_line' id='line_1_39' title="bbox 144 3714 1830 3793; baseline -0.004 -17"><span class='ocrx_word' id='word_1_509' title='bbox 144 3719 267 3790; x_wconf 89' lang='lat' dir='ltr'>parentis</span> <span class='ocrx_word' id='word_1_510' title='bbox 281 3720 372 3790; x_wconf 89' lang='lat' dir='ltr'>culpa,</span> <span class='ocrx_word' id='word_1_511' title='bbox 393 3720 532 3780; x_wconf 91' lang='lat' dir='ltr'>diabolico</span> <span class='ocrx_word' id='word_1_512' title='bbox 551 3722 684 3780; x_wconf 91' lang='lat' dir='ltr'>instinctu</span> <span class='ocrx_word' id='word_1_513' title='bbox 703 3729 855 3792; x_wconf 90' lang='lat' dir='ltr'>contracta,</span> <span class='ocrx_word' id='word_1_514' title='bbox 871 3723 906 3780; x_wconf 89' lang='lat' dir='ltr'>ab</span> <span class='ocrx_word' id='word_1_515' title='bbox 920 3722 967 3779; x_wconf 88' lang='lat' dir='ltr'>iila</span> <span class='ocrx_word' id='word_1_516' title='bbox 1008 3719 1141 3793; x_wconf 88' lang='lat' dir='ltr'>imagines</span> <span class='ocrx_word' id='word_1_517' title='bbox 1159 3719 1293 3778; x_wconf 91' lang='lat' dir='ltr'>citissimo</span> <span class='ocrx_word' id='word_1_518' title='bbox 1312 3733 1342 3776; x_wconf 92' lang='lat' dir='ltr'>se</span> <span class='ocrx_word' id='word_1_519' title='bbox 1369 3733 1452 3776; x_wconf 91' lang='lat' dir='ltr'>cursu</span> <span class='ocrx_word' id='word_1_520' title='bbox 1481 3716 1628 3790; x_wconf 88' lang='lat' dir='ltr'>proripuit,</span> <span class='ocrx_word' id='word_1_521' title='bbox 1657 3721 1686 3772; x_wconf 92' lang='lat' dir='ltr'>et</span> <span class='ocrx_word' id='word_1_522' title='bbox 1712 3714 1830 3787; x_wconf 80' lang='lat' dir='ltr'>virgula,</span> 
     </span>
     <span class='ocr_line' id='line_1_40' title="bbox 144 3803 1830 3882; baseline -0.002 -19"><span class='ocrx_word' id='word_1_523' title='bbox 144 3807 304 3880; x_wconf 87' lang='lat' dir='ltr'>angelorum</span> <span class='ocrx_word' id='word_1_524' title='bbox 318 3807 450 3867; x_wconf 78' lang='lat' dir='ltr'>felicitate</span> <span class='ocrx_word' id='word_1_525' title='bbox 470 3816 603 3882; x_wconf 90' lang='lat' dir='ltr'>perpetua</span> <span class='ocrx_word' id='word_1_526' title='bbox 626 3813 655 3869; x_wconf 94' lang='lat' dir='ltr'>in</span> <span class='ocrx_word' id='word_1_527' title='bbox 678 3812 836 3870; x_wconf 84' lang='lat' dir='ltr'>barathrum</span> <span class='ocrx_word' id='word_1_528' title='bbox 856 3818 968 3870; x_wconf 80' lang='lat' dir='ltr'>eternae</span> <span class='ocrx_word' id='word_1_529' title='bbox 1007 3823 1090 3880; x_wconf 87' lang='lat' dir='ltr'>quam</span> <span class='ocrx_word' id='word_1_530' title='bbox 1122 3821 1204 3865; x_wconf 92' lang='lat' dir='ltr'>manu</span> <span class='ocrx_word' id='word_1_531' title='bbox 1240 3809 1389 3880; x_wconf 86' lang='lat' dir='ltr'>gestabat,</span> <span class='ocrx_word' id='word_1_532' title='bbox 1422 3809 1515 3865; x_wconf 80' lang='lat' dir='ltr'>torem</span> <span class='ocrx_word' id='word_1_533' title='bbox 1553 3805 1680 3877; x_wconf 88' lang='lat' dir='ltr'>primitus</span> <span class='ocrx_word' id='word_1_534' title='bbox 1715 3803 1830 3861; x_wconf 78' lang='lat' dir='ltr'>seriens.</span> 
     </span>
     <span class='ocr_line' id='line_1_41' title="bbox 145 3890 1831 3974; baseline -0.003 -21"><span class='ocrx_word' id='word_1_535' title='bbox 145 3897 242 3955; x_wconf 91' lang='lat' dir='ltr'>mortis</span> <span class='ocrx_word' id='word_1_536' title='bbox 255 3897 403 3968; x_wconf 90' lang='lat' dir='ltr'>inciderat,</span> <span class='ocrx_word' id='word_1_537' title='bbox 419 3898 453 3956; x_wconf 91' lang='lat' dir='ltr'>de</span> <span class='ocrx_word' id='word_1_538' title='bbox 474 3900 553 3957; x_wconf 83' lang='lat' dir='ltr'>celis</span> <span class='ocrx_word' id='word_1_539' title='bbox 577 3901 605 3958; x_wconf 91' lang='lat' dir='ltr'>in</span> <span class='ocrx_word' id='word_1_540' title='bbox 625 3905 734 3958; x_wconf 91' lang='lat' dir='ltr'>uterum</span> <span class='ocrx_word' id='word_1_541' title='bbox 749 3901 869 3974; x_wconf 85' lang='lat' dir='ltr'>Virginis</span> <span class='ocrx_word' id='word_1_542' title='bbox 881 3902 966 3970; x_wconf 81' lang='lat' dir='ltr'>venit,</span> <span class='ocrx_word' id='word_1_543' title='bbox 1011 3918 1025 3949; x_wconf 73' lang='grc' dir='ltr'><strong>α</strong></span> <span class='ocrx_word' id='word_1_544' title='bbox 1044 3897 1175 3970; x_wconf 81' lang='lat' dir='ltr'>Experire</span> <span class='ocrx_word' id='word_1_545' title='bbox 1189 3898 1218 3954; x_wconf 90' lang='lat' dir='ltr'>in</span> <span class='ocrx_word' id='word_1_546' title='bbox 1234 3911 1287 3967; x_wconf 92' lang='lat' dir='ltr'>me,</span> <span class='ocrx_word' id='word_1_547' title='bbox 1307 3898 1356 3964; x_wconf 90' lang='lat' dir='ltr'>ait,</span> <span class='ocrx_word' id='word_1_548' title='bbox 1371 3897 1396 3953; x_wconf 92' lang='lat' dir='ltr'>si</span> <span class='ocrx_word' id='word_1_549' title='bbox 1414 3911 1484 3968; x_wconf 88' lang='lat' dir='ltr'>quas</span> <span class='ocrx_word' id='word_1_550' title='bbox 1505 3896 1592 3952; x_wconf 91' lang='lat' dir='ltr'>habes</span> <span class='ocrx_word' id='word_1_551' title='bbox 1609 3895 1693 3963; x_wconf 81' lang='lat' dir='ltr'>uires,</span> <span class='ocrx_word' id='word_1_552' title='bbox 1709 3897 1793 3965; x_wconf 89' lang='lat' dir='ltr'>teque</span> <span class='ocrx_word' id='word_1_553' title='bbox 1806 3890 1831 3949; x_wconf 90' lang='lat' dir='ltr'>si</span> 
     </span>
     <span class='ocr_line' id='line_1_42' title="bbox 144 3979 1834 4062; baseline -0.005 -18"><span class='ocrx_word' id='word_1_554' title='bbox 144 3993 172 4044; x_wconf 91' lang='lat' dir='ltr'>et</span> <span class='ocrx_word' id='word_1_555' title='bbox 204 3999 286 4058; x_wconf 90' lang='lat' dir='ltr'>quem</span> <span class='ocrx_word' id='word_1_556' title='bbox 313 3987 378 4045; x_wconf 84' lang='lat' dir='ltr'>celi</span> <span class='ocrx_word' id='word_1_557' title='bbox 409 3987 539 4058; x_wconf 89' lang='lat' dir='ltr'>ambitus,</span> <span class='ocrx_word' id='word_1_558' title='bbox 568 3991 699 4062; x_wconf 89' lang='lat' dir='ltr'>orbisque</span> <span class='ocrx_word' id='word_1_559' title='bbox 730 3991 817 4049; x_wconf 79' lang='lat' dir='ltr'>totitm</span> <span class='ocrx_word' id='word_1_560' title='bbox 831 3991 969 4062; x_wconf 87' lang='lat' dir='ltr'>capacitas</span> <span class='ocrx_word' id='word_1_561' title='bbox 1009 3993 1090 4059; x_wconf 88' lang='lat' dir='ltr'>potes</span> <span class='ocrx_word' id='word_1_562' title='bbox 1118 3987 1153 4043; x_wconf 90' lang='lat' dir='ltr'>ab</span> <span class='ocrx_word' id='word_1_563' title='bbox 1181 3986 1257 4043; x_wconf 87' lang='lat' dir='ltr'>iliata</span> <span class='ocrx_word' id='word_1_564' title='bbox 1285 3986 1336 4042; x_wconf 92' lang='lat' dir='ltr'>tibi</span> <span class='ocrx_word' id='word_1_565' title='bbox 1364 3985 1466 4057; x_wconf 78' lang='lat' dir='ltr'>injuria</span> <span class='ocrx_word' id='word_1_566' title='bbox 1493 3989 1628 4042; x_wconf 89' lang='lat' dir='ltr'>consueto</span> <span class='ocrx_word' id='word_1_567' title='bbox 1656 3996 1733 4040; x_wconf 93' lang='lat' dir='ltr'>more</span> <span class='ocrx_word' id='word_1_568' title='bbox 1765 3979 1834 4038; x_wconf 92' lang='lat' dir='ltr'>uici·</span> 
     </span>
     <span class='ocr_line' id='line_1_43' title="bbox 144 4068 1834 4152; baseline -0.004 -20"><span class='ocrx_word' id='word_1_569' title='bbox 144 4089 244 4146; x_wconf 89' lang='lat' dir='ltr'>capere</span> <span class='ocrx_word' id='word_1_570' title='bbox 258 4075 365 4147; x_wconf 89' lang='lat' dir='ltr'>nequit,</span> <span class='ocrx_word' id='word_1_571' title='bbox 381 4083 498 4148; x_wconf 85' lang='lat' dir='ltr'>angusto</span> <span class='ocrx_word' id='word_1_572' title='bbox 517 4083 596 4136; x_wconf 91' lang='lat' dir='ltr'>utero</span> <span class='ocrx_word' id='word_1_573' title='bbox 610 4079 693 4152; x_wconf 86' lang='lat' dir='ltr'>virgo</span> <span class='ocrx_word' id='word_1_574' title='bbox 712 4080 892 4151; x_wconf 73' lang='lat' dir='ltr'>partialiter</span> <span class='ocrx_word' id='word_1_575' title='bbox 914 4093 968 4151; x_wconf 90' lang='lat' dir='ltr'>qua</span> <span class='ocrx_word' id='word_1_576' title='bbox 1009 4089 1097 4133; x_wconf 88' lang='lat' dir='ltr'>scere.</span> <span class='ocrx_word' id='word_1_577' title='bbox 1115 4094 1130 4128; x_wconf 88' lang='lat' dir='ltr'>n</span> <span class='ocrx_word' id='word_1_578' title='bbox 1144 4077 1267 4146; x_wconf 88' lang='lat' dir='ltr'>Cumque</span> <span class='ocrx_word' id='word_1_579' title='bbox 1286 4075 1340 4132; x_wconf 90' lang='lat' dir='ltr'>hoc</span> <span class='ocrx_word' id='word_1_580' title='bbox 1363 4074 1527 4132; x_wconf 88' lang='lat' dir='ltr'>alternando</span> <span class='ocrx_word' id='word_1_581' title='bbox 1546 4073 1699 4144; x_wconf 90' lang='lat' dir='ltr'>uniquique</span> <span class='ocrx_word' id='word_1_582' title='bbox 1718 4068 1834 4128; x_wconf 83' lang='lat' dir='ltr'>interret</span> 
     </span>
     <span class='ocr_line' id='line_1_44' title="bbox 145 4161 1833 4240; baseline -0.003 -18"><span class='ocrx_word' id='word_1_583' title='bbox 145 4177 229 4222; x_wconf 89' lang='lat' dir='ltr'>carne</span> <span class='ocrx_word' id='word_1_584' title='bbox 247 4171 350 4222; x_wconf 87' lang='lat' dir='ltr'>nostre</span> <span class='ocrx_word' id='word_1_585' title='bbox 375 4165 550 4224; x_wconf 86' lang='lat' dir='ltr'>mortalitatis</span> <span class='ocrx_word' id='word_1_586' title='bbox 577 4166 701 4238; x_wconf 89' lang='lat' dir='ltr'>indutus,</span> <span class='ocrx_word' id='word_1_587' title='bbox 730 4167 869 4240; x_wconf 88' lang='lat' dir='ltr'>periectos</span> <span class='ocrx_word' id='word_1_588' title='bbox 896 4170 969 4225; x_wconf 84' lang='lat' dir='ltr'>Deus</span> <span class='ocrx_word' id='word_1_589' title='bbox 1009 4164 1199 4235; x_wconf 88' lang='lat' dir='ltr'>opprobrium,</span> <span class='ocrx_word' id='word_1_590' title='bbox 1225 4165 1317 4221; x_wconf 93' lang='lat' dir='ltr'>omnia</span> <span class='ocrx_word' id='word_1_591' title='bbox 1340 4163 1422 4221; x_wconf 89' lang='lat' dir='ltr'>simul</span> <span class='ocrx_word' id='word_1_592' title='bbox 1448 4163 1586 4234; x_wconf 89' lang='lat' dir='ltr'>arripiens</span> <span class='ocrx_word' id='word_1_593' title='bbox 1609 4161 1638 4218; x_wconf 93' lang='lat' dir='ltr'>in</span> <span class='ocrx_word' id='word_1_594' title='bbox 1662 4173 1745 4218; x_wconf 95' lang='lat' dir='ltr'>unum</span> <span class='ocrx_word' id='word_1_595' title='bbox 1765 4173 1833 4217; x_wconf 85' lang='lat' dir='ltr'>eoa·</span> 
     </span>
     <span class='ocr_line' id='line_1_45' title="bbox 146 4249 1832 4328; baseline -0.004 -18"><span class='ocrx_word' id='word_1_596' title='bbox 146 4260 174 4310; x_wconf 89' lang='lat' dir='ltr'>et</span> <span class='ocrx_word' id='word_1_597' title='bbox 188 4253 272 4312; x_wconf 90' lang='lat' dir='ltr'>homo</span> <span class='ocrx_word' id='word_1_598' title='bbox 286 4253 454 4322; x_wconf 88' lang='lat' dir='ltr'>periclitanti</span> <span class='ocrx_word' id='word_1_599' title='bbox 468 4257 572 4312; x_wconf 93' lang='lat' dir='ltr'>mundo</span> <span class='ocrx_word' id='word_1_600' title='bbox 586 4271 616 4313; x_wconf 91' lang='lat' dir='ltr'>se</span> <span class='ocrx_word' id='word_1_601' title='bbox 636 4258 775 4328; x_wconf 88' lang='lat' dir='ltr'>praebuit;</span> <span class='ocrx_word' id='word_1_602' title='bbox 796 4257 831 4315; x_wconf 93' lang='lat' dir='ltr'>ab</span> <span class='ocrx_word' id='word_1_603' title='bbox 845 4257 967 4315; x_wconf 89' lang='lat' dir='ltr'>homini·</span> <span class='ocrx_word' id='word_1_604' title='bbox 1009 4253 1138 4320; x_wconf 82' lang='lat' dir='ltr'>servavit,</span> <span class='ocrx_word' id='word_1_605' title='bbox 1158 4268 1243 4325; x_wconf 90' lang='lat' dir='ltr'>seque</span> <span class='ocrx_word' id='word_1_606' title='bbox 1271 4267 1334 4310; x_wconf 93' lang='lat' dir='ltr'>cum</span> <span class='ocrx_word' id='word_1_607' title='bbox 1361 4252 1417 4310; x_wconf 91' lang='lat' dir='ltr'>illis</span> <span class='ocrx_word' id='word_1_608' title='bbox 1443 4252 1568 4324; x_wconf 84' lang='lat' dir='ltr'>proxima</span> <span class='ocrx_word' id='word_1_609' title='bbox 1593 4249 1722 4308; x_wconf 80' lang='lat' dir='ltr'>videlicet</span> <span class='ocrx_word' id='word_1_610' title='bbox 1750 4251 1832 4304; x_wconf 93' lang='lat' dir='ltr'>nocte</span> 
     </span>
     <span class='ocr_line' id='line_1_46' title="bbox 146 4335 1831 4415; baseline -0.004 -19"><span class='ocrx_word' id='word_1_611' title='bbox 146 4341 197 4396; x_wconf 90' lang='lat' dir='ltr'>bus</span> <span class='ocrx_word' id='word_1_612' title='bbox 210 4341 323 4412; x_wconf 91' lang='lat' dir='ltr'>quidem</span> <span class='ocrx_word' id='word_1_613' title='bbox 350 4342 435 4410; x_wconf 86' lang='lat' dir='ltr'>risus,</span> <span class='ocrx_word' id='word_1_614' title='bbox 465 4349 493 4400; x_wconf 90' lang='lat' dir='ltr'>et</span> <span class='ocrx_word' id='word_1_615' title='bbox 511 4358 573 4400; x_wconf 90' lang='lat' dir='ltr'>cnm</span> <span class='ocrx_word' id='word_1_616' title='bbox 601 4345 759 4403; x_wconf 91' lang='lat' dir='ltr'>hominibus</span> <span class='ocrx_word' id='word_1_617' title='bbox 777 4353 965 4415; x_wconf 78' lang='lat' dir='ltr'>conversatus,</span> <span class='ocrx_word' id='word_1_618' title='bbox 1010 4356 1155 4412; x_wconf 89' lang='lat' dir='ltr'>parvorum</span> <span class='ocrx_word' id='word_1_619' title='bbox 1182 4339 1350 4398; x_wconf 89' lang='lat' dir='ltr'>adminiculo</span> <span class='ocrx_word' id='word_1_620' title='bbox 1378 4340 1570 4396; x_wconf 89' lang='lat' dir='ltr'>resticulorum</span> <span class='ocrx_word' id='word_1_621' title='bbox 1605 4351 1655 4408; x_wconf 91' lang='lat' dir='ltr'>per</span> <span class='ocrx_word' id='word_1_622' title='bbox 1683 4335 1831 4392; x_wconf 78' lang='lat' dir='ltr'>fenestram</span> 
     </span>
     <span class='ocr_line' id='line_1_47' title="bbox 146 4411 1830 4505; baseline -0.005 -19"><span class='ocrx_word' id='word_1_623' title='bbox 146 4436 321 4500; x_wconf 91' lang='lat' dir='ltr'>peccatorum</span> <span class='ocrx_word' id='word_1_624' title='bbox 341 4439 368 4488; x_wconf 92' lang='lat' dir='ltr'>et</span> <span class='ocrx_word' id='word_1_625' title='bbox 386 4431 597 4502; x_wconf 86' lang='lat' dir='ltr'>publicanorum</span> <span class='ocrx_word' id='word_1_626' title='bbox 624 4435 738 4502; x_wconf 90' lang='lat' dir='ltr'>amicus,</span> <span class='ocrx_word' id='word_1_627' title='bbox 768 4440 797 4490; x_wconf 91' lang='lat' dir='ltr'>et</span> <span class='ocrx_word' id='word_1_628' title='bbox 814 4411 1121 4505; x_wconf 75' lang='lat' dir='ltr'>pauperudeimisit,</span> <span class='ocrx_word' id='word_1_629' title='bbox 1142 4430 1304 4487; x_wconf 83' lang='lat' dir='ltr'>christianis</span> <span class='ocrx_word' id='word_1_630' title='bbox 1322 4427 1472 4485; x_wconf 90' lang='lat' dir='ltr'>latentibus</span> <span class='ocrx_word' id='word_1_631' title='bbox 1499 4424 1634 4497; x_wconf 90' lang='lat' dir='ltr'>quidquid</span> <span class='ocrx_word' id='word_1_632' title='bbox 1660 4428 1721 4482; x_wconf 88' lang='lat' dir='ltr'>erat</span> <span class='ocrx_word' id='word_1_633' title='bbox 1749 4421 1830 4480; x_wconf 78' lang='lat' dir='ltr'>exhi-</span> 
     </span>
     <span class='ocr_line' id='line_1_48' title="bbox 146 4512 1831 4594; baseline -0.002 -18"><span class='ocrx_word' id='word_1_634' title='bbox 146 4519 314 4590; x_wconf 86' lang='lat' dir='ltr'>piscatorum</span> <span class='ocrx_word' id='word_1_635' title='bbox 329 4533 423 4578; x_wconf 89' lang='lat' dir='ltr'>comes</span> <span class='ocrx_word' id='word_1_636' title='bbox 437 4521 561 4590; x_wconf 90' lang='lat' dir='ltr'>ellectus,</span> <span class='ocrx_word' id='word_1_637' title='bbox 577 4521 612 4579; x_wconf 91' lang='lat' dir='ltr'>de</span> <span class='ocrx_word' id='word_1_638' title='bbox 635 4523 736 4593; x_wconf 89' lang='lat' dir='ltr'>quibus</span> <span class='ocrx_word' id='word_1_639' title='bbox 762 4521 828 4580; x_wconf 91' lang='lat' dir='ltr'>iecit</span> <span class='ocrx_word' id='word_1_640' title='bbox 855 4528 968 4594; x_wconf 91' lang='lat' dir='ltr'>aposto·</span> <span class='ocrx_word' id='word_1_641' title='bbox 1007 4521 1078 4585; x_wconf 91' lang='lat' dir='ltr'>buit,</span> <span class='ocrx_word' id='word_1_642' title='bbox 1093 4526 1176 4590; x_wconf 92' lang='lat' dir='ltr'>atque</span> <span class='ocrx_word' id='word_1_643' title='bbox 1191 4533 1241 4591; x_wconf 91' lang='lat' dir='ltr'>per</span> <span class='ocrx_word' id='word_1_644' title='bbox 1268 4532 1364 4576; x_wconf 90' lang='lat' dir='ltr'>manos</span> <span class='ocrx_word' id='word_1_645' title='bbox 1392 4531 1487 4575; x_wconf 90' lang='lat' dir='ltr'>eorum</span> <span class='ocrx_word' id='word_1_646' title='bbox 1505 4514 1600 4588; x_wconf 85' lang='lat' dir='ltr'>egenis</span> <span class='ocrx_word' id='word_1_647' title='bbox 1628 4514 1768 4588; x_wconf 88' lang='lat' dir='ltr'>erogando</span> <span class='ocrx_word' id='word_1_648' title='bbox 1787 4512 1831 4572; x_wconf 93' lang='lat' dir='ltr'>di·</span> 
     </span>
     <span class='ocr_line' id='line_1_49' title="bbox 146 4607 1130 4683; baseline -0.002 -18"><span class='ocrx_word' id='word_1_649' title='bbox 146 4607 199 4676; x_wconf 90' lang='lat' dir='ltr'>los,</span> <span class='ocrx_word' id='word_1_650' title='bbox 215 4624 286 4680; x_wconf 90' lang='lat' dir='ltr'>quos</span> <span class='ocrx_word' id='word_1_651' title='bbox 300 4610 444 4667; x_wconf 89' lang='lat' dir='ltr'>constituit</span> <span class='ocrx_word' id='word_1_652' title='bbox 464 4611 645 4683; x_wconf 89' lang='lat' dir='ltr'>patriarchas,</span> <span class='ocrx_word' id='word_1_653' title='bbox 669 4625 813 4683; x_wconf 80' lang='lat' dir='ltr'>precones</span> <span class='ocrx_word' id='word_1_654' title='bbox 831 4613 965 4681; x_wconf 78' lang='lat' dir='ltr'>veritatis,</span> <span class='ocrx_word' id='word_1_655' title='bbox 1006 4607 1130 4665; x_wconf 90' lang='lat' dir='ltr'>stribuit.</span> 
     </span>
     <span class='ocr_line' id='line_1_50' title="bbox 142 4689 1825 4772; baseline -0.004 -19"><span class='ocrx_word' id='word_1_656' title='bbox 142 4696 253 4768; x_wconf 78' lang='lat' dir='ltr'>ludices</span> <span class='ocrx_word' id='word_1_657' title='bbox 280 4697 385 4756; x_wconf 87' lang='lat' dir='ltr'>seculi.</span> <span class='ocrx_word' id='word_1_658' title='bbox 405 4700 439 4756; x_wconf 85' lang='lat' dir='ltr'>tlt</span> <span class='ocrx_word' id='word_1_659' title='bbox 465 4703 496 4756; x_wconf 90' lang='lat' dir='ltr'>ut</span> <span class='ocrx_word' id='word_1_660' title='bbox 514 4700 593 4757; x_wconf 83' lang='lat' dir='ltr'>robis</span> <span class='ocrx_word' id='word_1_661' title='bbox 618 4699 692 4772; x_wconf 91' lang='lat' dir='ltr'>quod</span> <span class='ocrx_word' id='word_1_662' title='bbox 720 4700 842 4771; x_wconf 84' lang='lat' dir='ltr'>predico</span> <span class='ocrx_word' id='word_1_663' title='bbox 870 4701 969 4759; x_wconf 89' lang='lat' dir='ltr'>melius</span> <span class='ocrx_word' id='word_1_664' title='bbox 1044 4697 1092 4753; x_wconf 89' lang='lat' dir='ltr'>llis</span> <span class='ocrx_word' id='word_1_665' title='bbox 1105 4697 1199 4768; x_wconf 90' lang='lat' dir='ltr'>itaque</span> <span class='ocrx_word' id='word_1_666' title='bbox 1218 4695 1347 4768; x_wconf 88' lang='lat' dir='ltr'>peractis,</span> <span class='ocrx_word' id='word_1_667' title='bbox 1367 4707 1478 4767; x_wconf 89' lang='lat' dir='ltr'>gressus</span> <span class='ocrx_word' id='word_1_668' title='bbox 1500 4693 1574 4752; x_wconf 89' lang='lat' dir='ltr'>unde</span> <span class='ocrx_word' id='word_1_669' title='bbox 1596 4692 1698 4750; x_wconf 90' lang='lat' dir='ltr'>tulerat</span> <span class='ocrx_word' id='word_1_670' title='bbox 1720 4689 1825 4759; x_wconf 87' lang='lat' dir='ltr'>retulit,</span> 
     </span>
     <span class='ocr_line' id='line_1_51' title="bbox 148 4781 1828 4874; baseline -0.004 -31"><span class='ocrx_word' id='word_1_671' title='bbox 148 4787 312 4874; x_wconf 77' lang='lat' dir='ltr'>innotescat,</span> <span class='ocrx_word' id='word_1_672' title='bbox 328 4787 402 4844; x_wconf 88' lang='lat' dir='ltr'>hunc</span> <span class='ocrx_word' id='word_1_673' title='bbox 416 4786 451 4844; x_wconf 90' lang='lat' dir='ltr'>ad</span> <span class='ocrx_word' id='word_1_674' title='bbox 470 4788 549 4857; x_wconf 84' lang='lat' dir='ltr'>eujus</span> <span class='ocrx_word' id='word_1_675' title='bbox 563 4789 677 4860; x_wconf 89' lang='lat' dir='ltr'>vestigia</span> <span class='ocrx_word' id='word_1_676' title='bbox 692 4789 866 4860; x_wconf 89' lang='lat' dir='ltr'>supplicandi</span> <span class='ocrx_word' id='word_1_677' title='bbox 880 4791 968 4862; x_wconf 90' lang='lat' dir='ltr'>gratia</span> <span class='ocrx_word' id='word_1_678' title='bbox 1009 4789 1037 4843; x_wconf 94' lang='lat' dir='ltr'>et</span> <span class='ocrx_word' id='word_1_679' title='bbox 1049 4786 1206 4855; x_wconf 90' lang='lat' dir='ltr'>comitibus,</span> <span class='ocrx_word' id='word_1_680' title='bbox 1226 4800 1288 4856; x_wconf 86' lang='lat' dir='ltr'>que</span> <span class='ocrx_word' id='word_1_681' title='bbox 1307 4788 1440 4857; x_wconf 88' lang='lat' dir='ltr'>gesserat,</span> <span class='ocrx_word' id='word_1_682' title='bbox 1460 4782 1558 4840; x_wconf 88' lang='lat' dir='ltr'>ordine</span> <span class='ocrx_word' id='word_1_683' title='bbox 1576 4781 1721 4841; x_wconf 85' lang='lat' dir='ltr'>intimarit.</span> <span class='ocrx_word' id='word_1_684' title='bbox 1740 4781 1828 4837; x_wconf 90' lang='lat' dir='ltr'>luter-</span> 
     </span>
     <span class='ocr_line' id='line_1_52' title="bbox 146 4870 1827 4950; baseline -0.004 -19"><span class='ocrx_word' id='word_1_685' title='bbox 146 4887 181 4931; x_wconf 83' lang='lat' dir='ltr'>ex</span> <span class='ocrx_word' id='word_1_686' title='bbox 213 4879 272 4930; x_wconf 89' lang='lat' dir='ltr'>toto</span> <span class='ocrx_word' id='word_1_687' title='bbox 302 4875 371 4932; x_wconf 92' lang='lat' dir='ltr'>orbe</span> <span class='ocrx_word' id='word_1_688' title='bbox 407 4877 601 4946; x_wconf 90' lang='lat' dir='ltr'>concurritur,</span> <span class='ocrx_word' id='word_1_689' title='bbox 638 4877 803 4949; x_wconf 85' lang='lat' dir='ltr'>piscatorem</span> <span class='ocrx_word' id='word_1_690' title='bbox 828 4878 968 4950; x_wconf 90' lang='lat' dir='ltr'>quondam</span> <span class='ocrx_word' id='word_1_691' title='bbox 1009 4889 1041 4932; x_wconf 89' lang='lat' dir='ltr'>ea</span> <span class='ocrx_word' id='word_1_692' title='bbox 1055 4874 1120 4932; x_wconf 93' lang='lat' dir='ltr'>dum</span> <span class='ocrx_word' id='word_1_693' title='bbox 1134 4889 1179 4933; x_wconf 89' lang='lat' dir='ltr'>res</span> <span class='ocrx_word' id='word_1_694' title='bbox 1197 4875 1289 4931; x_wconf 90' lang='lat' dir='ltr'>taliter</span> <span class='ocrx_word' id='word_1_695' title='bbox 1303 4878 1440 4946; x_wconf 86' lang='lat' dir='ltr'>ageretur,</span> <span class='ocrx_word' id='word_1_696' title='bbox 1457 4885 1554 4944; x_wconf 89' lang='lat' dir='ltr'>magna</span> <span class='ocrx_word' id='word_1_697' title='bbox 1572 4871 1688 4928; x_wconf 90' lang='lat' dir='ltr'>militum</span> <span class='ocrx_word' id='word_1_698' title='bbox 1707 4870 1827 4940; x_wconf 90' lang='lat' dir='ltr'>stipante</span> 
     </span>
     <span class='ocr_line' id='line_1_53' title="bbox 148 4959 1831 5039; baseline -0.002 -21"><span class='ocrx_word' id='word_1_699' title='bbox 148 4964 228 5020; x_wconf 90' lang='lat' dir='ltr'>hamo</span> <span class='ocrx_word' id='word_1_700' title='bbox 244 4976 383 5034; x_wconf 85' lang='lat' dir='ltr'>partoque</span> <span class='ocrx_word' id='word_1_701' title='bbox 397 4965 450 5021; x_wconf 92' lang='lat' dir='ltr'>reti</span> <span class='ocrx_word' id='word_1_702' title='bbox 469 4970 639 5034; x_wconf 89' lang='lat' dir='ltr'>contentum,</span> <span class='ocrx_word' id='word_1_703' title='bbox 660 4968 813 5039; x_wconf 87' lang='lat' dir='ltr'>principem</span> <span class='ocrx_word' id='word_1_704' title='bbox 832 4967 926 5025; x_wconf 91' lang='lat' dir='ltr'>mundi</span> <span class='ocrx_word' id='word_1_705' title='bbox 941 4973 969 5024; x_wconf 89' lang='lat' dir='ltr'>et</span> <span class='ocrx_word' id='word_1_706' title='bbox 1009 4970 1128 5038; x_wconf 81' lang='lat' dir='ltr'>caterva,</span> <span class='ocrx_word' id='word_1_707' title='bbox 1144 4978 1177 5022; x_wconf 92' lang='lat' dir='ltr'>eo</span> <span class='ocrx_word' id='word_1_708' title='bbox 1193 4963 1268 5036; x_wconf 92' lang='lat' dir='ltr'>quod</span> <span class='ocrx_word' id='word_1_709' title='bbox 1283 4964 1360 5022; x_wconf 91' lang='lat' dir='ltr'>urbis</span> <span class='ocrx_word' id='word_1_710' title='bbox 1374 4961 1565 5036; x_wconf 80' lang='lat' dir='ltr'>prefecturam</span> <span class='ocrx_word' id='word_1_711' title='bbox 1580 4962 1688 5034; x_wconf 87' lang='lat' dir='ltr'>agebat,</span> <span class='ocrx_word' id='word_1_712' title='bbox 1703 4959 1831 5016; x_wconf 88' lang='lat' dir='ltr'>Urbanus</span> 
     </span>
     <span class='ocr_line' id='line_1_54' title="bbox 147 5048 1829 5128; baseline -0.002 -20"><span class='ocrx_word' id='word_1_713' title='bbox 147 5051 211 5108; x_wconf 88' lang='lat' dir='ltr'>coeli</span> <span class='ocrx_word' id='word_1_714' title='bbox 226 5050 392 5124; x_wconf 83' lang='lat' dir='ltr'>clavigerum</span> <span class='ocrx_word' id='word_1_715' title='bbox 405 5052 558 5111; x_wconf 86' lang='lat' dir='ltr'>adornavit.</span> <span class='ocrx_word' id='word_1_716' title='bbox 583 5055 694 5113; x_wconf 82' lang='lat' dir='ltr'>Talibus</span> <span class='ocrx_word' id='word_1_717' title='bbox 716 5056 812 5128; x_wconf 90' lang='lat' dir='ltr'>utique</span> <span class='ocrx_word' id='word_1_718' title='bbox 836 5057 970 5114; x_wconf 89' lang='lat' dir='ltr'>ministris</span> <span class='ocrx_word' id='word_1_719' title='bbox 1009 5055 1140 5123; x_wconf 88' lang='lat' dir='ltr'>advenit;</span> <span class='ocrx_word' id='word_1_720' title='bbox 1156 5052 1330 5112; x_wconf 78' lang='lat' dir='ltr'>festus-enim</span> <span class='ocrx_word' id='word_1_721' title='bbox 1355 5053 1427 5125; x_wconf 89' lang='lat' dir='ltr'>apud</span> <span class='ocrx_word' id='word_1_722' title='bbox 1450 5066 1500 5110; x_wconf 89' lang='lat' dir='ltr'>eos</span> <span class='ocrx_word' id='word_1_723' title='bbox 1518 5051 1579 5108; x_wconf 90' lang='lat' dir='ltr'>dies</span> <span class='ocrx_word' id='word_1_724' title='bbox 1602 5054 1668 5108; x_wconf 92' lang='lat' dir='ltr'>tunc</span> <span class='ocrx_word' id='word_1_725' title='bbox 1686 5048 1829 5121; x_wconf 89' lang='lat' dir='ltr'>agebatur.</span> 
     </span>
     <span class='ocr_line' id='line_1_55' title="bbox 148 5136 1897 5215; baseline -0.001 -19"><span class='ocrx_word' id='word_1_726' title='bbox 148 5141 299 5212; x_wconf 76' lang='lat' dir='ltr'>maiestatis</span> <span class='ocrx_word' id='word_1_727' title='bbox 335 5156 392 5199; x_wconf 83' lang='lat' dir='ltr'>sue</span> <span class='ocrx_word' id='word_1_728' title='bbox 427 5150 534 5200; x_wconf 92' lang='lat' dir='ltr'>secreta</span> <span class='ocrx_word' id='word_1_729' title='bbox 571 5146 699 5213; x_wconf 91' lang='lat' dir='ltr'>aperuit,</span> <span class='ocrx_word' id='word_1_730' title='bbox 727 5149 755 5202; x_wconf 91' lang='lat' dir='ltr'>et</span> <span class='ocrx_word' id='word_1_731' title='bbox 780 5145 891 5203; x_wconf 90' lang='lat' dir='ltr'>eosdem</span> <span class='ocrx_word' id='word_1_732' title='bbox 919 5161 969 5204; x_wconf 90' lang='lat' dir='ltr'>soa</span> <span class='ocrx_word' id='word_1_733' title='bbox 1008 5147 1077 5202; x_wconf 85' lang='lat' dir='ltr'>Dum</span> <span class='ocrx_word' id='word_1_734' title='bbox 1104 5143 1287 5215; x_wconf 82' lang='lat' dir='ltr'>inlipolllnis</span> <span class='ocrx_word' id='word_1_735' title='bbox 1318 5143 1440 5215; x_wconf 91' lang='lat' dir='ltr'>stipitem</span> <span class='ocrx_word' id='word_1_736' title='bbox 1469 5140 1635 5206; x_wconf 88' lang='lat' dir='ltr'>intenderet,</span> <span class='ocrx_word' id='word_1_737' title='bbox 1664 5144 1695 5196; x_wconf 91' lang='lat' dir='ltr'>ut</span> <span class='ocrx_word' id='word_1_738' title='bbox 1726 5137 1764 5206; x_wconf 86' lang='lat' dir='ltr'>ol,</span> <span class='ocrx_word' id='word_1_739' title='bbox 1794 5136 1829 5194; x_wconf 82' lang='lat' dir='ltr'>ad</span> <span class='ocrx_word' id='word_1_740' title='bbox 1894 5177 1897 5184; x_wconf 78' lang='lat'><em>·</em></span> 
     </span>
     <span class='ocr_line' id='line_1_56' title="bbox 148 5227 1831 5307; baseline 0.001 -23"><span class='ocrx_word' id='word_1_741' title='bbox 148 5227 346 5300; x_wconf 74' lang='lat' dir='ltr'>predicatione</span> <span class='ocrx_word' id='word_1_742' title='bbox 365 5231 461 5289; x_wconf 85' lang='lat' dir='ltr'>docuit</span> <span class='ocrx_word' id='word_1_743' title='bbox 479 5232 685 5302; x_wconf 88' lang='lat' dir='ltr'>humanitatem,</span> <span class='ocrx_word' id='word_1_744' title='bbox 711 5235 866 5292; x_wconf 85' lang='lat' dir='ltr'>demonum</span> <span class='ocrx_word' id='word_1_745' title='bbox 885 5249 968 5293; x_wconf 85' lang='lat' dir='ltr'>exor-</span> <span class='ocrx_word' id='word_1_746' title='bbox 1009 5249 1090 5307; x_wconf 92' lang='lat' dir='ltr'>quem</span> <span class='ocrx_word' id='word_1_747' title='bbox 1106 5239 1227 5302; x_wconf 87' lang='lat' dir='ltr'>venerat,</span> <span class='ocrx_word' id='word_1_748' title='bbox 1251 5235 1333 5290; x_wconf 88' lang='lat' dir='ltr'>thura</span> <span class='ocrx_word' id='word_1_749' title='bbox 1358 5231 1531 5300; x_wconf 86' lang='lat' dir='ltr'>incenderet,</span> <span class='ocrx_word' id='word_1_750' title='bbox 1563 5228 1739 5287; x_wconf 87' lang='lat' dir='ltr'>simulacrum</span> <span class='ocrx_word' id='word_1_751' title='bbox 1769 5228 1831 5286; x_wconf 92' lang='lat' dir='ltr'>nul·</span> 
     </span>
     <span class='ocr_line' id='line_1_57' title="bbox 147 5315 1830 5396; baseline 0.002 -23"><span class='ocrx_word' id='word_1_752' title='bbox 147 5317 260 5376; x_wconf 90' lang='lat' dir='ltr'>bitatam</span> <span class='ocrx_word' id='word_1_753' title='bbox 278 5317 430 5388; x_wconf 90' lang='lat' dir='ltr'>illecebris,</span> <span class='ocrx_word' id='word_1_754' title='bbox 445 5321 474 5378; x_wconf 89' lang='lat' dir='ltr'>in</span> <span class='ocrx_word' id='word_1_755' title='bbox 488 5321 627 5380; x_wconf 82' lang='lat' dir='ltr'>creatoris</span> <span class='ocrx_word' id='word_1_756' title='bbox 638 5324 681 5379; x_wconf 90' lang='lat' dir='ltr'>sui</span> <span class='ocrx_word' id='word_1_757' title='bbox 694 5323 810 5396; x_wconf 88' lang='lat' dir='ltr'>gratiam</span> <span class='ocrx_word' id='word_1_758' title='bbox 819 5337 966 5392; x_wconf 61' lang='lat' dir='ltr'>revocare</span> <span class='ocrx_word' id='word_1_759' title='bbox 1008 5325 1065 5382; x_wconf 92' lang='lat' dir='ltr'>lum</span> <span class='ocrx_word' id='word_1_760' title='bbox 1096 5324 1190 5394; x_wconf 76' lang='lat' dir='ltr'>ridet3</span> <span class='ocrx_word' id='word_1_761' title='bbox 1224 5335 1375 5395; x_wconf 88' lang='lat' dir='ltr'>magnaque</span> <span class='ocrx_word' id='word_1_762' title='bbox 1407 5321 1454 5379; x_wconf 89' lang='lat' dir='ltr'>diu</span> <span class='ocrx_word' id='word_1_763' title='bbox 1485 5319 1667 5378; x_wconf 88' lang='lat' dir='ltr'>admiratione</span> <span class='ocrx_word' id='word_1_764' title='bbox 1695 5315 1830 5376; x_wconf 88' lang='lat' dir='ltr'>attonitus</span> 
     </span>
     <span class='ocr_line' id='line_1_58' title="bbox 147 5406 1827 5486; baseline 0.001 -24"><span class='ocrx_word' id='word_1_765' title='bbox 147 5409 185 5474; x_wconf 91' lang='lat' dir='ltr'>et,</span> <span class='ocrx_word' id='word_1_766' title='bbox 214 5413 246 5464; x_wconf 90' lang='lat' dir='ltr'>nt</span> <span class='ocrx_word' id='word_1_767' title='bbox 270 5406 324 5464; x_wconf 89' lang='lat' dir='ltr'>ilde</span> <span class='ocrx_word' id='word_1_768' title='bbox 343 5409 520 5468; x_wconf 78' lang='lat' dir='ltr'>exhiberetur</span> <span class='ocrx_word' id='word_1_769' title='bbox 540 5410 633 5479; x_wconf 89' lang='lat' dir='ltr'>dictis,</span> <span class='ocrx_word' id='word_1_770' title='bbox 656 5411 798 5483; x_wconf 84' lang='lat' dir='ltr'>virtusque</span> <span class='ocrx_word' id='word_1_771' title='bbox 817 5412 968 5470; x_wconf 83' lang='lat' dir='ltr'>divinitatis</span> <span class='ocrx_word' id='word_1_772' title='bbox 1008 5414 1124 5486; x_wconf 91' lang='lat' dir='ltr'>primum</span> <span class='ocrx_word' id='word_1_773' title='bbox 1140 5413 1272 5471; x_wconf 87' lang='lat' dir='ltr'>decenter</span> <span class='ocrx_word' id='word_1_774' title='bbox 1290 5413 1383 5481; x_wconf 85' lang='lat' dir='ltr'>dliam,</span> <span class='ocrx_word' id='word_1_775' title='bbox 1403 5410 1451 5468; x_wconf 92' lang='lat' dir='ltr'>ubi</span> <span class='ocrx_word' id='word_1_776' title='bbox 1473 5413 1576 5477; x_wconf 81' lang='lat' dir='ltr'>essem,</span> <span class='ocrx_word' id='word_1_777' title='bbox 1599 5408 1761 5480; x_wconf 86' lang='lat' dir='ltr'>interrogat.</span> <span class='ocrx_word' id='word_1_778' title='bbox 1785 5406 1827 5464; x_wconf 80' lang='lat' dir='ltr'>hd</span> 
     </span>
     <span class='ocr_line' id='line_1_59' title="bbox 147 5494 1826 5576; baseline 0.002 -26"><span class='ocrx_word' id='word_1_779' title='bbox 147 5494 322 5566; x_wconf 89' lang='lat' dir='ltr'>claresceret,</span> <span class='ocrx_word' id='word_1_780' title='bbox 347 5498 474 5568; x_wconf 91' lang='lat' dir='ltr'>leprosos</span> <span class='ocrx_word' id='word_1_781' title='bbox 495 5499 645 5567; x_wconf 81' lang='lat' dir='ltr'>mundarit,</span> <span class='ocrx_word' id='word_1_782' title='bbox 669 5501 837 5572; x_wconf 77' lang='lat' dir='ltr'>paralyticos</span> <span class='ocrx_word' id='word_1_783' title='bbox 851 5503 966 5572; x_wconf 89' lang='lat' dir='ltr'>curavit,</span> <span class='ocrx_word' id='word_1_784' title='bbox 1007 5517 1089 5576; x_wconf 89' lang='lat' dir='ltr'>qoem</span> <span class='ocrx_word' id='word_1_785' title='bbox 1103 5503 1257 5560; x_wconf 84' lang='lat' dir='ltr'>Citristlna:</span> <span class='ocrx_word' id='word_1_786' title='bbox 1277 5521 1290 5554; x_wconf 83' lang='grc' dir='ltr'>ι</span> <span class='ocrx_word' id='word_1_787' title='bbox 1310 5503 1363 5558; x_wconf 86' lang='lat' dir='ltr'>Pro</span> <span class='ocrx_word' id='word_1_788' title='bbox 1382 5499 1501 5558; x_wconf 90' lang='lat' dir='ltr'>culmine</span> <span class='ocrx_word' id='word_1_789' title='bbox 1520 5497 1635 5556; x_wconf 92' lang='lat' dir='ltr'>honoris</span> <span class='ocrx_word' id='word_1_790' title='bbox 1662 5497 1702 5554; x_wconf 90' lang='lat' dir='ltr'>tui</span> <span class='ocrx_word' id='word_1_791' title='bbox 1732 5495 1826 5568; x_wconf 78' lang='lat' dir='ltr'>uuige</span> 
     </span>
     <span class='ocr_line' id='line_1_60' title="bbox 146 5584 1825 5661; baseline 0.001 -20"><span class='ocrx_word' id='word_1_792' title='bbox 146 5598 237 5642; x_wconf 82' lang='lat' dir='ltr'>cecos</span> <span class='ocrx_word' id='word_1_793' title='bbox 256 5585 428 5655; x_wconf 84' lang='lat' dir='ltr'>illuminarit,</span> <span class='ocrx_word' id='word_1_794' title='bbox 448 5595 572 5647; x_wconf 89' lang='lat' dir='ltr'>mortuos</span> <span class='ocrx_word' id='word_1_795' title='bbox 590 5589 740 5648; x_wconf 83' lang='lat' dir='ltr'>suscitarit.</span> <span class='ocrx_word' id='word_1_796' title='bbox 767 5592 908 5648; x_wconf 86' lang='lat' dir='ltr'>Postremo</span> <span class='ocrx_word' id='word_1_797' title='bbox 932 5605 967 5650; x_wconf 88' lang='lat' dir='ltr'>ne</span> <span class='ocrx_word' id='word_1_798' title='bbox 1006 5592 1093 5652; x_wconf 91' lang='lat' dir='ltr'>nitum</span> <span class='ocrx_word' id='word_1_799' title='bbox 1108 5591 1205 5649; x_wconf 79' lang='lat' dir='ltr'>Filium</span> <span class='ocrx_word' id='word_1_800' title='bbox 1219 5590 1267 5648; x_wconf 88' lang='lat' dir='ltr'>llei</span> <span class='ocrx_word' id='word_1_801' title='bbox 1281 5603 1392 5661; x_wconf 89' lang='lat' dir='ltr'>semper</span> <span class='ocrx_word' id='word_1_802' title='bbox 1417 5587 1502 5656; x_wconf 91' lang='lat' dir='ltr'>colui,</span> <span class='ocrx_word' id='word_1_803' title='bbox 1531 5592 1559 5646; x_wconf 89' lang='lat' dir='ltr'>et</span> <span class='ocrx_word' id='word_1_804' title='bbox 1587 5599 1637 5658; x_wconf 91' lang='lat' dir='ltr'>pro</span> <span class='ocrx_word' id='word_1_805' title='bbox 1669 5584 1825 5645; x_wconf 77' lang='lat' dir='ltr'>suetudine</span> 
     </span>
    </p>
   </div>
   <div class='ocr_carea' id='block_1_3' title="bbox 0 0 2059 6178">
    <p class='ocr_par' dir='ltr' id='par_1_3' title="bbox 0 0 2059 6178">
     <span class='ocr_line' id='line_1_61' title="bbox 0 0 2059 6178; baseline 0 0"><span class='ocrx_word' id='word_1_806' title='bbox 0 0 2059 6178; x_wconf 95' lang='lat' dir='ltr'> </span> 
     </span>
    </p>
   </div>
  </div>
 </body>
</html>
