4160 6196
160 387 191 442 17
476 390 577 447 LIBER
594 389 638 446 DE
657 392 797 448 urricus
815 391 1087 452 ecelesiasrtcls.
1107 425 1144 436 -
1162 395 1336 452 PRAEFATIO
1355 396 1518 456 untionis
1807 405 1839 460 18

158 515 281 570 diversus
305 512 399 581 animi,
426 515 492 585 quid
516 515 626 572 consilii
649 529 775 586 caperem
799 516 1013 584 ductuabamh
1056 523 1096 577 Ex
1110 521 1223 593 antiquo
1239 521 1388 591 pontlbcall
1403 537 1453 580 ms.
1474 521 1653 582 bibliotheca
1672 527 1839 588 cathedralis

157 609 186 660 ut
214 604 286 662 euim
315 605 456 674 sapienter
483 612 578 660 monet
610 604 798 660 Theudoricus
826 618 875 661 rex
903 607 974 675 apud
1018 621 1152 664 annorum
1173 614 1201 666 ut
1224 611 1364 666 minimum
1380 609 1436 664 700
1457 611 1631 681 adiunximus
1644 613 1839 673 allocutionem

156 692 347 749 cassiodorum
370 691 429 762 (lib.
446 694 479 748 lv
510 695 584 760 Ver„
599 693 675 763 epist.
697 691 754 759 31),
771 693 807 748 ud
830 694 907 763 finem
931 695 974 750 de·
1019 696 1207 755 archidiaconi
1230 698 1263 755 ad
1288 700 1319 754 li.
1345 699 1583 770 archiepiscopum
1599 715 1650 771 pro
1665 703 1839 762 absolutione

157 779 197 836 let
214 781 358 851 perducere
380 796 438 853 qcoe
453 781 610 854 prudentium
631 781 739 836 intentio
762 783 821 838 visa
838 787 877 838 est
891 797 979 838 misce-
1020 786 1223 854 poenitentium,
1244 802 1306 857 qua
1330 789 1450 858 incipit:
1467 787 1549 844 Adest
1567 795 1677 862 tempus,
1693 801 1721 848 et
1740 792 1841 864 legitur

156 871 245 941 pisse,·
259 869 373 939 desectus
397 885 508 940 numque
531 875 677 926 rerumcut
701 869 978 942 communicatore,
1020 872 1048 928 in
1064 873 1214 929 cathedrali
1230 875 1347 932 ecclesia
1362 877 1576 948 Rotomagensi;
1595 879 1630 934 iis
1645 885 1779 952 concepta
1799 885 1841 938 est
1904 871 1914 884 “

157 963 202 1014 uui
215 959 283 1014 vires
297 959 384 1028 crqm't
403 959 537 1029 desesiae,
553 959 615 1031 quia
632 961 699 1016 aaut
711 961 855 1032 perfectam
875 959 979 1017 leudem
1018 962 1111 1018 uerbis
1127 975 1189 1032 qua
1218 967 1358 1032 paternam
1383 967 1495 1022 omnino
1524 966 1721 1038 benignitatem
1750 971 1840 1040 pieta·

158 1047 193 1103 nd
211 1047 287 1118 finem
307 1048 439 1119 pmduetc
455 1049 573 1119 pariunt,
596 1047 636 1103 ita
664 1050 879 1120 vituperationem
902 1065 980 1120 qene-
1020 1053 1130 1119 temque
1145 1049 1261 1118 spirant.
1277 1050 1373 1106 Didoni
1391 1052 1425 1107 ab
1440 1067 1472 1108 ea
1487 1068 1549 1124 qua
1563 1055 1680 1112 habetur
1695 1056 1723 1112 ln
1738 1057 1840 1114 Ordine

157 1141 217 1192 rent
244 1151 302 1208 pue
324 1137 351 1191 in
373 1137 465 1192 nadis
488 1136 622 1193 concilim
645 1151 718 1207 epra
741 1138 904 1195 damnatur.
925 1139 978 1196 scd
1020 1138 1154 1205 Romano,
1183 1150 1273 1207 neque
1299 1136 1443 1207 hactenus,
1468 1141 1543 1209 quod
1571 1143 1666 1210 sciam,
1696 1145 1724 1200 iu
1752 1145 1840 1202 iucem

158 1225 281 1295 quamvis
307 1225 398 1281 exitus
423 1225 503 1282 labor
525 1225 571 1282 ille
598 1239 655 1282 non
679 1226 806 1283 habuerit
831 1228 978 1298 expetitos,
1020 1225 1119 1282 emissa
1130 1231 1181 1282 est.

158 1326 213 1370 nou
237 1313 386 1385 despondit
410 1319 500 1370 amen
529 1315 660 1382 animum,
676 1321 705 1370 et
729 1316 803 1386 quod
829 1317 922 1386 priore
936 1319 979 1373 via
1057 1314 1164 1385 Excipit
1178 1315 1249 1371 banc
1262 1314 1356 1370 tabula
1379 1314 1516 1384 paschalis
1539 1332 1601 1387 qua
1624 1335 1705 1378 cereo
1719 1321 1842 1392 paschali

158 1416 267 1471 parum·
286 1416 418 1473 prospere
449 1409 580 1471 cesserat,
614 1403 699 1460 altera
737 1405 849 1476 aggredi
884 1406 978 1462 statui.
1020 1399 1100 1458 affixa
1122 1400 1175 1458 luit
1197 1414 1270 1459 anno
1293 1401 1401 1459 Domini
1428 1401 1506 1458 1678.
1531 1405 1596 1460 Eam
1619 1409 1743 1465 scribere
1768 1409 1841 1466 scri·

157 1492 251 1562 ltaque
263 1491 408 1561 exquisitis
431 1491 614 1563 undequaque
629 1493 769 1549 veteribus
795 1493 830 1548 ad
846 1494 979 1551 hotoma·
1021 1490 1171 1546 bendamve
1186 1504 1283 1546 curare
1306 1489 1341 1546 ad
1366 1489 1491 1547 ecclesia
1515 1491 1681 1550 cathedralis
1702 1496 1840 1552 cancella·

157 1580 249 1651 gensis
272 1580 405 1638 Ecclesia
427 1595 506 1637 usum
530 1581 675 1639 codicibus
701 1583 907 1653 manuscriptis,
932 1584 980 1654 qni
1021 1580 1091 1635 rium
1106 1578 1236 1650 pertinet.
1261 1578 1336 1635 idem
1355 1583 1397 1634 est
1422 1579 1570 1650 quotannis
1589 1579 1618 1635 iu
1641 1595 1673 1637 ca
1688 1587 1769 1640 tenor
1782 1599 1842 1641 ver·
1906 1598 1908 1602 ·

159 1669 319 1741 plerumque
346 1670 440 1727 rerbls
466 1671 581 1727 loannis
608 1671 786 1728 abrincensis
813 1673 852 1728 ita
880 1684 980 1730 conso-
1021 1667 1130 1735 borum,
1146 1672 1342 1737 mutanturque
1358 1667 1547 1724 tantummodo
1568 1673 1643 1725 nota
1660 1669 1841 1728 arithmetica

159 1765 234 1826 nant,
249 1764 281 1815 ut
302 1772 358 1815 non
383 1772 463 1816 orum
487 1772 539 1817 oro
558 1759 675 1816 similius
694 1774 754 1816 csse
769 1760 893 1817 uideatur
909 1783 916 1817 ι
932 1775 980 1819 eo-
1020 1757 1077 1814 sive
1093 1757 1257 1835 numerales.

159 1862 219 1904 rurn
232 1847 354 1906 subsidio
368 1848 460 1904 varios
478 1850 538 1919 eius
561 1848 639 1905 locos
653 1849 795 1916 illustrari,
812 1856 840 1906 et
853 1845 1011 1920 quadamB
1058 1846 1155 1903 Varios
1168 1847 1283 1917 insuper
1306 1846 1527 1917 deprompsimus
1545 1847 1616 1905 ritus
1631 1861 1665 1904 ex
1683 1847 1775 1904 rituali
1790 1862 1842 1906 ms.

160 1949 223 2006 quae
247 1937 275 1992 in
298 1936 373 1993 edito
396 1937 510 1994 deemnt
534 1938 616 2006 libro,
646 1938 675 1994 iu
704 1939 827 2010 margine
855 1940 979 2010 suppleri
1022 1935 1148 1992 ccclesia
1162 1935 1329 1992 cathedralis
1348 1934 1541 2004 ducentorum,
1553 1935 1620 2006 'plus
1642 1937 1741 2006 minus,
1758 1950 1845 1995 auno·

159 2039 250 2095 posse,
266 2026 348 2082 rerba
373 2025 501 2098 cogitari.
518 2029 613 2097 Neque
627 2025 724 2084 lelellit
747 2029 854 2098 opinio.
881 2031 980 2085 Sacra·
1022 2039 1093 2092 rum,
1109 2025 1156 2095 qui
1181 2025 1245 2095 quia
1267 2026 1322 2094 iant
1349 2024 1468 2082 obsoleti
1492 2030 1598 2081 suntet
1621 2025 1755 2093 inusitati,
1779 2027 1844 2084 ideo

157 2127 217 2169 rum
241 2113 313 2170 euim
341 2116 456 2172 vestium
481 2115 682 2186 expositionem
708 2131 770 2187 qua
794 2117 822 2172 in
844 2117 898 2174 line
913 2119 981 2175 editi
1022 2127 1071 2170 cos
1084 2128 1099 2169 a
1114 2114 1316 2184 superioribus,
1332 2114 1367 2170 dc
1382 2114 1483 2184 quibus
1497 2114 1584 2171 locuti
1598 2129 1702 2183 sumus,
1723 2116 1845 2186 seiunxi-

158 2201 222 2257 libri
247 2203 371 2259 exstabat
387 2204 493 2271 mutila,
513 2204 649 2276 integram
673 2205 827 2275 reperimus
847 2207 876 2261 in
892 2221 981 2277 expo·
1021 2217 1091 2260 mus.

157 2291 266 2348 sitionis
294 2292 451 2350 divinorum
474 2291 629 2349 officiorum
653 2293 750 2350 codice
774 2309 825 2351 ms.
847 2308 981 2353 annorum
1059 2294 1115 2348 llos
1142 2291 1216 2348 iuter
1244 2292 1366 2347 eminent
1393 2290 1512 2348 cilicium
1546 2290 1691 2362 inlautum,
1722 2292 1844 2351 officium

156 2379 220 2447 500,
236 2395 317 2451 quem
346 2381 464 2453 benigue
488 2395 538 2452 pro
562 2396 613 2439 sno
637 2395 714 2439 more
738 2384 876 2440 concessit
891 2387 922 2440 V.
943 2385 979 2441 cl.
1022 2380 1122 2448 stella,
1137 2383 1166 2436 et
1180 2378 1300 2436 olilcium
1320 2378 1450 2450 sepulcri,
1475 2394 1593 2450 quorum
1617 2383 1742 2439 meminit
1763 2385 1846 2439 ioan-

157 2468 299 2524 Emericus
328 2469 460 2540 bigotius.
475 2469 579 2539 'Neque
604 2469 648 2526 blc
662 2470 740 2526 stetit
753 2471 804 2527 viri
819 2485 874 2528 uon
891 2475 981 2530 minus
1022 2482 1081 2538 nes,
1098 2473 1126 2525 et
1140 2482 1256 2539 quorum
1282 2468 1378 2524 damus
1392 2468 1472 2536 ritus,
1488 2469 1571 2524 rerba
1590 2475 1765 2540 cantumque,
1782 2485 1845 2541 qua

157 2554 337 2612 humanitatis
374 2557 439 2612 dote
475 2570 556 2626 quam
594 2558 758 2615 eruditionis
793 2567 821 2616 et
848 2561 981 2619 natalium
1022 2560 1113 2616 omnia
1126 2559 1293 2629 sumpsimus
1302 2572 1335 2614 ex
1346 2557 1455 2614 duobus
1464 2571 1528 2613 mss.
1537 2558 1682 2616 codicibus
1695 2559 1846 2618 bibliothe-

157 2643 309 2714 splendore
334 2644 478 2714 conspicui
502 2645 531 2699 in
560 2659 602 2702 me
621 2647 814 2704 benevolentia
830 2669 836 2704 ι
853 2663 916 2705 nant
940 2653 983 2707 in·
1023 2663 1063 2704 ca
1077 2648 1227 2719 bigotiana
1241 2660 1376 2704 annorum
1391 2646 1503 2703 circiter
1520 2645 1583 2714 200,
1599 2646 1634 2703 ad
1658 2661 1737 2704 usum
1752 2648 1845 2705 eccle·
1890 2656 1893 2662 ·

156 2731 350 2788 structissimae
374 2731 552 2789 bibliotheca
575 2747 633 2790 sua
657 2735 764 2804 copiam
787 2734 869 2815 iecit,
892 2751 983 2806 neque
1023 2737 1072 2791 sia
1086 2736 1305 2806 rhotomagensis.
1321 2735 1386 2791 llac
1409 2734 1498 2792 cilicia
1513 2735 1639 2806 pluribus
1652 2737 1681 2792 iu
1696 2738 1846 2806 provinciis

160 2819 265 2891 aliquid
280 2819 377 2875 habuit
400 2820 575 2876 reconditum
598 2820 633 2877 ad
658 2835 717 2877 catu
746 2836 803 2878 rem
827 2825 981 2894 pertinens,
1024 2837 1076 2879 usu
1100 2827 1211 2892 recepta
1235 2829 1323 2888 erant,
1348 2822 1382 2879 de
1405 2823 1450 2878 his
1478 2825 1550 2879 enim
1574 2825 1700 2881 scribunt
1726 2827 1846 2882 ioannes

161 2922 217 2979 quo
235 2921 279 2964 me
302 2921 357 2966 non
382 2908 422 2964 uti
442 2913 571 2978 tauquam
586 2923 616 2965 re
631 2923 691 2965 mea
706 2909 833 2968 voluerit.
851 2913 982 2970 Praestitit
1023 2910 1162 2977 Bclethus,
1187 2910 1346 2966 Guillelmus
1370 2910 1515 2968 [iurandus
1537 2917 1566 2967 et
1587 2911 1633 2967 alii
1649 2925 1742 2970 rerum
1755 2929 1847 2971 sacra-

161 3004 295 3070 praterca
323 2999 450 3054 ritualem
478 2999 609 3056 Ecclesia
642 3001 854 3072 Rotomagensis
881 3004 982 3062 librum
1023 3014 1083 3056 rum
1097 3003 1293 3056 tractatores·

160 3103 213 3144 ms.
228 3101 362 3145 annorum
386 3088 499 3145 circiter
513 3088 706 3158 ducentorum,
723 3105 757 3147 ex
772 3105 827 3162 quo
842 3107 980 3151 sacrarum
1058 3088 1248 3160 Suppeditant
1271 3087 1352 3142 nobis
1374 3091 1453 3143 nctus
1480 3089 1640 3146 Pontidcale
1668 3087 1845 3150 bibliotheca

161 3184 226 3234 octo
251 3177 457 3248 processionum
481 3177 552 3232 ritus
580 3179 723 3248 exscripsi,
753 3194 846 3237 earum
874 3165 1258 3239 scilicethathedmltstou
1280 3190 1414 3233 annorum
1438 3177 1641 3235 ordinationem
1665 3181 1788 3253 episcopi
1816 3182 1843 3238 in

159 3281 222 3338 qua
245 3265 313 3322 bunt
339 3267 384 3323 die
408 3265 549 3323 Dominica
566 3267 716 3324 eumarum
737 3269 772 3325 ad
786 3271 914 3328 Sanctum
929 3271 984 3329 Gil-
1023 3268 1165 3339 provincia
1192 3266 1363 3333 Neustriaca,
1392 3279 1446 3320 uua
1472 3280 1533 3321 cum
1559 3270 1732 3327 caremoniis
1758 3271 1847 3339 preci-

160 3355 285 3424 dardum,
302 3356 330 3412 in
354 3370 409 3426 qua
432 3355 556 3412 delertur
579 3371 681 3427 corpus
704 3359 853 3416 christiin
878 3360 981 3419 ieretro
1023 3356 1129 3426 busque
1144 3367 1304 3424 supereum
1329 3354 1356 3408 in
1381 3353 1440 3425 eius
1460 3356 1668 3412 consecratione
1684 3357 1844 3425 recitandis,

159 3445 343 3513 reconditum,
359 3445 404 3500 die
426 3450 522 3501 sancto
550 3445 642 3501 Narco
661 3461 751 3513 sacra,
777 3448 865 3505 tribus
893 3450 983 3522 lioga-
1022 3445 1200 3514 meminitque
1225 3441 1355 3499 Ecclesiae
1381 3444 1591 3514 hotomagensis
1619 3445 1684 3500 dum
1708 3459 1724 3500 a
1747 3459 1845 3502 conse-

160 3535 276 3602 tionum,
297 3541 325 3589 ct
347 3533 524 3590 ascendentis
542 3534 570 3589 in
586 3535 685 3592 coelum
709 3536 822 3605 Christi,
837 3542 867 3595 ut
890 3541 982 3609 capti·
1022 3535 1126 3592 orando
1140 3533 1212 3589 hanc
1227 3531 1427 3602 professionem
1447 3533 1554 3601 exigit:
1577 3534 1620 3586 Vis
1640 3538 1738 3588 saneta
1753 3533 1844 3588 Eccle-

159 3636 219 3678 ram
233 3623 348 3678 duceret
371 3621 568 3691 captiuitatem,
584 3624 628 3679 cui
652 3638 750 3680 recens
773 3625 917 3682 absolutus
935 3627 981 3682 in·
1020 3623 1068 3677 tice
1082 3619 1275 3688 Notomcqertei,
1290 3625 1345 3672 ete.

159 3715 247 3766 teresi
258 3725 338 3778 reus;
355 3711 398 3766 die
413 3710 530 3767 solemni
546 3711 673 3781 corporis
686 3712 798 3776 Christi,
816 3720 844 3769 et
859 3715 886 3768 in
901 3713 981 3769 lesti-
1057 3713 1088 3764 ln
1103 3709 1185 3776 huius
1200 3703 1368 3761 rontiucatis
1382 3703 1436 3758 due
1452 3714 1546 3760 eorum
1562 3703 1674 3760 nomina
1699 3707 1844 3761 contineu-

159 3799 246 3854 ritate
267 3799 295 3853 S.
313 3799 444 3870 hudoeui,
468 3813 522 3870 qua
550 3799 715 3855 cathedralis
743 3800 868 3857 ecclesiae
892 3802 983 3858 clerns
1022 3803 1077 3866 tur,
1094 3809 1165 3867 quos
1183 3800 1231 3850 aut
1254 3792 1344 3859 citari,
1370 3792 1517 3849 autetiam
1541 3793 1738 3850 communicari
1763 3809 1847 3865 opor·

158 3887 195 3943 ad
221 3885 344 3957 ejusdem
370 3889 457 3956 sancti
485 3888 626 3944 basilicam
650 3889 836 3960 progreditur.
863 3891 891 3947 Si
919 3907 981 3963 qua
1022 3887 1107 3953 tebet,
1124 3899 1194 3956 quos
1208 3884 1281 3940 inter
1295 3887 1475 3970 recensentur
1496 3883 1623 3939 monachi
1647 3883 1843 3954 proprietarii;

158 3983 250 4033 autem
279 3983 426 4033 occurrant
452 3978 534 4034 varia
562 3977 806 4049 discrepantesque
835 3979 980 4051 lectiones,
1022 3991 1084 4047 qua
1099 3973 1202 4031 referre
1217 3976 1294 4029 extra
1308 3985 1437 4027 ramesse
1452 3983 1508 4026 {1011
1523 3970 1700 4028 credidimus.

160 4079 205 4122 eas
233 4067 262 4122 in
287 4067 421 4138 margine,
438 4081 471 4123 ex
494 4067 661 4124 cathedralis
684 4067 810 4125 ecclesia
838 4071 980 4129 ordinario
1057 4059 1247 4134 episcopatem
1262 4059 1478 4116 ³⁶¹¹¹⁰¹¹ffl⁰¹¹⁹¹¹¹
1501 4059 1535 4116 Μ
1560 4060 1729 4118 ⁰¹di¹¹³¹¹d⁰⁵
1743 4061 1844 4118 hibin·

160 4169 210 4211 ms.
225 4156 254 4211 iu
270 4157 331 4226 eius
345 4156 467 4213 sacrario
485 4163 604 4223 serrato,
621 4161 730 4213 notatas
744 4157 833 4215 lector
847 4160 978 4218 inveniet.
1021 4167 1082 4211 mus
1105 4168 1139 4209 ex
1161 4148 1315 4207 Pontidcali
1337 4163 1387 4205 ms.
1412 4147 1590 4205 bibliotheca
1613 4149 1780 4206 cathedralis
1794 4164 1842 4207 au·

194 4247 232 4300 Ex
246 4245 345 4301 eodem
372 4247 476 4316 pariter
496 4245 588 4301 varios
608 4245 733 4316 excerpsi
757 4247 837 4314 ritus,
857 4250 904 4318 qui
924 4251 980 4319 iam
1021 4255 1119 4298 uorum
1133 4239 1196 4306 300,
1213 4239 1241 4295 in
1265 4253 1320 4308 quo
1342 4236 1427 4293 multa
1451 4237 1643 4294 obseruatione
1661 4237 1744 4310 digna
1765 4254 1844 4311 repe·

157 4332 186 4388 in
201 4334 414 4406 metropolitana
429 4334 546 4392 ecclesia
566 4335 762 4405 nonnullisque
785 4338 981 4407 paroecialibus
1021 4331 1139 4386 liuntur·
1155 4330 1215 4384 Ptae
1232 4326 1341 4383 caelssiis
1363 4325 1438 4396 quod
1459 4325 1494 4381 ³1¹
1513 4325 1728 4384 iulidlii‘lssalus
1745 4328 1843 4384 18211·
1900 4389 1905 4406 ,

156 4430 301 4478 sectamur
332 4423 467 4492 ecclesiis,
499 4437 616 4493 qnorum
648 4430 739 4480 tamen
773 4438 828 4481 non
856 4427 979 4485 meminit
1020 4435 1081 4487 uoS,
1103 4418 1138 4474 ad
1163 4417 1324 4474 diaconatus
1338 4413 1383 4483 20,
1398 4414 1433 4470 ad
1447 4415 1595 4471 sacordotii
1619 4415 1745 4472 ordinem
1763 4415 1798 4470 24
1813 4421 1841 4470 ct

157 4517 256 4567 auctor
270 4517 374 4568 noster.
398 4513 438 4568 Ad
461 4512 512 4569 hos
535 4510 683 4584 coningere
698 4513 794 4570 licebit
806 4515 841 4570 iis
854 4516 903 4585 qui
917 4530 977 4573 ma·
988 4485 1055 4566 1³25
1068 4507 1201 4580 reimm-

155 4605 229 4654 trem
253 4600 397 4656 ecclesiam
420 4613 562 4657 sacrorum
584 4601 685 4657 rituum
711 4602 808 4659 ducem
832 4606 911 4674 sequi
935 4619 982 4662 vo
1057 4602 1172 4668 lusuper
1194 4610 1229 4652 ex
1251 4595 1350 4651 eodem
1372 4593 1469 4650 damus
1488 4593 1710 4650 benedictionem
1734 4590 1841 4648 abbatis

156 4687 271 4754 luerint,
296 4702 460 4760 omnemque
488 4703 522 4746 ex
545 4692 605 4760 ejus
628 4691 765 4761 exemplo,
790 4697 821 4749 ut
848 4707 899 4764 par
927 4701 979 4763 est,
1021 4703 1082 4747 curu
1098 4685 1226 4743 omuibus
1249 4683 1379 4754 precibus
1401 4695 1485 4752 super
1508 4681 1634 4737 abbatem
1656 4678 1839 4738 ordinandum

155 4776 316 4844 exsorbere,
332 4778 356 4834 si
384 4793 446 4848 qua
473 4779 613 4847 inciderit,
638 4779 837 4848 diidcultatem,
865 4782 981 4839 servatis
1020 4775 1179 4840 iuudendis,
1204 4772 1233 4828 in
1256 4785 1310 4842 qua
1334 4771 1437 4828 mentio
1462 4770 1491 4825 dt
1514 4767 1679 4825 obedientia
1702 4768 1842 4841 episcopis

156 4871 249 4921 tamen
264 4867 383 4936 primum
396 4867 570 4924 caremouiis
581 4869 609 4924 in
625 4867 716 4924 rituali
727 4871 907 4942 praescriptis.
1021 4864 1195 4931 exbibenda,
1211 4875 1347 4933 quamque
1363 4861 1390 4915 in
1414 4862 1564 4927 conspectu
1583 4855 1709 4913 ecclesia
1723 4858 1843 4929 pollice-

193 4954 234 5008 Ex
261 4955 360 5011 eodem
395 4961 424 5012 et
452 4957 592 5012 ordinario
630 4970 680 5012 ms.
719 4957 863 5029 Bigotiano
891 4959 979 5016 sancti
1021 4957 1121 5013 bantur
1142 4952 1266 5010 abbates.
1282 4949 1337 5006 Sub
1363 4950 1422 5019 ejus
1445 4947 1526 5001 linem
1549 4942 1762 5019 habeturbujus
1777 4963 1842 5019 pro·

154 5041 315 5099 chrismatis
338 5050 366 5099 et
389 5044 477 5101 sancti
499 5044 554 5101 olei
583 5045 741 5117 desumptas
769 5047 980 5106 benedictiones
1020 5043 1148 5102 sessionis
1162 5039 1328 5097 obedientia
1350 5035 1477 5099 formula,
1503 5047 1565 5103 qua
1588 5032 1658 5092 sorte
1683 5037 1778 5093 eadem
1798 5044 1841 5092 est

152 5131 329 5188 exhibemus.
1020 5149 1101 5207 quant
1125 5133 1204 5201 Hugo
1230 5123 1430 5189 ambianensis,
1459 5123 1685 5194 archiepiscopus
1712 5125 1841 5180 liotorna·

189 5220 306 5277 Necnon
326 5235 360 5278 ex
383 5222 480 5279 eodem
505 5223 647 5294 bigotiano
671 5226 767 5282 codice
796 5225 921 5282 ordinem
949 5227 978 5283 in
1019 5222 1122 5296 gensis,
1139 5219 1248 5289 exigere
1272 5214 1388 5278 solebat,
1418 5213 1490 5267 sicut
1513 5213 1547 5268 ab
1571 5211 1732 5269 innocentio
1761 5213 1785 5267 ll
1810 5212 1839 5268 in

149 5308 261 5365 lotione
277 5308 378 5379 pedum
395 5317 452 5367 tum
467 5326 628 5382 pauperum,
645 5320 701 5369 tum
717 5313 898 5382 clericorum
915 5315 979 5373 oii—
1019 5310 1138 5369 concilio
1152 5305 1280 5364 nemersi
1294 5300 1450 5358 mandatum
1464 5300 1563 5358 iuerat.

149 5397 228 5452 ciurn
245 5396 336 5454 missa
351 5399 444 5468 sicca,
460 5406 490 5457 ut
511 5406 620 5467 vocant,
634 5402 662 5456 iu
683 5401 729 5457 die
750 5403 913 5460 parasceves
936 5421 980 5462 ce
1055 5401 1167 5456 Necnon
1183 5410 1216 5452 ex
1231 5393 1327 5449 codem
1343 5390 1546 5448 ordinationem
1569 5387 1677 5445 abbatis
1690 5389 1839 5446 canonico-

148 5485 259 5542 lebrari
286 5487 416 5556 solitum;
449 5494 478 5544 et
512 5489 657 5559 ejectionis
689 5494 717 5543 et
744 5491 979 5552 reconciliationis
1019 5504 1080 5548 rum
1095 5493 1123 5544 et
1136 5482 1282 5542 abbatissa
1296 5479 1542 5537 sanctimonialium
1558 5477 1769 5545 desumpsimus.

149 5574 350 5644 poeuitentium
374 5578 467 5645 ritum,
483 5591 565 5647 quem
588 5582 745 5645 utrumque,
762 5577 826 5646 qula
850 5579 884 5635 ad
904 5596 977 5639 eam·
1054 5572 1230 5646 Excipienda
1245 5569 1348 5640 batilei
1373 5570 1438 5625 Visae
1462 5571 1527 5625 ⁸⁰⁰2
1544 5573 1602 5621 tres
1615 5565 1736 5637 inlidi&
1750 5567 1838 5624 bene·

148 5663 220 5719 dem
235 5675 294 5718 reru
308 5665 440 5734 pertinet,
455 5666 536 5722 simul
551 5669 789 5736 repraesentamus.
1019 5668 1156 5728 dictiones
1170 5658 1341 5732 pontidcales
1360 5673 1394 5716 ex
1406 5653 1592 5737 uetustissimo
1615 5653 1765 5724 pontidcall
1785 5669 1836 5713 ms.
