4016 6160
230 214 284 273 633
934 193 1077 256 umnam
1095 193 1211 276 sceau
1250 223 1256 234 .
1471 233 1473 243 .
1866 191 1915 248 aaa

228 341 275 398 bat
291 359 298 394 ι
315 334 511 394 «Benedictus
531 334 610 403 pater
623 327 727 388 domiui
750 324 838 386 nostri
856 325 919 380 lesu
938 316 1224 387 curisti,Arnartiris,
1254 321 1282 376 et
1309 320 1444 374 venerunt
1471 317 1501 373 iu
1525 315 1569 372 via
1587 316 1729 374 Tiburtina
1748 317 1777 374 ia
1793 310 1917 388 predicti

229 429 277 502 qui
303 427 385 486 nobis
407 423 518 483 donasti
542 417 769 483 misericordiam,
791 427 872 485 quam
891 412 983 470 merltl
998 423 1055 468 nou
1096 415 1229 466 matronae
1253 407 1343 465 viduae
1358 407 1483 471 Giriaeae,
1498 407 1527 464 in
1541 421 1608 479 agre
1625 409 1752 478 lemno,
1780 408 1817 465 ad
1840 421 1916 480 quam

230 534 334 586 sumus,
365 515 414 574 sed
443 521 484 580 tu,
505 511 630 579 Domine,
658 512 772 580 propter
786 510 860 564 tuam
875 504 1005 575 pietatem
1021 501 1056 556 da
1097 499 1156 568 ipse
1181 499 1279 556 beatus
1306 499 1403 556 martlr
1431 498 1520 556 luerat
1538 503 1633 566 noctu,
1662 497 1706 554 cul
1735 501 1764 554 et
1791 496 1916 558 liutolnn
2000 517 2001 590 j

231 609 313 667 uobis
327 607 452 680 gratiam,
468 609 499 662 ut
513 603 682 674 cognoscant
700 609 796 656 omnes
817 595 921 652 circum
940 593 1057 650 circum·
1097 588 1184 658 dedit,
1204 589 1278 646 unde
1307 589 1392 660 pedes
1406 595 1564 646 sanctorum
1589 589 1714 645 extersit.
1741 589 1776 644 Bt
1800 587 1840 646 ibi
1865 589 1916 659 jan

232 703 363 764 astantes,
393 695 458 766 qula
482 699 512 750 tn
539 688 694 750 consolaris
717 700 812 744 servos
834 693 908 744 tuos.
934 703 947 734 a
981 683 1056 738 Tunc
1097 679 1165 737 bora
1190 680 1346 750 vespertina
1369 678 1534 750 sepilierunt
1556 693 1617 736 eum
1633 679 1660 733 t.
1684 679 1725 738 ld.
1740 680 1869 750 August..
1893 683 1917 734 et

232 801 304 845 unus
323 787 357 844 de
375 783 518 849 militibus,
539 779 651 838 nominc
666 779 816 843 Romanus,
832 772 952 832 credidit
971 771 1057 828 daml-
1095 772 1288 841 jejunaverunt
1300 775 1414 841 agentes
1431 769 1538 842 vigilias
1559 770 1650 826 noctis
1663 767 1757 824 triduo
1772 783 1836 826 cum
1854 768 1918 825 mul·

231 891 268 936 no
298 882 392 934 nostro
420 875 484 930 lesu
506 870 626 936 Christo,
653 875 681 926 et
703 867 774 924 dixit
788 867 869 922 beato
884 862 1055 920 Laurentio:
1099 860 1217 917 titudine
1253 861 1477 918 christianorum.
1519 861 1619 916 Beatus
1662 861 1752 916 autem
1797 857 1919 918 tustinus

127 945 132 956 ’
234 967 356 1025 «Video
376 967 439 1021 ante
460 960 489 994 ¹⁹⁷
512 965 538 1016 te
562 958 700 1018 bominem
722 955 916 1026 pulcerrimum
939 957 1057 1010 stantem
1098 952 1237 1024 prespiter
1259 951 1361 1009 obtulit
1388 951 1552 1008 saerillclum
1579 943 1679 1015 laudis,
1708 953 1736 1006 et
1764 949 1918 1020 participati
2000 991 2001 996 ,

231 1071 292 1116 eum
312 1048 417 1112 lintbe'o
442 1055 469 1108 et
488 1053 677 1121 extergentem
691 1047 884 1104 membratua.
904 1043 1008 1113 tdjnro
1030 1047 1057 1097 te
1098 1047 1163 1099 sunt
1184 1053 1280 1100 omnes
1303 1057 1337 1100 ex
1351 1056 1395 1100 eo.
1411 1041 1514 1099 Eodem
1530 1041 1577 1098 die
1592 1042 1688 1098 Romae
1705 1039 1823 1097 militum
1847 1051 1919 1096 sexa·

231 1161 280 1219 per
294 1144 443 1207 Christum,
465 1139 514 1210 qui
538 1144 565 1196 te
589 1137 679 1197 missit
698 1136 825 1207 angelum
846 1148 936 1202 suum,
957 1147 992 1188 ne
1014 1143 1057 1187 nte
1098 1133 1174 1204 ginta
1198 1133 1320 1205 quinque
1348 1137 1415 1188 tune
1438 1131 1511 1202 passi
1535 1134 1609 1200 sunt,
1633 1127 1773 1198 Claudius,
1793 1129 1917 1194 sexenas,
1999 1135 2000 1138 ’

230 1233 418 1304 derelinquas.
431 1249 445 1284 n
461 1231 578 1288 Levatus
594 1241 660 1299 ergo
680 1227 778 1282 beatus
801 1225 895 1282 martir
909 1229 937 1280 et
951 1221 1058 1279 solutus
1098 1222 1274 1280 crescentios
1297 1225 1325 1278 et
1346 1223 1497 1286 Romanus,
1521 1221 1584 1290 lpso
1607 1219 1652 1276 dla
1677 1231 1732 1290 qao
1756 1219 1859 1276 beatus
1880 1216 1918 1286 ¹⁸³,

231 1325 265 1382 de
295 1325 409 1389 catasta,
439 1319 565 1378 redditus
592 1321 635 1373 εει
657 1315 780 1386 lllpollto
809 1321 867 1371 tum
890 1315 918 1370 in
942 1311 1056 1384 palatio.
1099 1317 1162 1384 post
1176 1312 1288 1368 tertium
1303 1311 1377 1368 dlem
1391 1311 1480 1368 saneti
1494 1308 1572 1366 sixti.
1597 1337 1635 1352 ..
1656 1309 1743 1366 Rome
1763 1307 1831 1365 lalus
1852 1310 1918 1380 Aug.

230 1413 349 1472 Veniens
377 1415 468 1468 autem
492 1411 632 1466 Romanus
658 1403 776 1462 oliereas
804 1417 913 1476 aquam,
930 1403 1005 1459 mlsit
1027 1415 1057 1457 se
1098 1399 1198 1456 natalis
1219 1401 1308 1456 sancti
1330 1400 1423 1470 ipoliti
1447 1399 1568 1456 martiris
1582 1398 1633 1455 sub
1652 1395 1735 1456 Baelo
1755 1397 1919 1468 imperatore

230 1505 264 1562 ad
290 1503 375 1575 pedes
396 1500 470 1558 beati
488 1496 628 1556 Laurentii
649 1501 680 1552 ut
693 1495 888 1552 babtizaretur.
908 1493 959 1562 Qui
973 1493 1057 1550 bene·
1099 1495 1127 1545 et
1142 1490 1287 1547 valerlano
1311 1489 1447 1560 prefecto.
1472 1491 1551 1546 llnnc
1571 1489 1681 1546 beatum
1702 1487 1833 1559 lpolltnm
1847 1489 1919 1544 vica·

232 1595 306 1652 dicta
334 1605 405 1662 aqua
433 1587 581 1646 babtizavit
609 1599 682 1642 eum.
709 1583 787 1653 Quod
808 1583 910 1640 iactum
941 1583 1056 1640 audieus
1100 1581 1171 1636 rium
1195 1585 1306 1638 sanctus
1329 1579 1502 1648 Laurentius,
1527 1591 1588 1635 cum
1617 1578 1690 1650 apud
1715 1591 1778 1635 eum
1803 1583 1877 1635 essct
1893 1579 1918 1634 iu
1997 1593 1998 1597 ¹

232 1683 340 1749 Decius,
363 1680 446 1750 jussit
464 1693 526 1736 eum
541 1676 595 1734 sibi
610 1677 734 1733 exbiberi
759 1689 821 1731 cum
845 1673 973 1732 lustibus.
993 1675 1054 1730 Non
1064 1655 1090 1718 Β
1100 1669 1236 1740 custodia,
1252 1669 1408 1726 babtizavit.
1423 1670 1474 1737 Qui
1487 1668 1523 1726 de
1538 1669 1641 1726 seuctls
1655 1667 1784 1739 emaquts
1803 1667 1919 1724 martiris

233 1773 419 1842 interrogatus
446 1768 565 1826 clamare
588 1767 685 1836 cepit:
712 1783 727 1816 n
755 1763 926 1820 christianus
954 1777 1024 1832 sum,
1041 1781 1056 1815 u
1099 1765 1163 1830 post
1187 1758 1221 1814 ad
1245 1758 1356 1816 domum
1381 1771 1458 1815 suam
1482 1758 1603 1827 rediens,
1619 1755 1697 1815 dedit
1720 1767 1819 1828 pacem
1841 1759 1918 1813 etiam

233 1867 260 1920 et
273 1862 389 1931 jubente
403 1859 487 1917 Decio
506 1858 623 1915 eductus
641 1855 716 1912 loras
731 1867 826 1910 muros
841 1859 928 1925 portae
943 1853 1056 1910 Salariae
1099 1849 1228 1906 omnibus
1247 1850 1334 1906 servis
1352 1845 1410 1907 suls
1429 1853 1457 1906 ot
1470 1848 1588 1916 aucillis,
1608 1852 1636 1905 et
1655 1847 1871 1906 communicavit
1887 1845 1917 1902 de
1996 1879 1999 1911 ,

232 1951 386 2010 decollatus
410 1953 453 2008 est
479 1947 506 2002 5.
531 1947 572 2003 ld.
596 1949 710 2018 August.
735 1947 819 2015 Culus
843 1959 944 2016 corpus
973 1950 1057 2001 noctu
1100 1939 1236 1998 saerliioio
1251 1939 1346 1996 altaris
1360 1940 1434 1996 hecti
1455 1939 1595 1997 Laurentii
1617 1939 1749 1996 martiris.
1765 1939 1798 1995 Bt
1818 1937 1917 2010 possita
1995 1964 1999 2030 ε

233 2041 345 2112 collegit
367 2040 490 2096 lustinus
514 2036 650 2108 prespiter
672 2039 700 2092 et
714 2034 840 2106 sepelivit
862 2035 1008 2106 incripta,
1029 2035 1057 2090 ln
1099 2043 1193 2088 rnensa
1216 2032 1375 2102 priusquam
1400 2031 1490 2087 cibum
1517 2036 1648 2098 sumeret,
1666 2035 1802 2087 venenant
1821 2029 1919 2085 milites
1997 2071 1998 2100 2

232 2145 298 2205 agro
323 2133 440 2188 Verane.
460 2128 560 2186 Becius
583 2131 675 2184 autem
703 2139 781 2183 cesar
800 2127 891 2197 pergit
911 2131 995 2182 noctu
1023 2123 1057 2182 ad
1100 2125 1128 2176 et
1150 2123 1300 2177 tenuerunt
1323 2131 1384 2176 eum
1405 2125 1433 2176 et
1456 2119 1644 2190 perduxerunt
1663 2115 1697 2175 ad
1716 2117 1840 2175 Beatum.
1856 2117 1918 2186 Qua

232 2228 333 2280 termas
349 2223 427 2290 juxta
454 2219 585 2292 palatium
604 2217 726 2285 Salustii,
751 2221 778 2272 at
802 2215 942 2272 exhibitus
962 2219 1004 2272 ast
1032 2214 1058 2270 el
1099 2209 1305 2266 vtdensueetns
1322 2208 1469 2266 subridens
1483 2209 1552 2266 dixit
1567 2207 1593 2266 cl
1613 2231 1619 2267 :
1641 2225 1657 2262 a
1675 2205 1815 2280 Numquid
1839 2211 1867 2264 et
1892 2210 1918 2264 tu

233 2313 332 2368 iterum
361 2313 473 2367 sauctus
500 2307 674 2373 Laurentius,
701 2311 729 2362 et
764 2303 846 2360 allata
874 2309 938 2360 sunt
967 2303 1058 2361 omnia
1099 2313 1194 2372 magus
1219 2299 1323 2357 electus
1343 2313 1382 2366 es,
1410 2299 1458 2372 qui
1481 2311 1582 2371 eorpus
1607 2299 1748 2357 Laurentii
1776 2299 1918 2358 abstulisse
1995 2334 1996 2338 =

233 2414 335 2472 genera
363 2400 575 2460 tormentorum,
604 2393 749 2466 plumbati,
779 2392 879 2460 instes,
910 2392 1057 2458 lamminae,
1101 2390 1224 2447 diceus?
1247 2409 1262 2443 a
1287 2392 1404 2446 Sanctus
1425 2389 1541 2460 lpolitns
1564 2387 1732 2462 respondit:
1753 2387 1844 2446 siloc
1858 2389 1918 2458 leel,

234 2503 351 2561 ungues,
366 2487 472 2556 lectuli,
488 2485 586 2542 batuli.
599 2485 634 2540 Bt
652 2484 722 2540 dixit
734 2483 816 2539 beato
829 2481 954 2540 martiri:
973 2500 987 2535 n
1000 2485 1058 2539 lam
1100 2493 1156 2537 nou
1179 2479 1258 2552 qnasi
1281 2493 1377 2552 magus
1399 2493 1469 2548 sum,
1491 2479 1570 2552 quasi
1592 2479 1768 2537 christianus.
1789 2495 1804 2534 a
1825 2479 1919 2538 Betim
2005 2541 2006 2544 ,

235 2576 343 2646 depone
372 2574 515 2646 perfidiam
544 2574 612 2629 artis
635 2573 749 2644 magicae
773 2575 800 2628 et
818 2571 863 2628 die
877 2572 959 2630 uobls
972 2585 1059 2644 gene·
1101 2567 1194 2626 lurore
1224 2575 1351 2642 arreptus
1376 2569 1459 2639 lussit
1486 2572 1517 2625 ut
1544 2581 1606 2625 cum
1638 2565 1777 2639 lapidibus
1806 2579 1839 2625 os
1866 2571 1920 2640 ejus
2005 2557 2006 2574 ¹

234 2666 390 2723 rossitatem
417 2669 500 2720 tuaur.
526 2681 541 2717 a
565 2663 615 2720 Cui
639 2663 737 2720 beatus
752 2661 916 2719 laurentius
932 2681 940 2717 e
957 2681 970 2712 a
986 2663 1060 2730 Quo·
1101 2659 1328 2716 contunderetur.
1352 2659 1386 2715 Bt
1404 2657 1552 2730 expoliavit
1575 2671 1637 2715 eum
1654 2662 1740 2727 veste,
1757 2669 1812 2730 qna
1829 2657 1922 2716 indue
2005 2659 2006 2724 ᾖ

234 2755 306 2812 niam
334 2769 422 2826 genus
454 2754 592 2824 ltispauus
625 2765 695 2820 sum,
730 2751 856 2809 eruditus
883 2757 911 2808 et
938 2751 1060 2808 nutritus
1101 2750 1183 2806 batur
1208 2747 1304 2805 babitu
1331 2747 1493 2816 christiano,
1519 2751 1548 2804 et
1572 2747 1642 2804 dixit
1665 2747 1691 2804 el
1716 2765 1724 2805 ε
1752 2763 1768 2800 a
1795 2747 1921 2804 Saerldes
2005 2821 2006 2826 ἵ

233 2847 384 2914 Romanus,
400 2852 428 2901 et
451 2859 467 2900 a
495 2842 640 2900 cunabulis
664 2841 841 2910 christianus,
858 2853 917 2898 sum
935 2841 1060 2897 eruditus
1102 2837 1165 2906 dlis,
1191 2842 1218 2895 et
1241 2839 1325 2908 vives,
1350 2837 1393 2894 sla
1416 2837 1506 2906 aliter,
1523 2838 1615 2909 paries
1637 2843 1840 2910 perterraeuta
1855 2837 1923 2895 sieut
2005 2891 2006 2906 2

233 2948 343 2992 onmem
362 2935 451 3005 legem
477 2937 598 2989 sanctam
628 2935 656 2986 et
681 2930 812 2987 divinam.
838 2944 853 2982 a
878 2931 911 2986 Bt
934 2929 1058 2987 Decius:
1102 2927 1276 2986 Laurentius.
1302 2947 1315 2979 a
1340 2929 1457 2986 Sanctus
1480 2927 1704 3000 lpolltusdixlt:
1732 2929 1923 3003 «Exemplum

234 3043 248 3078 n
277 3023 406 3079 Sacritlca
420 3022 485 3088 dlis,
510 3033 573 3077 nam
588 3033 645 3076 nox
659 3019 711 3076 lsta
725 3021 754 3075 in
769 3025 797 3075 te
811 3018 983 3090 expendetur
998 2991 1210 3076 cumflmerear
1236 3017 1310 3076 beati
1335 3017 1475 3075 Laurentil
1507 3015 1627 3075 martiris
1652 3017 1735 3088 deri,
1762 3031 1846 3090 quem
1877 3025 1923 3092 lu,

234 3111 369 3183 supliciis.
386 3131 399 3162 x
416 3129 431 3163 a
446 3091 514 3176 blaa,
531 3109 632 3180 iuquit,
647 3121 703 3166 uox
727 3109 875 3166 obscurum
891 3123 947 3166 nou
963 3109 1059 3175 babet,
1103 3107 1210 3176 misser,
1236 3119 1318 3165 ausus
1341 3105 1417 3165 luisti
1432 3121 1481 3165 ore
1496 3108 1602 3180 polluto
1618 3109 1770 3167 nominare.
1787 3128 1802 3163 n
1824 3109 1925 3166 Exten-

234 3200 283 3258 sed
299 3201 390 3258 omula
415 3199 444 3256 lu
464 3198 525 3255 luce
550 3197 689 3255 clarescit.
706 3217 721 3248 a
738 3199 772 3254 Bt
786 3211 848 3254 cum
864 3197 1010 3255 cederetur
1023 3197 1062 3254 la·
1103 3213 1150 3256 sus
1177 3199 1262 3274 igitur
1284 3195 1403 3255 fustibus
1424 3204 1451 3255 et
1476 3197 1566 3256 cardis
1590 3199 1637 3257 diu
1657 3211 1751 3258 cessus
1766 3205 1819 3270 est,
1839 3199 1924 3258 donec

235 3291 357 3362 pidibus,
384 3301 418 3346 os
446 3289 506 3359 etus
533 3288 652 3357 ridebat,
676 3289 704 3344 et
724 3287 932 3346 confortabatur
946 3291 974 3344 et
989 3287 1061 3345 dlcc·
1103 3288 1235 3347 cedentes
1256 3285 1427 3345 deiecerunt.
1453 3285 1520 3345 lude
1548 3287 1653 3346 levatus
1680 3305 1696 3347 a
1724 3296 1819 3359 terra,
1846 3287 1924 3362 lussit

235 3382 300 3438 bat:
326 3397 341 3434 a
365 3379 473 3436 Gratias
485 3377 536 3435 tibi
551 3391 613 3450 ago,
635 3379 683 3450 qul
698 3384 728 3434 tu
743 3391 774 3435 es
790 3378 877 3450 [ilem]
896 3379 1027 3436 omnium.
1046 3395 1061 3431 u
1104 3391 1166 3437 eum
1189 3377 1289 3436 Decius
1312 3377 1406 3435 vestiri
1430 3378 1548 3436 militare
1563 3383 1649 3446 veste,
1665 3391 1719 3452 apra
1741 3379 1856 3454 gentilis
1870 3385 1924 3438 ule

196 3529 199 3536 ,
234 3471 339 3528 illatus
366 3475 458 3527 autem
484 3473 525 3525 est
548 3469 638 3525 lectus
658 3481 719 3526 eum
741 3468 831 3525 tribus
855 3467 949 3534 costis,
966 3471 994 3524 et
1018 3481 1063 3525 ex·
1103 3471 1194 3539 batur,
1215 3467 1325 3526 etdixlt
1343 3465 1395 3525 el:
1422 3483 1437 3522 a
1460 3467 1562 3527 Recole
1577 3467 1706 3530 militiam
1721 3473 1806 3539 tuam,
1823 3475 1851 3528 ct
1869 3476 1922 3529 asto
2005 3533 2006 3536 Ἴ

234 3561 355 3632 pullatus
369 3561 468 3617 beatus
481 3559 645 3616 Laurentius
659 3557 831 3617 vestimentis
845 3561 913 3628 auis,
935 3563 1063 3617 extentus
1103 3563 1199 3616 noster
1217 3557 1371 3626 amicus,et
1385 3557 1414 3614 ln
1429 3562 1580 3630 conspectu
1600 3565 1695 3617 nostro
1711 3561 1788 3618 utere
1805 3557 1838 3592 ¹¹⁹
1853 3559 1922 3616 rnili-
2005 3557 2006 3574 ¹

233 3655 275 3708 est
301 3651 330 3707 iu
355 3656 459 3707 cratem
482 3647 610 3718 terream,
640 3652 668 3705 et
694 3648 769 3706 allati
796 3651 860 3704 suut
888 3645 974 3706 batuli
1000 3661 1062 3706 cum
1103 3647 1430 3720 tiamprlstlnam,quam
1445 3647 1726 3721 sempectabutstl.»
1747 3649 1815 3708 cum
1831 3649 1921 3706 beatam

233 3741 340 3813 prunis.
371 3741 407 3796 Bt
434 3739 586 3795 misserunt
614 3739 666 3795 sub
690 3743 793 3795 cratem
807 3738 934 3796 terream.
951 3740 985 3796 Bt
1000 3753 1062 3797 cum
1104 3737 1201 3795 martlr
1228 3737 1343 3794 dixisset
1367 3759 1373 3793 :
1405 3757 1418 3787 a
1447 3737 1542 3796 llilitla
1566 3751 1627 3798 mea
1650 3738 1701 3795 lxea
1725 3743 1777 3807 est,
1797 3737 1922 3799 christia·

233 3828 320 3885 iureis
333 3827 433 3884 lerrels
447 3833 588 3884 coartatus
602 3827 732 3898 desuper,
747 3828 817 3884 dixit
839 3829 942 3887 Baelo:
964 3829 1063 3886 chce
1104 3841 1169 3884 num
1195 3823 1303 3884 firmum
1327 3827 1455 3895 militare,
1480 3828 1554 3889 unde
1577 3829 1659 3901 cupio
1681 3827 1716 3885 ad
1732 3829 1853 3887 celerem
1868 3828 1922 3900 pal·

235 3931 278 3972 me
293 3915 381 3973 obtull
395 3916 561 3973 sacrificium
578 3916 635 3973 beo
648 3915 676 3972 iu
692 3917 806 3974 odorem
828 3920 980 3988 suavitatis,
996 3921 1062 3991 quia
1104 3933 1175 3974 mam
1199 3931 1261 3976 cum
1284 3913 1375 3975 fructu
1390 3918 1493 3988 venire,
1515 3937 1530 3972 a
1550 3917 1693 3978 iracundia
1711 3919 1812 3990 plenus
1832 3919 1923 3977 Decius

235 4005 400 4063 sacriuctum
422 4005 478 4064 Beo
501 4009 543 4062 est
561 4005 676 4077 spiritns
699 4007 909 4065 contribulatus.
925 4025 940 4062 o
967 4009 1062 4066 carui·
1103 4007 1173 4065 dlxlt
1196 4005 1365 4065 valeriano:
1394 4009 1528 4082 «Accipe
1553 4019 1649 4068 omnes
1672 4007 1820 4068 lacultates
1835 4009 1921 4084 latest,

234 4096 303 4153 lices
327 4101 418 4152 tamen
434 4101 564 4169 urgentes
585 4096 777 4155 ministrabant
802 4099 937 4156 carbones
951 4099 1063 4156 mitten·
1103 4103 1132 4154 et
1146 4094 1269 4155 lntertice
1284 4109 1347 4154 eum
1370 4098 1476 4157 crudeli
1495 4099 1707 4160 examinatione.
1728 4121 1741 4152 s
1767 4101 1924 4158 Valerianus

234 4186 343 4243 tesam
361 4192 475 4256 cratem,
501 4192 529 4244 et
554 4186 674 4261 desuper
688 4187 902 4259 comprimentes
921 4201 983 4244 eum
999 4201 1062 4244 cum
1104 4199 1201 4258 porro,
1232 4189 1374 4260 exquesita
1402 4197 1482 4248 omne
1511 4187 1639 4248 laenitate
1668 4189 1743 4262 elus,
1768 4189 1875 4252 invenit
1897 4187 1923 4246 iu

235 4275 320 4333 turcis
346 4275 454 4334 terreis.
484 4279 601 4334 Sanetus
623 4277 787 4335 Laurentius
811 4276 902 4334 dixit:
931 4277 1059 4348 «Disce,
1104 4276 1187 4334 domu
1215 4277 1308 4348 lpolitl
1338 4289 1446 4336 omnem
1468 4276 1598 4336 familiam
1622 4279 1820 4351 christianam,
1847 4293 1923 4352 mam

234 4367 341 4434 misser,
370 4369 472 4439 quanta
498 4371 540 4425 est
567 4368 656 4424 virtus
683 4367 788 4424 domini
817 4367 864 4423 Bel
894 4365 968 4438 mcl;
998 4329 1255 4439 vtachonspcctu
1281 4379 1331 4426 suo
1359 4367 1513 4439 presentari
1537 4365 1613 4427 lecit.
1644 4369 1677 4426 Bt
1701 4370 1784 4441 jussit
1818 4367 1924 4430 hastam

234 4457 368 4516 carbones
387 4458 428 4513 tui
457 4456 525 4513 milri
553 4454 721 4528 refrigirium
740 4459 883 4528 prestaut;
910 4455 962 4514 tlbl
988 4457 1061 4518 enlm
1102 4457 1231 4530 ipolitum
1252 4456 1326 4515 laras
1341 4473 1436 4517 muros
1453 4463 1541 4532 portae
1557 4457 1708 4520 tiburtina
1736 4475 1800 4518 oum
1824 4457 1924 4520 tamilla
2005 4479 2006 4497 r

234 4551 367 4604 aternum
390 4545 569 4618 supplicium,
587 4543 653 4620 qula
667 4545 728 4616 ipse
744 4545 876 4604 Dominus
891 4549 978 4618 novit,
997 4547 1061 4622 qula
1102 4547 1176 4606 duci.
1203 4549 1301 4604 Beatus
1322 4547 1438 4620 lpolitns
1467 4547 1641 4608 confortabat
1674 4565 1771 4608 omnes
1798 4549 1894 4610 diceus
1915 4570 1922 4606 :

232 4643 378 4695 accusatus
400 4647 457 4695 non
485 4634 593 4707 negavi,
621 4633 808 4707 interrogatus
827 4634 965 4694 christum
989 4651 1059 4696 con·
1102 4655 1116 4691 a
1140 4637 1259 4708 Fratres,
1285 4635 1371 4695 nolite
1395 4642 1536 4708 metuere;
1564 4639 1629 4711 quia
1647 4654 1698 4714 ego
1723 4644 1751 4697 et
1770 4655 1822 4698 vos
1843 4655 1922 4698 uuum

233 4727 322 4785 lessus
350 4736 420 4796 anm,
446 4729 552 4783 assatus
576 4721 677 4796 gratias
692 4737 753 4797 ago.
776 4725 840 4782 aBt
853 4725 930 4784 vultu
953 4727 1061 4799 pulcer·
1099 4723 1245 4788 bominum
1268 4727 1410 4786 habemus.
1436 4746 1451 4782 n
1475 4729 1509 4786 Bt
1533 4727 1663 4788 decollati
1685 4733 1750 4788 sunt
1774 4727 1923 4802 promiscui

234 4819 305 4874 rium
332 4817 443 4874 dicebat
470 4831 478 4870 a
509 4832 524 4866 «
552 4814 658 4871 Gratias
688 4813 825 4885 egotibi,
856 4815 966 4874 domiue
994 4819 1058 4874 lesu
1099 4829 1182 4875 sexus
1205 4817 1248 4886 ¹⁰⁰,
1272 4831 1387 4876 numero
1412 4813 1455 4874 ts.
1479 4815 1578 4878 Beatus
1601 4833 1667 4878 vero
1684 4817 1812 4892 lpolitns,
1833 4819 1926 4894 ligatis
2005 4887 2006 4900 χ

233 4905 351 4975 Christe,
367 4904 432 4978 qula
446 4904 534 4962 merui
555 4903 653 4976 januas
667 4908 728 4961 tuas
743 4903 862 4976 ingredi.
878 4921 893 4960 u
906 4907 939 4962 Bt
954 4905 1059 4964 emissit
1099 4905 1218 4980 pedibus
1231 4907 1266 4964 ad
1277 4903 1349 4964 colla
1363 4905 1560 4966 indomitorum
1575 4923 1719 4982 equorum,
1735 4909 1777 4967 sic
1792 4925 1841 4984 per
1860 4925 1923 4967 car·
2005 4909 2006 4976 l

232 4995 369 5069 spiritum.
403 4995 480 5052 lianc
510 4998 601 5052 autem
639 4995 727 5066 prima
764 4993 854 5052 adbuc
894 4995 1058 5068 crepusculo
1099 4997 1212 5056 ductum
1227 4995 1386 5054 ettribulos
1404 5001 1518 5070 tractus,
1539 4997 1644 5058 emissit
1658 5001 1770 5058 beatum
1784 4998 1921 5072 spiritum.
2005 5007 2006 5028 ¹

231 5089 323 5159 rapuit
337 5099 439 5160 corpus
458 5087 517 5160 ejus
531 5083 658 5157 lpolltus,
675 5089 703 5142 et
717 5082 840 5142 condivit
863 5099 925 5142 cnm
947 5085 1058 5145 llntbla-
1098 5091 1184 5148 Nocte
1199 5089 1274 5146 venit
1288 5089 1385 5148 beatus
1399 5089 1521 5150 lustinus
1535 5089 1674 5162 presbiter
1688 5097 1715 5149 et
1735 5089 1848 5165 collegit
1863 5105 1922 5150 cor
2005 5059 2006 5130 Ῑ

231 5179 350 5236 mlalbns
378 5181 407 5234 et
434 5177 621 5244 aromatibus;
653 5179 681 5232 et
708 5173 761 5233 boe
791 5172 892 5232 iactum
920 5173 1058 5234 mandavit
1099 5195 1167 5252 pora
1185 5182 1214 5236 et
1236 5178 1363 5252 sepelivit
1386 5179 1415 5238 in
1435 5196 1531 5254 campo
1549 5180 1657 5253 eodem,
1670 5183 1748 5253 juxta
1771 5181 1920 5256 nimpham,
2005 5139 2006 5216 f

230 5269 337 5326 tustino
351 5268 519 5341 prespitero.
546 5269 622 5324 Tunc
646 5266 744 5322 beatus
758 5265 883 5322 lustinus
898 5270 926 5322 et
940 5267 1058 5338 lpolitns
1098 5270 1220 5328 adlatus
1238 5270 1295 5341 agri
1309 5271 1419 5342 Verani,
1435 5271 1475 5329 ld.
1492 5273 1618 5345 Augusti.

231 5359 371 5430 plorantes
399 5363 427 5416 et
455 5357 569 5434 mpltum
592 5357 685 5414 tristes
708 5355 841 5413 tullerunt
862 5370 963 5429 corpus
982 5358 1056 5415 beati
1132 5359 1261 5417 abacto
1286 5358 1452 5432 imperatore
1478 5361 1622 5436 bucusque
1647 5377 1727 5436 papae
1755 5379 1808 5438 per
1834 5375 1920 5424 annos
2005 5389 2006 5392 ε

906 5448 1019 5504 11111111
1041 5449 1236 5509 LBCTlolills.

269 5539 298 5572 ¹⁰⁷
313 5541 341 5598 in
359 5537 394 5596 lt
431 5536 462 5572 ¹⁰⁸
475 5537 566 5612 supple
581 5537 756 5597 Laurentius.
797 5536 884 5596 1’1ῦιε
901 5537 926 5592 1.
966 5538 997 5571 ¹⁰⁰
1015 5545 1109 5598 sextus
1127 5541 1150 5596 1.
