4034 6152
249 278 317 335 loco
806 265 971 326 rotdtttbt
990 262 1140 320 deductu
1160 263 1365 320 stlffltlbb'sls
1869 256 1938 312 llttl

245 400 381 473 coeperint
409 401 501 454 noete.
530 395 601 452 ilinc
628 393 683 450 laetl
707 393 865 465 navigantes
887 390 921 446 ad
946 390 1241 460 portum,Aretroque
1266 387 1423 458 pendebant
1446 386 1540 442 altare.
1557 387 1590 440 ,lt
1608 382 1673 440 dum
1693 383 1940 456 egressusceepis

246 503 328 562 quem
351 486 427 545 soliti
451 490 530 543 erant
553 489 615 554 post
638 483 817 552 piscationem
831 480 946 546 intrare,
966 477 1066 548 nequi·
1109 482 1152 533 set
1173 491 1299 548 querere
1316 475 1420 532 aditum
1444 474 1705 545 pentemimeri
1726 473 1843 530 modum
1858 473 1939 532 sidit.

245 581 344 637 verunt
367 591 398 633 se
421 576 456 632 dc
480 573 612 645 predicta
634 585 743 628 movere
767 568 901 626 navicula.
921 569 980 624 Duo
996 566 1069 622 euim
1109 567 1181 624 sicui
1204 571 1299 638 postea
1319 564 1458 634 narrarit,
1483 564 1700 636 quamplurimos
1722 562 1779 619 sibi
1797 561 1942 619 terribiles

247 683 282 726 ex
300 667 369 740 ipsis
388 665 487 738 pedum
503 667 530 720 et
545 675 674 719 manuum
689 659 781 718 oillcio
804 659 903 730 privati
929 661 988 713 loto
1012 655 1070 711 iuc·
1110 657 1239 713 assistere
1259 655 1396 714 inimicos.
1417 656 1485 712 Nam
1508 657 1659 710 tentatusa
1676 651 1804 720 diabolo,
1826 651 1942 722 permis

247 762 313 817 runi
335 768 452 826 corpore
476 753 600 810 contriti.
625 751 734 808 Tertius
755 757 846 806 autem
862 747 953 805 oillcio
969 744 1069 817 pedum
1110 761 1157 802 sus
1181 747 1292 819 quidem
1317 751 1359 803 est
1377 746 1473 802 auidus
1495 759 1592 815 rapere
1612 743 1744 814 praedam,
1760 741 1814 798 sed
1829 741 1943 811 penitus

247 849 369 919 privatus
387 842 488 900 surdus
511 839 625 897 eiiectns
649 845 710 909 est;
735 853 819 910 super
843 851 892 895 eos
915 837 986 892 enim
1007 848 1070 905 pro·
1111 835 1218 894 anferre
1239 851 1295 894 non
1320 841 1362 893 cst
1386 837 1545 906 permissus.
1575 834 1653 890 Unde
1675 833 1794 904 contigit
1809 837 1854 898 ut,
1877 831 1943 886 dum

248 943 313 1008 pter
326 934 416 990 noctis
430 929 581 988 bomiuica
592 929 813 985 Resurrectionis
824 926 1069 998 transgressionem
1111 926 1200 997 portis
1227 927 1385 997 patentibus
1415 926 1526 982 minime
1553 925 1660 994 pateret
1688 922 1743 978 sibi
1775 935 1943 994 regressus,

247 1027 315 1082 ultio
339 1020 498 1094 supervenit
521 1018 622 1076 divina.
648 1018 718 1075 Hinc
745 1019 792 1074 ille
820 1017 868 1088 qni
891 1016 1014 1072 auditum
1043 1019 1071 1069 ει
1111 1022 1253 1074 revertens
1276 1031 1325 1088 per
1348 1015 1467 1073 medium
1492 1014 1688 1071 monasterium
1713 1012 1768 1068 iter
1791 1011 1945 1082 arriperet,

246 1111 405 1172 ambulandi
431 1109 522 1166 amisit
548 1121 637 1176 usum,
667 1106 776 1163 duobus
803 1105 918 1161 nitendo
941 1103 1069 1166 instibus,
1112 1105 1283 1176 insulamque
1317 1109 1424 1176 peieret
1450 1119 1513 1176 quae
1542 1103 1616 1159 intra
1647 1101 1776 1173 paludem
1816 1100 1944 1170 eiusdem

246 1209 329 1273 atque
356 1200 473 1257 aliorum
501 1196 689 1254 comitantium
718 1194 847 1267 suliragio
872 1193 976 1262 iulius,
1010 1192 1071 1248 loca
1112 1196 1271 1252 monasterii
1292 1193 1345 1251 sita
1368 1199 1419 1260 est,
1439 1200 1471 1249 ut
1493 1191 1624 1264 ibiapud
1650 1190 1798 1264 quemdam
1825 1189 1884 1246 sibi
1904 1203 1948 1244 co-

246 1297 340 1348 sanela
360 1289 495 1346 orationis
509 1301 592 1344 causa
606 1286 724 1343 circuire
743 1285 875 1352 decrevit,
891 1290 922 1340 ut
945 1283 1071 1339 amissam
1112 1287 1218 1358 gnitum
1245 1289 1394 1355 reponeret
1417 1283 1492 1355 quod
1512 1282 1606 1339 iurtim
1624 1296 1640 1338 a
1662 1281 1750 1337 sacris
1773 1279 1946 1336 abstulerat.

247 1380 374 1452 corporis
401 1379 547 1434 sanitatem
579 1390 629 1446 per
656 1374 777 1446 gloriosa
796 1380 953 1430 unctorum
974 1372 1071 1428 merita
1112 1377 1220 1432 interea
1244 1374 1374 1431 custodes
1393 1372 1519 1430 ecclesie
1542 1385 1597 1428 una
1620 1385 1682 1428 cunt
1708 1369 1850 1426 iratribus
1878 1367 1948 1424 rele

247 1471 372 1542 recipere
395 1474 559 1525 mereretur.
584 1468 649 1523 Post
671 1465 844 1522 intervallum
864 1463 948 1535 igitur
966 1469 1072 1532 tempe·
1113 1466 1230 1522 clerium
1245 1468 1394 1532 exeuntes,
1416 1463 1481 1520 dum
1496 1461 1669 1533 prospiciunt
1684 1473 1832 1517 sacrorum
1848 1458 1948 1514 damna

247 1575 327 1628 rum,
352 1558 446 1614 multis
468 1557 503 1612 ab
527 1570 560 1613 eo
584 1555 737 1628 peragratis
764 1554 853 1622 loeis,
882 1553 916 1610 ad
945 1551 1071 1624 praedicti
1113 1570 1250 1623 rasorum,
1278 1568 1342 1611 mox
1365 1553 1581 1610 coadunatorum
1604 1564 1756 1607 concursus
1785 1547 1886 1605 iactus
1909 1557 1948 1604 est

247 1648 416 1708 conlessoris
447 1644 549 1702 Christi
582 1645 686 1701 Bertini
718 1643 746 1699 in
779 1643 867 1701 Sittio
903 1641 1071 1699 monasterio
1114 1645 1321 1711 monachorum,
1338 1647 1365 1700 et
1389 1643 1417 1698 in
1441 1645 1546 1698 tantum
1565 1646 1629 1696 sunt
1652 1645 1745 1696 mente
1759 1637 1949 1702 consternati,

227 1755 231 1764 “
248 1741 368 1812 positum
386 1735 544 1793 venerabile
558 1735 634 1792 venii
651 1733 818 1807 sepulcrum.
845 1735 878 1789 Ει
895 1747 957 1789 cum
973 1729 1145 1793 iratreant
1159 1733 1225 1806 quid
1241 1733 1366 1790 dicerent
1381 1731 1424 1788 vel
1440 1730 1507 1802 quid
1522 1735 1645 1802 agerent,
1662 1743 1717 1800 quo
1737 1742 1769 1784 se
1789 1733 1948 1792 verterent,

247 1829 277 1884 in
301 1825 434 1899 praediclo
458 1825 520 1881 loco
545 1829 746 1881 commorantes
760 1828 841 1879 nocte
856 1821 1005 1878 bominicae
1019 1822 1073 1877 lle-
1112 1837 1169 1881 nen
1193 1823 1379 1894 reperissent;
1400 1820 1448 1878 sed
1473 1820 1530 1877 suis
1552 1819 1607 1876 boc
1625 1818 1805 1890 exigentibus
1825 1817 1951 1888 peccatis

247 1915 430 1974 surrectionis
454 1915 483 1970 in
508 1913 605 1970 eadem
620 1912 748 1981 ccclesia,
763 1911 791 1968 in
811 1926 865 1983 qua
883 1925 985 1982 corpus
998 1911 1072 1967 beati
1114 1911 1237 1971 euenisse
1265 1910 1443 1968 concorditer
1470 1909 1634 1966 clamabant.
1663 1908 1829 1964 Misericors
1859 1913 1950 1962 auteur

249 2010 345 2078 pausat
363 2004 479 2072 bertini,
504 2008 656 2060 nocturnas
680 2007 823 2058 cantarent
846 2000 972 2073 vigilias,
1002 2014 1074 2070 prae-
1113 2003 1244 2061 Dominus
1267 2000 1373 2058 meritis
1391 2001 1418 2056 S.
1439 1997 1543 2056 bertini
1562 1996 1730 2056 confessoris
1749 1998 1797 2054 sui
1822 2009 1885 2052 non
1906 1995 1950 2050 din

249 2096 340 2152 dictus
366 2095 408 2150 vir
440 2093 572 2150 immensa
601 2091 765 2164 egritudine
794 2096 939 2162 eomeptus
967 2105 982 2146 a
1015 2090 1072 2146 suis
1114 2097 1156 2150 est
1180 2105 1277 2162 passus
1297 2091 1400 2162 jugiter
1424 2088 1480 2145 sibi
1507 2087 1682 2144 servientium
1701 2087 1816 2143 animes
1836 2083 1950 2156 pericli-

249 2185 333 2242 sociis
353 2184 381 2239 iu
405 2181 550 2240 ecclesiam
573 2182 774 2238 deductusest.
790 2180 1072 2252 Etcumlongospa·
1113 2182 1176 2238 tari.
1205 2184 1259 2238 Fur
1286 2181 1359 2238 enim
1385 2178 1481 2236 infelix
1506 2179 1562 2250 jam
1590 2181 1757 2234 memoratus
1787 2175 1858 2232 duro
1884 2177 1947 2230 bino

249 2273 288 2330 tio
311 2285 374 2329 cum
400 2270 528 2342 lacrymis
547 2269 653 2326 orando
680 2282 757 2325 suam
784 2270 930 2325 sanitatem
948 2282 998 2339 per
1016 2281 1074 2323 mc·
1114 2285 1217 2329 cuneos
1232 2270 1416 2340 inimieorum,
1433 2269 1506 2326 unde
1524 2282 1656 2340 aquarum
1679 2281 1711 2323 ae
1731 2266 1850 2338 paludis
1867 2267 1950 2336 impe

249 2363 303 2418 rita
334 2361 423 2417 saneti
451 2359 540 2416 Patris
568 2358 711 2415 bertinia
740 2358 855 2416 bomine
888 2357 1072 2429 postulasset,
1114 2361 1235 2418 dimenta
1263 2365 1390 2417 cerneret
1423 2358 1516 2431 (nam,
1548 2364 1579 2414 ut
1611 2355 1804 2414 nescientibus
1838 2355 1949 2426 loquar,

250 2450 361 2522 quando
384 2449 468 2506 lectio
493 2448 632 2521 Evangelii
656 2462 733 2506 more
757 2449 840 2506 solito
868 2448 982 2504 recitata
1011 2444 1072 2517 luit,
1114 2451 1193 2508 locus
1207 2450 1254 2507 ille
1269 2450 1332 2506 talis
1355 2453 1398 2506 cst
1418 2454 1449 2505 ut
1472 2463 1522 2518 per
1540 2446 1614 2505 mille
1630 2451 1769 2518 passuset
1790 2445 1952 2502 multoam-

248 2539 318 2596 tidit
337 2540 411 2595 circa
434 2553 464 2595 se
488 2538 581 2595 lucere
605 2537 689 2594 multa
713 2537 867 2607 luminaria,
888 2535 1073 2608 paulatimque
1114 2539 1187 2609 plius
1219 2538 1272 2594 nisi
1298 2537 1407 2609 navigio
1436 2550 1493 2593 uon
1516 2536 1616 2592 babeat
1640 2537 1809 2607 ingressum,
1830 2541 1951 2606 excepta

251 2645 267 2687 a
289 2644 320 2686 se
342 2629 466 2685 sentiens
485 2626 669 2684 infirmitatem
693 2626 834 2694 recedere,
850 2627 945 2685 auditu
961 2635 1073 2700 recepto
1114 2642 1167 2684 una
1194 2618 1273 2699 porta
1292 2628 1327 2684 ab
1347 2626 1507 2695 Occidente,
1524 2640 1574 2696 per
1588 2639 1669 2696 quam
1689 2624 1802 2695 pedites
1821 2632 1852 2680 et
1873 2623 1951 2695 equi-

251 2720 407 2793 pedumque
422 2723 585 2788 recuperato
600 2715 702 2786 eideio,
722 2716 815 2774 subito
830 2715 920 2774 diuina
940 2718 1073 2791 largiente
1115 2723 1158 2774 tes
1172 2717 1348 2788 plaustraque
1367 2716 1500 2773 ducentes
1523 2715 1641 2772 liberum
1663 2715 1755 2770 solent
1780 2713 1892 2770 babere
1914 2717 1950 2769 in·

250 2808 338 2882 gratia
370 2808 399 2864 in
437 2806 635 2877 praedictorum
664 2806 813 2877 praesentia
845 2806 958 2864 iratrum
991 2821 1075 2864 sanus
1115 2807 1268 2880 gressum);
1292 2807 1417 2864 consitos
1444 2805 1522 2876 qnasi
1551 2820 1600 2876 per
1628 2803 1784 2875 praecipitia
1809 2805 1950 2873 parietum

251 2897 365 2956 allectus
383 2902 435 2953 est.
451 2897 485 2953 Et
499 2901 562 2966 post
578 2896 700 2968 synaxim
715 2896 897 2966 omnipotenti
916 2897 1032 2953 bomine
1047 2902 1075 2953 et
1116 2903 1199 2969 atque
1218 2901 1352 2954 tectorum
1369 2897 1455 2967 eoepit
1471 2895 1537 2951 dare
1551 2895 1647 2952 saltus.
1665 2893 1743 2961 Quod
1767 2907 1835 2949 cum
1863 2893 1952 2950 vidis-

252 2987 418 3044 bisamino
445 2985 548 3056 gratias
575 2999 668 3052 agens,
694 2985 752 3042 suis
779 2985 930 3056 gmdiendo
959 2985 1076 3056 pedibus
1117 2993 1180 3044 sent
1207 2986 1309 3043 ibidem
1343 2986 1494 3056 degenies,
1523 2984 1630 3042 sublata
1659 2996 1774 3055 prorsus
1801 2984 1951 3055 ambagine

252 3075 333 3132 letus
346 3080 375 3132 et
388 3088 472 3131 sanus
486 3075 625 3145 propriam
640 3073 783 3146 repedavit
800 3075 835 3130 ad
850 3075 971 3133 domum.
1085 3057 1204 3134 Ctetius
1223 3075 1417 3143 dubitationis,
1445 3076 1518 3132 hunc
1533 3089 1594 3131 esse
1608 3088 1695 3140 reum,
1711 3073 1790 3129 bunc
1804 3073 1951 3129 clamitant

394 3164 460 3220 (lar.
479 3164 513 3219 ll.
533 3165 573 3219 De
591 3163 704 3234 quodem
721 3163 850 3234 seemlcpo
867 3163 931 3234 (23).
1118 3167 1189 3222 sacri
1217 3165 1305 3222 iurem
1330 3165 1468 3223 exstitisse
1493 3163 1633 3232 tbcsauri;
1663 3169 1691 3220 ει
1717 3163 1785 3220 ideo
1815 3163 1917 3220 taliter
1939 3178 1953 3218 a

288 3253 402 3322 Quidam
416 3253 500 3309 bomo
515 3266 549 3309 ex
568 3257 644 3323 parte
659 3252 741 3309 nobis
754 3251 922 3324 incognitus,
940 3252 990 3309 sed
1004 3252 1078 3310 sicut
1118 3255 1257 3314 demonio
1271 3255 1379 3328 agitari.
1395 3258 1462 3312 Cum
1480 3261 1570 3312 autem
1585 3253 1771 3311 detinuissent
1786 3269 1868 3322 eum,
1886 3269 1954 3326 quo·

254 3348 350 3416 postea
374 3341 501 3414 probarit
518 3349 653 3410 eventus,
678 3341 797 3413 maligno
821 3342 920 3412 spiritu
944 3341 1077 3412 repletus,
1119 3345 1189 3403 libet
1206 3347 1318 3418 ingenio
1347 3346 1533 3416 interrogatus
1557 3348 1609 3413 est,
1629 3342 1696 3415 quid
1724 3343 1781 3398 sibi
1810 3345 1952 3400 eueniset

253 3447 316 3492 cum
344 3431 485 3501 cujusdam
516 3431 659 3503 religionis
686 3445 716 3487 sc
749 3445 810 3488 esse
836 3431 1002 3497 simulasset,
1028 3445 1079 3502 per
1118 3436 1160 3494 vel
1185 3449 1270 3506 quare
1294 3434 1480 3492 dementasset
1504 3455 1509 3491 :
1536 3441 1564 3491 et
1587 3433 1678 3490 statim
1702 3434 1840 3503 exposuit
1869 3435 1954 3491 tetius

253 3527 310 3580 tres
333 3523 481 3579 continuos
504 3521 564 3577 dies
585 3520 663 3591 quasi
692 3521 789 3578 orandi
817 3521 904 3593 gralia
933 3521 1077 3578 ecclesiam
1118 3525 1158 3582 rei
1182 3525 1336 3581 veritatem.
1361 3524 1430 3591 Quid
1454 3524 1554 3594 plural
1581 3523 1725 3594 prevaluit
1751 3529 1860 3580 contra
1893 3539 1951 3580 euna

254 3611 381 3684 predicti
410 3610 500 3668 Patris
531 3610 619 3667 nostri
651 3611 756 3666 Bertini
789 3611 949 3682 ingressus,
979 3611 1078 3668 multo·
1118 3613 1261 3671 arbitrium
1278 3615 1348 3684 ejus,
1364 3614 1438 3670 unde
1461 3614 1561 3670 missus
1583 3613 1666 3670 estin
1681 3614 1815 3670 Nerulum
1841 3615 1907 3684 gell,
1927 3615 1952 3669 in

253 3703 307 3760 ties
333 3715 364 3758 se
391 3701 475 3757 burae
506 3700 654 3770 prostravit
680 3699 759 3770 quasi
793 3706 960 3770 compuncto
992 3700 1077 3757 corde
1118 3701 1180 3759 loco
1200 3701 1316 3770 lamoso,
1340 3703 1453 3760 castello
1469 3701 1600 3760 videlicet
1616 3703 1820 3773 Menapiorum.
1838 3704 1952 3761 ῦοιιιιε-

253 3790 382 3848 lunderet
402 3803 519 3861 preces;
543 3788 592 3846 sed
616 3789 726 3859 quoties
748 3789 825 3857 exiii,
846 3803 922 3846 seras
940 3789 1077 3846 valvarum
1119 3792 1170 3848 luit
1188 3796 1280 3848 autem
1303 3807 1387 3863 super
1409 3806 1443 3849 eo
1466 3792 1632 3848 unanimitas
1654 3793 1710 3862 jam
1730 3792 1820 3850 dicte
1835 3808 1953 3865 congre·

254 3880 403 3952 diligenter
430 3877 634 3946 considerauit,
659 3878 734 3934 aliud
758 3883 849 3934 mmen
878 3879 906 3935 in
930 3878 1078 3950 praesentia
1118 3881 1247 3953 gationis,
1273 3882 1462 3953 miseruntque
1485 3881 1520 3938 ad
1544 3881 1671 3939 comitem
1691 3882 1821 3952 ejusdem
1837 3883 1907 3948 loci,
1926 3890 1951 3938 et

254 3968 400 4026 custodum
430 3967 546 4038 lingens.
575 3969 642 4024 Nam
669 3967 818 4038 aliquando
846 3983 877 4024 se
903 3968 1077 4035 incurvavit,
1118 3971 1256 4028 redditum
1283 3977 1326 4028 est
1344 3972 1370 4028 ei
1394 3971 1510 4029 liberum
1534 3972 1619 4028 exire.
1648 3970 1701 4028 Sed
1730 3973 1801 4041 quia
1831 3975 1862 4029 in
1892 3973 1950 4029 aliis

256 4057 334 4128 quasi
357 4055 396 4112 ibi
420 4055 569 4112 dissolutas
592 4055 721 4127 religaret
740 4057 874 4130 corrigias
896 4077 902 4114 :
928 4057 1076 4128 aliquando
1117 4059 1327 4131 quampluribus
1350 4066 1443 4117 tentus
1466 4065 1525 4117 erat
1548 4061 1672 4132 ilagitiis,
1698 4065 1729 4116 ut
1751 4067 1857 4131 postea
1878 4077 1950 4119 cum-

254 4160 320 4204 tero
348 4160 439 4202 casum
467 4144 598 4202 simulans
623 4146 800 4215 manicarum,
821 4148 849 4202 in
878 4147 973 4205 eodem
1002 4149 1076 4204 exitu
1119 4157 1226 4220 perium
1241 4155 1293 4218 est,
1311 4149 1373 4207 ideo
1388 4150 1459 4207 iortc
1482 4151 1669 4222 permodicum
1692 4151 1796 4208 babuit
1812 4155 1950 4223 poeniten

254 4240 382 4293 curvalus
395 4234 516 4306 collegit.
533 4235 668 4306 Expertus
682 4239 772 4293 lamen
787 4239 875 4294 tolum
890 4237 963 4308 quod
979 4237 1075 4308 voluit,
1119 4240 1163 4297 tiae
1188 4245 1295 4310 tempus
1316 4260 1322 4296 :
1349 4240 1528 4311 septimanam
1549 4240 1621 4297 enim
1641 4243 1838 4300 tautummodo
1859 4259 1950 4315 super-

254 4325 359 4383 notarit
381 4325 477 4382 boram
499 4338 553 4395 qua
578 4322 678 4380 iratres
702 4331 764 4395 post
783 4331 887 4382 sextam
906 4340 987 4382 causa
1006 4326 1077 4384 rele·
1118 4329 1195 4388 uixit.
1220 4330 1241 4386 0
1263 4343 1344 4402 quarn
1369 4330 1451 4387 breve
1476 4335 1518 4386 est
1544 4330 1689 4400 praesentis
1702 4331 1767 4387 vitae
1788 4333 1945 4404 tempusad

254 4416 356 4472 etionis
384 4413 419 4471 ad
446 4427 544 4485 panem
573 4412 780 4485 percipiendum
808 4421 935 4486 peterent
962 4394 1352 4490 retecto-Dcomparatienem
1377 4419 1558 4476 eternitatis!
1585 4421 1732 4477 llortamur
1756 4435 1829 4492 ergo
1857 4438 1947 4480 omnes

254 4505 337 4562 rium.
374 4505 474 4576 sieque
516 4518 661 4576 aggressus
702 4504 791 4562 cultro
829 4511 939 4576 arrepto
977 4507 1078 4577 pressit
1119 4509 1166 4580 qui
1189 4508 1249 4565 baec
1273 4507 1430 4577 andierunt,
1446 4509 1573 4565 omittere
1588 4509 1668 4576 mala,
1687 4511 1853 4582 sectarique
1869 4513 1946 4569 bona.

254 4594 358 4666 lignum
373 4608 423 4664 per
434 4595 579 4664 juncturas
596 4592 743 4660 valvarum,
761 4607 816 4664 quo
830 4595 917 4651 ambae
937 4595 965 4651 in
989 4599 1079 4652 trans-
1118 4600 1183 4655 cnr.
1208 4598 1254 4653 lll.
1279 4598 1319 4653 lie
1336 4597 1449 4669 quodem
1466 4598 1585 4670 loquive,
1600 4598 1702 4654 nomine
1716 4599 1864 4669 Beniamin
1885 4602 1943 4672 [ab.

254 4695 362 4740 versum
385 4682 607 4754 stringebantur,
632 4695 694 4738 cum
717 4681 828 4738 aliunde
851 4681 942 4740 ierreo
967 4685 1077 4754 pessulo
1154 4685 1245 4742 llultis
1266 4685 1352 4757 igitur
1366 4685 1538 4742 secularium
1553 4686 1694 4743 bominum
1708 4687 1805 4745 turbis
1819 4691 1859 4746 ad
1877 4705 1945 4760 sape

253 4773 389 4830 ilrmatum
418 4785 474 4830 nou
502 4777 594 4840 esset,
618 4773 710 4829 itaut
733 4773 823 4843 capite
846 4774 932 4830 vectis
955 4775 1077 4844 ejusdcm
1120 4777 1224 4833 dictum
1246 4776 1441 4832 monasterium
1461 4777 1496 4833 ob
1523 4790 1644 4834 amorem
1662 4777 1710 4834 bei
1725 4779 1944 4840 confluentibus.

253 4877 362 4921 sursum
393 4861 498 4919 elevato
530 4862 634 4919 aditum
667 4862 805 4932 preberet
836 4863 968 4920 intrandi.
1003 4865 1078 4922 Tune
1120 4871 1148 4922 et
1167 4865 1327 4922 monasticae
1349 4865 1493 4937 religionis
1517 4865 1658 4924 desiderio
1679 4866 1865 4939 ardentibus,
1880 4873 1946 4926 inter

256 4953 341 5009 miser
363 4949 420 5019 ille,
438 4951 487 5008 sed
511 4964 567 5008 nou
582 4951 757 5020 miserabilis,
773 4951 884 5009 malitiae
899 4967 956 5010 sua
976 4954 1079 5024 pande·
1119 4959 1236 5012 caeteros
1263 4954 1404 5024 Beniamin
1432 4961 1617 5025 nuncupatus,
1645 4957 1756 5028 generis
1793 4959 1944 5016 seeundum

256 5042 304 5097 bat
329 5038 466 5097 elieclum.
489 5041 556 5097 Nam
581 5040 721 5112 ingressus
744 5040 849 5098 iuratus
878 5048 920 5098 est
944 5057 1007 5098 vasa
1036 5057 1079 5100 ar·
1119 5043 1251 5101 seculum
1267 5042 1412 5100 nobilitate
1434 5044 1553 5114 pollens,
1570 5044 1716 5116 plurimum
1732 5060 1767 5102 cx
1784 5047 1948 5106 haereditate

255 5135 375 5203 gentes,
408 5143 471 5200 que
498 5129 550 5186 sub
578 5129 690 5188 coronis
718 5143 751 5187 ac
783 5130 955 5202 lampadibus
986 5146 1078 5191 coram
1122 5133 1234 5204 propria
1253 5132 1421 5190 monasterio
1440 5133 1597 5204 conserens,
1616 5134 1720 5191 aditum
1736 5137 1823 5207 petiit
1837 5151 1948 5196 conxer-

300 5253 336 5308 23
367 5255 406 5311 Ex
420 5253 535 5325 antiquo
549 5257 704 5327 Anonymo.
1119 5257 1168 5314 lib.
1194 5273 1225 5327 n,
1246 5270 1306 5328 cap.
1326 5257 1354 5325 4,
1379 5257 1477 5315 lib.1n
1497 5264 1524 5315 et
1546 5259 1594 5316 lib.
1616 5275 1654 5330 m,
1669 5273 1732 5330 cap.
1748 5257 1787 5315 38
1807 5263 1946 5336 llenapios

300 5325 336 5380 24
374 5328 528 5384 Turnacum
554 5329 695 5398 Toumep,
724 5327 758 5384 ad
777 5327 896 5385 Scaldim
915 5328 1025 5386 dulium
1048 5330 1077 5387 in
1119 5329 1233 5386 llorinis
1255 5329 1390 5402 adjungit.
1418 5331 1489 5387 llinc
1503 5332 1667 5404 corrigenda
1682 5330 1794 5390 ierrarii
1810 5337 1945 5393 sententia

253 5397 375 5455 condeio
398 5399 550 5455 Hannonis
574 5404 603 5455 et
623 5399 752 5470 lptesta,
778 5413 859 5470 quam
878 5399 967 5456 urbem
985 5403 1077 5459 Mene·
1119 5401 1154 5457 dc
1169 5401 1310 5470 blenapiis.

252 5471 356 5538 piorum
379 5476 459 5526 vocat
482 5469 626 5542 Philippus
646 5473 729 5528 Beue
748 5471 812 5541 spei
827 5471 912 5528 abbas
927 5472 955 5528 in
971 5473 1030 5529 vitu
1048 5475 1075 5530 S.
1099 5479 1101 5484 '
1157 5471 1207 5544 (25)
1229 5473 1267 5527 Ex
1282 5471 1395 5543 antiquo
1409 5476 1561 5546 Anonymo.

253 5539 368 5596 donandi
387 5541 521 5612 episcopi.
538 5544 570 5598 Et
583 5541 671 5599 tullus
689 5543 790 5611 Cesar,
811 5543 848 5598 lle
872 5541 946 5600 bello
962 5543 1076 5614 Gallico,
