4036 6162
81 343 129 402 53
596 343 753 402 HISTORIA
774 341 1049 401 nunionnnnnsts
1069 371 1106 385 ·-
1123 343 1187 400 uin.
1207 343 1241 400 li.
1699 343 1753 404 set

77 470 143 544 apud
170 470 283 527 Romam
312 467 463 541 imperim
493 469 636 542 magnilice
659 474 688 527 et
711 467 1056 531 inenarrablllAlacrimis
1082 467 1158 526 velut
1184 481 1256 540 aqua
1284 468 1318 525 ab
1347 467 1436 527 oculis
1464 467 1676 528 decurrentibus
1706 469 1752 528 in-

75 559 184 618 militum
200 557 324 616 exercitu
339 560 458 630 stipatus
471 557 619 628 imeretur,
631 565 659 616 et
673 573 743 631 papa
757 557 893 616 resideret
933 557 1053 628 quitffl:

75 649 216 716 Adrianus,
236 648 360 719 synodus
383 649 506 705 inmensa
525 649 620 706 multis
640 649 809 705 diversarum
832 650 892 704 ter·
971 647 1014 701 12.
1035 667 1050 697 ιι
1066 647 1088 704 0
1102 645 1135 678 ”⁴
1157 646 1252 713 miser,
1279 645 1346 718 quid
1370 653 1471 719 agam?
1497 647 1615 706 muudus
1642 651 1671 705 et
1696 648 1756 719 ejus

76 751 159 794 rarum
184 736 325 808 episcopis
349 737 524 808 congregatis
546 737 686 794 celebrata
709 741 760 802 est,
786 735 893 806 inqua
931 735 1017 807 iudex
1045 735 1149 806 periit,
1183 736 1261 793 orbis
1288 736 1424 804 doctrina,
1455 743 1554 794 cuncta
1582 737 1665 807 buius
1691 738 1756 795 vitas

77 839 134 882 oum
155 824 191 882 de
215 825 309 882 multis
331 829 415 896 atque
439 819 557 881 diversis
575 828 740 881 tractassent
762 824 891 894 negotiis,
933 839 996 895 quae
1011 825 1148 881 vanitates
1166 830 1231 882 sunt
1250 824 1409 894 obfuscans,
1423 825 1552 883 elabitur.
1567 827 1657 884 Decus
1670 827 1757 885 totius

77 914 220 972 indiscrete
244 928 309 986 erga
332 913 492 984 mysterium
512 913 559 969 liei
578 920 608 970 et
630 914 703 970 beati
723 912 848 969 doctoris
865 917 894 968 et
933 913 1068 970 ecclesiae
1088 919 1142 970 tam
1162 914 1266 970 latine
1281 928 1363 985 quam
1381 917 1483 972 Graecae
1498 916 1687 984 obnubilatur,
1703 916 1755 974 bo-

78 1002 241 1060 coniessorls
255 1002 287 1034 ¹⁷¹
306 1001 444 1058 Ambrosii
462 1015 523 1058 sese
544 1002 707 1070 intulerunt,
731 1015 827 1073 parum
846 1005 894 1057 aut
917 1016 1014 1070 -ιιιιιιι,
1046 1005 1164 1073 lustum,
1198 1008 1322 1059 sanctum
1341 1003 1373 1035 ¹⁷²
1406 1005 1571 1062 eliminatur.
1606 1006 1757 1077 columpna

79 1093 157 1150 niobil
182 1095 294 1163 quantae
312 1091 474 1148 reverentiae
498 1093 649 1163 quantique
672 1091 775 1148 amoris
797 1091 894 1148 beatus
934 1091 1070 1158 ecciesiae,
1086 1091 1293 1148 fundamentum
1308 1091 1383 1160 fidei,
1400 1100 1522 1151 assertor
1533 1095 1664 1165 iusticie,
1680 1096 1757 1153 verbi

78 1183 220 1254 Gregorius
239 1182 304 1238 olim
319 1181 445 1238 ecclesie
458 1179 893 1252 Ambrosianaeper¹⁷³alrectum
935 1181 982 1236 bei
1011 1189 1117 1238 ametor
1145 1181 1320 1252 deprimitur.
1350 1183 1452 1239 iioctor
1479 1184 1606 1256 egregius
1634 1185 1757 1242 omnium

79 1272 248 1338 contulisset,
260 1271 484 1338 reminiscentes;
500 1276 647 1340 propterea
662 1269 740 1341 quasi
755 1270 850 1326 cecati
866 1274 894 1326 et
934 1269 1033 1325 artium
1054 1269 1152 1340 peritia
1171 1270 1292 1326 imbutus
1315 1269 1488 1341 disternitur,
1508 1273 1668 1345 mysterium
1685 1274 1758 1345 perit

77 1359 254 1428 cucumim,
271 1365 299 1417 et
317 1361 422 1430 absque
443 1360 500 1415 ullo
522 1360 639 1430 judicio,
657 1359 732 1430 quod
747 1357 779 1390 ²⁷⁵
802 1357 894 1429 incly·
935 1360 1138 1430 mysteriorum,
1168 1357 1203 1414 de
1231 1372 1286 1429 quo
1317 1359 1436 1416 domnus
1463 1366 1492 1417 et
1519 1362 1760 1420 reverentissimus

76 1455 128 1506 tum
147 1455 175 1506 ct
200 1448 353 1520 permulta
375 1455 500 1518 tempora
518 1448 625 1505 Arnum
644 1455 727 1520 atque
746 1447 892 1516 sancitum,
935 1462 1006 1518 papa
1023 1449 1171 1520 Gregorius
1185 1447 1289 1518 aliquid
1304 1449 1446 1506 sinistrum
1462 1449 1587 1522 prolerre
1604 1453 1706 1521 timuit,
1724 1453 1760 1509 de

76 1538 276 1609 quodammodo
290 1537 452 1595 decolorare
463 1537 495 1568 ¹⁷⁸
509 1544 537 1594 et
551 1536 725 1605 obnubilare,
746 1537 816 1593 οι’Π
831 1537 894 1607 plus
935 1549 990 1607 quo
1010 1543 1112 1607 quanta
1128 1543 1156 1593 et
1171 1549 1252 1606 quant
1267 1550 1364 1608 magna
1379 1539 1458 1608 quast
1475 1538 1662 1597 lucidissimos
1676 1539 1760 1599 dores

75 1627 170 1696 dicam,
198 1629 311 1684 omnino
330 1625 363 1660 ¹⁷⁸
390 1625 485 1684 delere
512 1627 634 1698 aggressi
663 1631 737 1683 sunt.
772 1626 895 1683 Edoctus
935 1627 1032 1684 beatus
1064 1627 1195 1699 magister
1227 1631 1255 1683 et
1283 1627 1383 1684 doctor
1406 1627 1438 1660 ¹⁸⁸
1469 1631 1617 1701 Gregorius
1649 1630 1759 1688 curiose

76 1717 163 1787 itaque
179 1716 297 1774 iiarolus
315 1715 466 1785 imperator
483 1715 724 1786 aquampluribus
743 1715 893 1786 episcopis,
935 1716 1076 1774 attrahens
1108 1717 1286 1786 nouamque
1314 1717 1446 1787 mysterio
1475 1717 1644 1776 interserens
1671 1733 1759 1789 usque

76 1811 103 1861 ut
125 1819 173 1875 per
198 1809 282 1862 totam
311 1805 431 1876 linguam
459 1803 684 1876 proficisceretur
707 1803 839 1872 Latinam,
864 1801 1019 1862 etBbodie
1033 1806 1195 1876 adjunxit.»
1211 1804 1314 1875 Spiritu
1329 1805 1438 1862 demum
1449 1807 1595 1879 animoque
1604 1815 1757 1878 resumpto,

77 1893 207 1964 quioquid
225 1893 362 1950 diversum
381 1893 410 1949 in
434 1898 516 1950 cantu
536 1898 564 1949 et
582 1891 784 1949 ministerum
801 1892 895 1948 divino
932 1895 1011 1962 jussu
1036 1908 1114 1965 papae
1138 1899 1165 1950 ct
1193 1907 1290 1966 magna
1309 1895 1443 1952 nobilium
1472 1901 1551 1967 parte
1573 1897 1758 1954 Romanorum

77 1983 239 2041 invenireta
263 1984 502 2048 nonsummum
526 1981 643 2051 deleret,
659 1987 688 2039 et
706 1981 741 2039 ad
759 1982 894 2038 unitatem
935 1997 997 2039 oum
1015 1981 1105 2054 plebis
1123 1982 1205 2039 simui
1221 1983 1362 2040 voluntate
1377 1983 1516 2053 laudante,
1534 1998 1630 2043 omnes
1644 1984 1757 2056 episco-

77 2073 197 2144 mysterii
221 2072 337 2131 Romani
356 2071 458 2129 uniret.
483 2073 560 2129 Unde
583 2070 685 2129 lactum
708 2076 760 2139 est,
781 2072 894 2129 veniens
934 2085 996 2142 pos,
1011 2072 1248 2142 archiepiscopos,
1265 2072 1389 2140 abbates,
1401 2087 1582 2146 quoscunque
1598 2074 1754 2147 religiosos,

76 2161 224 2233 imperator
246 2161 439 2229 llediolanum,
460 2161 599 2218 devastata
618 2162 708 2232 rapte
727 2175 808 2232 quam
832 2161 892 2231 ipse
934 2159 1021 2218 laicos
1039 2167 1067 2218 et
1089 2161 1218 2228 clericos,
1238 2174 1309 2230 quos
1331 2162 1451 2219 concilio
1474 2163 1633 2220 interfuisse
1652 2176 1755 2236 cogno-

76 2250 113 2308 ira
131 2252 336 2324 inextinguibili
351 2253 387 2308 ob
400 2251 594 2322 imperatorem
617 2249 790 2308 Desiderium
813 2262 893 2306 suum
933 2249 981 2314 vit,
998 2250 1121 2318 quamvis
1145 2263 1194 2319 per
1217 2255 1274 2305 tres
1296 2247 1357 2306 dies
1380 2253 1590 2308 recessissenta
1606 2253 1702 2320 Roma,
1718 2250 1754 2308 ad

74 2339 220 2398 haemulum
233 2340 340 2406 oderat,
355 2353 437 2409 quem
456 2339 558 2395 milites
575 2339 667 2409 Papia.
686 2345 783 2395 contra
801 2337 894 2395 Gario-
934 2337 1037 2394 curiam
1060 2337 1158 2392 summi
1182 2336 1321 2406 pontilicis
1341 2339 1487 2395 revocavit.
1511 2339 1617 2407 Quibus
1637 2353 1755 2412 congre·

73 2430 113 2486 nis
132 2431 281 2501 imperium
299 2428 416 2483 viriliter
438 2428 522 2483 armis
543 2433 572 2483 et
594 2427 706 2498 ingenio
726 2432 891 2494 tutaverant,
933 2427 1004 2498 gatis
1027 2427 1125 2483 beatus
1147 2426 1285 2496 Eugenius
1309 2426 1457 2498 episcopus
1480 2427 1514 2484 de
1539 2429 1671 2500 mysterio
1689 2433 1756 2487 Aut·

70 2531 170 2576 omnes
194 2517 281 2574 libros
299 2517 479 2574 Ambrosiano
504 2517 585 2574 titulo
604 2517 750 2588 sigillatos,
766 2531 837 2587 quos
849 2517 892 2573 vel
934 2515 1064 2572 brosiaoo
1083 2527 1150 2572 voce
1169 2514 1298 2586 benigna,
1319 2516 1392 2572 unde
1417 2517 1600 2590 incomposite
1622 2524 1756 2576 tractave-

72 2607 163 2679 pretio
178 2607 220 2663 vel
235 2606 310 2663 dono
335 2605 376 2662 vei
399 2606 424 2662 vi
443 2605 545 2663 babere
566 2607 665 2676 potuit,
685 2605 755 2662 alios
776 2606 893 2662 combu·
934 2613 996 2664 rant
1009 2606 1051 2673 ¹⁸⁹,
1076 2606 1190 2665 muitum
1216 2613 1385 2678 conquestus
1408 2616 1460 2665 est.
1494 2610 1553 2679 Quo
1576 2609 1683 2680 audito,
1709 2625 1756 2669 ex-

73 2711 145 2763 rens,
162 2695 234 2753 aiios
247 2701 324 2752 trans
338 2701 446 2752 montes
464 2696 542 2766 quasi
561 2696 590 2751 in
606 2696 688 2753 exilio
705 2709 798 2752 secum
817 2695 893 2752 dctu·
934 2697 1023 2753 tranei
1047 2696 1142 2753 clerici
1166 2707 1366 2769 cognoscentes
1379 2699 1467 2756 virum
1481 2701 1560 2758 valde
1579 2701 1696 2773 probum
1712 2703 1758 2772 ju-

74 2787 113 2843 ltt.
129 2784 184 2842 Sed
204 2784 328 2855 religiosi
342 2785 395 2841 viri
409 2784 479 2841 tales
493 2789 522 2841 et
541 2789 633 2841 tantos
653 2785 739 2842 libros
757 2783 893 2852 videntes,
934 2785 1073 2855 stitiaeque
1088 2789 1249 2853 amatorem,
1269 2786 1368 2856 partim
1387 2788 1455 2843 satis
1469 2788 1562 2845 mirari
1577 2802 1609 2845 ac
1624 2802 1756 2847 verecun-

76 2875 203 2948 religiose
218 2879 376 2930 tenuerunt.
392 2876 427 2931 At
440 2875 512 2930 neus
526 2874 573 2944 qui
589 2874 681 2931 omnia
695 2872 770 2930 videt
784 2877 895 2930 cuneta·
935 2874 995 2931 dari
1014 2879 1168 2943 ceperunt.
1188 2873 1259 2942 Quid
1282 2874 1388 2932 multat
1413 2877 1454 2932 Ab
1475 2877 1629 2948 apostolico
1645 2883 1673 2935 et
1696 2878 1757 2936 unl-

77 2979 128 3037 que
151 2963 305 3036 cognoscit,
330 2967 359 3019 et
386 2961 511 3020 cordium
538 2962 647 3020 occulta
674 2963 839 3035 investigare
867 2967 895 3019 et
934 2957 1022 3019 versis
1048 2963 1187 3033 episcopis
1215 2967 1243 3020 et
1271 2977 1286 3018 a
1314 2969 1373 3021 toto
1404 2965 1479 3024 clero
1508 2966 1542 3022 ab
1571 2969 1757 3039 universoque

78 3053 183 3125 aperire
202 3052 340 3124 praenovit
359 3053 466 3110 animos
480 3057 508 3108 et
526 3052 708 3110 intentionem
732 3054 894 3110 cunctorum
937 3050 1040 3124 populo
1069 3052 1193 3110 Romano
1222 3049 1421 3111 conclamatum
1447 3058 1475 3111 et
1498 3055 1692 3114 conlaudatum
1715 3062 1759 3116 est

80 3143 241 3214 previdens,
257 3141 377 3213 quodm
399 3141 433 3198 ad
449 3141 557 3198 laudem
571 3147 599 3200 ct
622 3142 755 3199 bonorem
775 3132 967 3200 nominisssut
993 3141 1095 3198 libmm
1122 3141 1331 3199 Ambrosianum
1360 3147 1388 3199 et
1411 3143 1485 3201 beati
1508 3146 1634 3218 Gregorii
1657 3145 1758 3204 librum

80 3234 119 3288 sui
138 3246 187 3303 per
202 3229 334 3302 Spiritum
349 3234 473 3286 sanctum
487 3234 583 3287 sancto
599 3231 743 3289 Ambrosio
763 3231 895 3302 episcopo
935 3230 1031 3287 ambos
1054 3244 1138 3300 super
1165 3231 1239 3288 beati
1267 3232 1341 3289 Petri
1370 3231 1456 3290 altare
1484 3235 1587 3305 optimc
1612 3235 1758 3307 sigillatos,

80 3320 197 3377 dictante
217 3319 247 3352 ”¹
276 3319 433 3376 ordinatum
452 3326 576 3387 noverat,
599 3319 696 3377 violari
715 3324 762 3376 aut
781 3317 896 3376 amalis
936 3319 1065 3378 videlicet
1092 3321 1297 3378 evidentissime
1325 3322 1480 3392 apostolico
1494 3323 1526 3356 ¹⁸⁰
1553 3324 1645 3395 sigillo
1670 3325 1760 3396 sigua·

81 3409 223 3468 dilacerari
238 3421 294 3466 non
309 3423 406 3480 passus
420 3413 471 3466 est.
936 3415 991 3475 tos,
1005 3410 1059 3466 viri
1078 3409 1202 3480 religiosi
1217 3417 1426 3480 supponerent;
1448 3411 1515 3481 quin
1534 3412 1616 3469 etiam
1631 3413 1760 3470 omnibus

116 3499 156 3553 li.
173 3497 400 3556 Proficiscens²⁸¹
418 3503 509 3554 autent
532 3498 661 3569 gloriose
681 3499 820 3556 memorie
839 3499 896 3554 Eu·
936 3499 1036 3556 hostiis
1054 3498 1180 3554 ecclesie
1198 3499 1371 3567 apertissime
1389 3498 1526 3570 sigillatis,
1547 3500 1635 3557 indito
1652 3502 1759 3571 jejunio

82 3589 173 3658 genius
200 3591 428 3645 transmontanus
454 3587 618 3658 episcopus,
643 3592 749 3643 amator
767 3592 795 3643 et
818 3586 897 3656 quasi
937 3602 988 3658 per
1011 3592 1068 3642 tres
1086 3585 1147 3642 dies
1169 3587 1261 3642 cuncti
1280 3601 1296 3642 a
1316 3585 1430 3642 minimo
1453 3589 1594 3658 usquead
1614 3589 1759 3646 maximum

82 3683 155 3746 pater
173 3676 352 3734 Ambrosiani
378 3675 501 3746 mysterii
520 3689 572 3732 neo
587 3689 643 3732 non
660 3681 688 3732 et
702 3675 734 3708 ¹⁸⁵
757 3680 899 3745 protector
938 3674 1038 3738 devote
1050 3675 1226 3745 jejunarent,
1247 3680 1276 3729 et
1289 3674 1329 3730 sio
1348 3675 1404 3730 ileo
1420 3675 1553 3744 propitio,
1568 3688 1760 3748 quemcunque

83 3771 155 3834 paler
177 3765 333 3838 spiritualis
360 3764 498 3832 ilarionis,
522 3777 604 3820 causa
632 3763 744 3822 concilii
773 3764 897 3832 Romam,
939 3768 1064 3835 apertum
1079 3767 1107 3820 ct
1126 3767 1278 3819 reseratum
1296 3762 1462 3832 invenirent,
1478 3763 1555 3822 illurn
1579 3765 1759 3824 sunniacum

83 3854 181 3913 invenit
198 3853 385 3926 apostolicum
407 3852 566 3920 Adrianum,
587 3852 634 3923 qui
655 3853 759 3924 primus
782 3853 900 3910 annulos
939 3853 1087 3910 devotione
1102 3857 1130 3908 et
1150 3851 1340 3909 indubitanter
1353 3857 1501 3923 tenerent;
1521 3857 1549 3911 et
1567 3869 1760 3927 quemcunque

84 3949 109 3999 ct
122 3945 213 4017 virgas
228 3944 262 4000 ad
277 3931 479 4000 investiendum
494 3943 671 4013 episcopatus
683 3941 795 3999 iiarloui
810 3941 899 3999 dona·
940 3942 1082 3998 immotum
1101 3955 1134 3997 ac
1152 3939 1301 4012 sigillatum
1320 3942 1500 4012 reperissent,
1516 3942 1593 4000 illum
1613 3945 1762 4002 evidentis·

84 4031 128 4099 vit,
141 4035 195 4103 jam
213 4046 263 4104 per
278 4036 334 4088 tres
348 4029 409 4088 dies
426 4029 582 4087 celebrasse
604 4031 762 4087 concilium.
777 4031 829 4100 Qui
843 4035 901 4087 stu·
940 4029 1008 4087 sima
1022 4029 1229 4099 dispensatione
1242 4029 1447 4087 comburerent.
1462 4032 1540 4100 Quod
1555 4030 1657 4090 iactum
1672 4033 1762 4103 est”',

86 4121 156 4180 diosc
175 4121 280 4190 omnia,
297 4127 327 4177 ut
340 4125 417 4193 gesta
432 4125 519 4187 erant,
537 4133 586 4190 per
600 4119 726 4176 ordinem
745 4119 899 4192 inquirens,
938 4121 1044 4190 jejunio
1059 4119 1093 4176 ab
1112 4119 1253 4191 episcopis
1272 4120 1441 4177 omnibus*
1461 4126 1488 4178 et
1503 4123 1631 4181 universo
1646 4122 1722 4182 clero
1737 4129 1766 4181 et

87 4219 162 4280 pmut
175 4216 239 4270 crat
251 4212 293 4268 vir
306 4210 453 4277 discretus,
468 4209 603 4267 conscilio
617 4223 649 4266 ac
663 4209 798 4280 sapientia
812 4209 903 4281 provi·
942 4207 1045 4280 populo
1063 4208 1188 4264 liomano
1208 4208 1358 4276 celebrato,
1375 4209 1404 4266 in
1423 4211 1505 4266 tertia
1519 4211 1565 4267 die
1584 4213 1673 4269 tertie
1688 4211 1765 4270 leriae

88 4300 144 4368 dus,
158 4303 251 4357 animo
271 4299 405 4372 placidus,
418 4299 495 4355 vultu
509 4311 634 4366 serenus,
650 4298 777 4356 doctrina
792 4306 820 4356 et
837 4311 903 4356 ver-
942 4297 1018 4354 iliius
1031 4296 1225 4364 hebdomadae,
1241 4297 1269 4352 in
1285 4311 1338 4368 qna
1352 4296 1526 4354 Ambrosiani
1548 4317 1562 4350 ιι
1577 4299 1766 4357 llisericordia

90 4387 129 4444 bis
153 4389 289 4456 ailabilis,
322 4393 405 4460 atquc
434 4393 464 4443 ιιι
491 4389 552 4458 ejus
578 4387 698 4460 dignitas
725 4389 902 4458 exposcebat,
941 4387 1051 4443 beurim
1075 4386 1156 4457 piena
1180 4391 1223 4443 est
1246 4391 1350 4442 terrae
1373 4399 1461 4455 usque
1479 4385 1563 4442 bodie
1581 4386 1682 4443 devote
1696 4401 1765 4444 can-

90 4475 154 4532 ultra
171 4490 269 4535 omues
288 4477 433 4549 benignus,
450 4475 523 4547 quod
544 4476 656 4547 dignum
675 4474 756 4532 laude
773 4490 834 4532 esse
848 4475 1014 4542 sibiDtant,
1035 4476 1064 4531 in
1079 4489 1162 4530 unum
1182 4474 1317 4531 universis
1340 4475 1569 4531 convenientibus
1591 4476 1626 4532 ad
1649 4475 1767 4534 invisum

89 4565 237 4634 videbatur,
253 4571 445 4638 competenter
463 4564 636 4621 aidrmabat:
657 4563 766 4621 undem
785 4566 905 4636 qualiter
945 4573 973 4624 et
995 4566 1149 4622 inauditum
1174 4566 1345 4632 miraculum,
1371 4566 1498 4623 ecclesie
1519 4569 1611 4637 januae
1634 4567 1767 4626 stantem

90 4661 132 4710 aut
157 4655 298 4727 quomodo
321 4669 407 4726 super
427 4655 588 4726 mysterium
611 4653 820 4711 Ambrosianum
844 4669 904 4712 sese
946 4653 1100 4724 apostolico
1115 4659 1244 4712 reserate
1259 4661 1287 4710 et
1302 4653 1375 4711 ultro
1391 4659 1494 4725 aperte
1512 4655 1707 4724 emtoribus
1725 4657 1768 4713 in·

90 4744 203 4813 synodus
227 4744 380 4811 habuisset,
399 4744 478 4815 quasi
497 4744 523 4799 vi
542 4743 651 4800 abillis
674 4743 800 4799 extorsit.
826 4743 905 4812 Quod
946 4745 1104 4816 trogressis,
1122 4743 1218 4801 ambos
1237 4743 1324 4802 libros
1349 4749 1378 4801 ut
1401 4743 1563 4801 dimiserant
1585 4744 1722 4817 sigillatos
1739 4750 1767 4803 et

90 4832 133 4888 ubi
164 4833 303 4907 Eugenius
334 4832 456 4901 audivit,
494 4831 642 4903 plurimum
656 4831 689 4864 ”⁸
720 4846 906 4903 expavescens
946 4833 1058 4891 omnino
1082 4833 1202 4889 intactos
1224 4831 1397 4888 invenerunt.
1417 4833 1476 4900 Quo
1499 4831 1558 4890 viso
1582 4833 1691 4890 cunctis
1714 4833 1768 4890 ml·

92 4921 239 4991 condoluit,
259 4928 288 4980 et
309 4935 378 4980 voce
400 4921 562 4980 lacrimabili
590 4921 720 4979 miserum
741 4935 770 4978 se
791 4935 904 4989 vocans,
945 4922 1071 4980 rantibus
1085 4921 1219 4993 valdeque
1238 4920 1499 4992 obstupescentibus
1517 4921 1685 4994 nimiumque
1704 4935 1769 4981 con·

760 5072 872 5130 VARIAE
898 5073 1091 5131 LECTIONES.

125 5187 153 5220 ¹²¹
175 5188 321 5260 imperium
339 5191 401 5247 Ber.
428 5187 546 5258 inperio
569 5185 726 5260 magnidco.
746 5201 819 5244 men.
845 5187 898 5245 Μ’.
923 5187 967 5245 iil.
1022 5189 1055 5220 ’⁷¹
1070 5189 1098 5245 d.
1119 5201 1145 5244 e.
1161 5203 1186 5245 c.
1207 5187 1300 5244 derunt
1314 5188 1344 5243 B.
1399 5186 1558 5245 ¹⁷⁸ltoiier.
1574 5185 1617 5245 iil.
1633 5185 1770 5246 veleodd.

94 5257 272 5360 2emeudati
291 5262 320 5317 ll.
353 5259 409 5364 κζ’·
428 5259 499 5316 deest
512 5261 574 5342 lior.
631 5258 664 5291 ”⁸
677 5260 791 5318 deber.
807 5258 937 5317 decolore
952 5259 1029 5364 cgdd.
1083 5259 1116 5344 ’ζ’
1131 5262 1237 5316 utiler.
1293 5258 1326 5344 ’ζ’
1340 5257 1483 5341 deestlier.
1515 5255 1573 5343 '¹⁷‘
1586 5259 1717 5330 mysterio
1727 5259 1771 5343 iil.

95 5331 303 5462 sitdiu.
329 5333 435 5460 teti·
452 5331 653 5459 illidii·
679 5330 820 5459 dabit
838 5334 901 5459 lv·
934 5401 967 5435 ..
994 5330 1567 5474 ..enitentilcvtttnltll
1580 5330 1776 5460 '‘iussliilli

96 5471 265 5531 ommim.-
284 5475 313 5532 S.
338 5474 453 5547 Eugenil
473 5473 601 5546 planetus
619 5485 703 5543 super
725 5475 878 5532 misterium
896 5475 1116 5532 Ambrosianum.
1140 5473 1184 5532 A·.
1204 5473 1333 5531 Planctus
1357 5473 1385 5528 b.
1410 5473 1441 5529 E.
1466 5473 1501 5530 de
1520 5471 1590 5530 actis
1609 5473 1637 5530 ln
1656 5474 1774 5546 synodo,

96 5541 771 5676 [ιιιιιὰθιθιειιιιιὲθιῆιιιιιὲἱάῗέ.Βσᾙὲᾖῗῶἰῃέῧαὼ
786 5545 818 5578 ¹⁸⁸
827 5545 1072 5676 ιιιι.ἓιιιεὶᾶιιιὶὲὶιιὲἷιιιι
1089 5548 1117 5603 Β.
1133 5545 1174 5603 nl.
1231 5543 1263 5578 ¹⁹
1288 5547 1453 5602 tractaverat
1466 5547 1531 5602 Ber.
1585 5543 1618 5578 ἰ·
1632 5545 1666 5602 ab
1680 5559 1711 5604 a.
1730 5545 1776 5604 nt.
