4036 6162
235 323 287 380 asi
778 317 944 376 namneum
962 315 1229 376 muuiommbmsis
1247 314 1380 374 ubbfflci
1878 315 1935 373 858

235 449 328 508 divina
343 447 454 518 eloquia
468 444 600 504 dictando
614 446 783 514 exponeret:
804 445 913 501 mortuo
928 441 1238 513 constan-Accipiinae,
1252 440 1296 500 vei
1310 453 1392 512 qnam
1405 440 1490 500 inerit
1502 441 1620 515 uigilans
1641 443 1792 502 intuitione
1807 444 1936 502 ciritaib

235 539 276 596 tio
304 533 516 595 liedioianensis
544 532 621 589 urbis
647 531 779 603 episcopo
801 531 854 603 ico.
879 532 951 604 600),
976 547 1057 603 quem
1099 538 1208 602 restrae,
1241 545 1297 588 oon
1333 530 1466 588 babemus
1497 531 1677 604 incognitum.
1710 532 1764 590 Sed
1796 537 1933 604 quoniam

237 641 300 700 ego,
316 632 347 684 ut
364 624 397 656 ¹⁸⁸
415 637 507 695 snpra,
523 622 551 678 in
567 621 638 677 libro
657 621 704 692 qui
725 622 753 677 in
771 622 902 678 lennensi
925 623 993 678 urbe
1017 623 1060 678 in·
1100 622 1220 680 obeunte
1237 627 1347 692 pastore
1362 621 1422 677 sine
1446 621 1560 692 proprio
1585 635 1634 678 vos
1657 633 1713 678 non
1738 621 1821 680 decet
1848 638 1933 689 esse,

237 723 336 774 uentus
366 720 407 770 est
425 710 536 782 repperi
555 709 809 781 aliquantulumque
838 711 1059 778 commemorari,
1101 715 1260 769 constanter
1283 709 1315 741 ¹³¹
1343 709 1512 780 omninoque
1543 717 1621 780 grate
1650 711 1826 781 suscepimus
1858 713 1934 782 quod

240 803 402 862 catholicam
417 800 581 858 electionem
594 813 679 869 super
691 799 842 857 ileusdedit
861 814 877 856 a
900 800 976 857 ciero
998 803 1061 856 Arn-
1101 800 1251 857 benededit
1265 798 1408 856 diaconem
1427 806 1546 856 restrum
1561 798 1596 856 ad
1615 800 1793 871 episcopatus
1806 799 1934 858 cilicium

240 893 377 951 brosinnae
405 889 531 946 ecciesiae
560 887 659 944 iactam
687 903 748 945 esse
776 889 890 945 audivit.
911 890 976 956 Quae
1004 902 1060 946 non
1103 905 1151 947 ros
1170 889 1312 946 unanimes
1326 889 1443 960 elegisse
1470 891 1527 945 ileo
1553 892 1667 946 auctore
1693 889 1838 960 signastis.
1856 891 1936 947 Unde

241 986 304 1053 post
316 980 416 1036 multos
430 978 500 1044 dies,
522 981 552 1032 ut
571 982 630 1032 erat
642 977 752 1043 venitus,
767 976 808 1032 rei
833 977 960 1047 probarit
982 991 1063 1034 even·
1103 979 1167 1050 quia
1186 978 1321 1034 bonorum
1336 977 1368 1008 '⁸⁸
1380 976 1519 1033 desideria
1538 976 1613 1033 nniia
1636 977 1720 1034 debet
1744 978 1870 1034 tarditas
1889 980 1937 1034 im-

240 1074 294 1127 tus.
311 1067 457 1126 Venientes
475 1069 565 1122 autem
591 1065 673 1136 iegati
693 1079 707 1122 a
728 1064 803 1121 ciero
826 1066 1006 1123 Ambrosiano
1022 1065 1064 1123 di·
1105 1069 1210 1139 pedire,
1231 1071 1293 1123 rota
1316 1067 1344 1122 in
1368 1079 1402 1122 eo
1420 1069 1511 1122 restra
1529 1066 1669 1136 complere
1687 1081 1749 1123 eum
1769 1069 1821 1123 bei
1846 1068 1937 1138 gratia

239 1161 311 1216 iccio
326 1158 392 1224 sibi,
407 1157 526 1228 qualiter
544 1155 721 1211 Constantius
735 1153 770 1210 de
784 1153 836 1210 bae
851 1153 905 1209 rita
920 1156 1064 1226 migrasset
1104 1159 1275 1215 iestinamus.
1291 1156 1324 1211 Et
1338 1155 1403 1225 quia
1417 1153 1568 1224 predictus
1582 1155 1624 1210 vir
1637 1154 1719 1211 nobis
1732 1168 1791 1213 non
1807 1157 1937 1212 moribus

239 1246 538 1318 curioscpanderunt;
559 1244 625 1314 quin
656 1243 738 1299 etiam
762 1257 844 1313 quam
871 1243 1008 1300 catboiice
1036 1251 1064 1300 et
1104 1244 1257 1304 sedsoium
1276 1243 1465 1315 specietenus
1483 1249 1567 1300 notus
1587 1247 1639 1310 est,
1663 1249 1777 1314 oportet
1796 1251 1842 1312 nt,
1864 1247 1890 1301 si
1907 1245 1938 1278 ¹¹⁶

240 1353 321 1410 qnam
341 1336 475 1393 canonice
501 1333 655 1400 diaconem,
685 1332 733 1403 qui
761 1330 912 1389 ileusdedit
939 1339 1062 1400 vocatur,
1105 1341 1235 1406 quantum
1256 1333 1284 1390 in
1303 1332 1355 1388 bac
1374 1332 1509 1388 electione
1526 1345 1582 1388 non
1607 1331 1696 1390 solnm
1714 1338 1838 1389 vestram
1866 1334 1938 1390 ntiii-

240 1429 273 1486 ati
293 1428 428 1484 honorem
443 1423 620 1494 episcopatus
635 1421 782 1493 diiigenter
796 1421 939 1493 eligissent
951 1421 994 1488 ¹⁸⁷,
1015 1436 1065 1491 per
1106 1430 1199 1489 tatem,
1225 1421 1274 1478 scd
1294 1421 1375 1477 etiam
1394 1433 1502 1477 cansam
1516 1420 1565 1476 bei
1580 1419 1624 1491 agi
1648 1421 1833 1492 cognoscitis,
1863 1429 1936 1480 tanto

240 1517 331 1575 omnia
364 1517 546 1579 enarraruni;
581 1516 716 1582 praeterea
753 1516 854 1581 quanta
891 1511 1065 1569 incommoda
1106 1512 1231 1569 debeatis
1245 1522 1307 1566 esse
1328 1508 1452 1565 solliciti.
1476 1509 1510 1564 Et
1532 1507 1565 1539 ¹⁸⁸
1587 1509 1727 1566 subtiliter
1754 1511 1938 1582 requirentes

241 1604 310 1662 cleri
325 1607 354 1660 et
371 1602 561 1658 sacerdotesa
580 1597 770 1670 Longobardis
789 1604 817 1655 et
840 1599 952 1669 peridis
973 1599 1066 1656 militi·
1106 1606 1137 1658 ut
1154 1599 1240 1656 nichil
1259 1599 1296 1654 sit
1318 1597 1393 1668 quod
1422 1611 1457 1654 er
1483 1601 1609 1654 artemia
1640 1599 1695 1654 rita
1724 1598 1859 1655 criminis
1892 1615 1938 1670 per

241 1695 295 1750 bus
308 1698 336 1749 et
350 1706 366 1747 a
380 1691 470 1762 piebis
488 1694 566 1759 parte
591 1689 692 1759 injuste
717 1689 902 1758 patiebantur,
926 1688 992 1759 quia
1014 1702 1083 1758 ro·¹
1107 1701 1202 1746 saeros
1230 1687 1318 1758 possit
1341 1699 1461 1742 canones
1488 1686 1611 1754 obviare,
1638 1692 1686 1742 aut
1712 1687 1791 1744 siad
1821 1688 1937 1746 redden

242 1779 341 1837 iuncti
360 1791 467 1844 eorum,
487 1777 523 1834 ob
543 1777 707 1833 eiectionem
730 1789 812 1847 quam
836 1777 889 1848 ipsi
909 1771 1168 1836 inordinateBdam
1183 1776 1217 1810 ¹⁵⁴
1230 1774 1404 1845 disciplinam
1418 1773 1461 1830 rei
1476 1773 1660 1832 exhibendum
1676 1777 1803 1846 regimen
1819 1777 1937 1835 idoneus

243 1877 272 1926 et
289 1863 474 1938 incomposite
498 1880 582 1936 super
599 1864 735 1937 Aginiium
767 1865 823 1937 (64)
851 1863 984 1932 iecerunt,
1013 1867 1066 1922 mi·
1109 1867 1257 1937 reperitur,
1278 1869 1361 1934 atque
1380 1869 1543 1920 cunctorum
1567 1863 1596 1919 in
1616 1865 1686 1934 ejus,
1705 1865 1783 1921 sicut
1802 1867 1936 1932 scribii's,

242 1959 316 2014 nime
331 1955 550 2013 consentiebant.
567 1956 627 2022 Quo
645 1954 740 2010 andito
758 1953 927 2025 apostolicus
946 1955 981 2010 de
1000 1969 1068 2012 nece
1109 1955 1246 2012 electione
1273 1951 1425 2011 concordat
1452 1950 1484 1982 ¹⁵⁷
1507 1965 1646 2019 mensus,
1666 1953 1755 2024 gnatia
1785 1953 1938 2011 divinitate

244 2044 408 2112 Constantii,
424 2042 562 2114 quondam
582 2043 624 2099 sni
639 2042 750 2099 diaconi
773 2048 802 2097 et
830 2042 941 2098 nutricii
962 2042 1068 2100 tidelis·
1109 2042 1275 2114 suffragante
1294 2054 1356 2098 cunr
1375 2039 1554 2111 praesentium
1577 2041 1745 2111 scriptorum
1769 2045 1937 2099 auctoritate

245 2135 307 2192 simi
322 2133 519 2206 perplurimum
534 2130 634 2187 doinii.
649 2131 769 2187 Tandem
795 2129 830 2187 de
853 2131 990 2188 eatboiiea
1014 2131 1070 2187 ele·
1110 2131 1290 2204 solempniter
1321 2130 1493 2187 decrevimus
1525 2128 1558 2162 ¹⁸⁸
1590 2129 1724 2187 ordinari.
1753 2130 1831 2188 iilud
1850 2141 1937 2188 autu

140 2279 142 2288 ,
246 2225 338 2282 ctione
352 2223 452 2294 partim
468 2221 622 2286 laetabatur,
644 2226 672 2275 et
690 2219 791 2290 partim
814 2219 999 2290 compassioni
1023 2233 1070 2278 ec·
1110 2222 1185 2294 quod
1214 2219 1295 2279 nobis
1313 2217 1346 2251 ’⁵’
1373 2219 1407 2276 ab
1426 2217 1544 2290 Agiiuilo
1559 2218 1703 2276 indicastis
1721 2221 1876 2291 seriptum,
1903 2221 1938 2276 di·

246 2326 306 2370 rum
321 2311 463 2369 euidenter
476 2309 630 2366 condoluit.
652 2310 760 2365 interea
788 2307 903 2380 legatos,
933 2314 964 2364 ut
992 2315 1070 2366 erant
1110 2311 1258 2368 lectionem
1278 2313 1395 2365 vestram
1428 2320 1484 2365 non
1509 2313 1626 2366 moreat.
1655 2309 1723 2364 ilum
1752 2321 1811 2366 nos
1840 2311 1870 2366 in
1893 2309 1939 2367 bo·

247 2407 330 2460 untae
345 2400 464 2457 civitatis
478 2399 603 2469 taniique
622 2397 689 2454 cieri
712 2401 906 2468 tantommqne
930 2396 1069 2464 ordinum,
1112 2401 1185 2458 mine
1199 2399 1241 2465 ¹⁸⁰,
1262 2398 1310 2468 qui
1328 2410 1384 2454 non
1402 2410 1419 2452 a
1437 2396 1592 2467 catboiicis,
1613 2401 1641 2454 et
1658 2397 1779 2455 marine
1799 2412 1817 2455 a
1835 2401 1940 2471 longo

247 2503 319 2562 quos
330 2490 427 2545 beatus
445 2486 615 2558 apostolicus
633 2499 717 2556 super
731 2499 828 2542 omnes
841 2486 966 2542 ciuitates
979 2487 1071 2543 animo
1112 2489 1206 2548 bardis
1225 2486 1346 2559 eiigitur,
1365 2484 1440 2542 nulia
1453 2486 1609 2556 praebemus
1628 2485 1736 2544 ratione
1755 2501 1939 2556 consensuum

247 2586 276 2636 et
289 2577 388 2635 aiiectn
403 2579 431 2633 et
445 2589 538 2632 amore
556 2579 585 2630 et
610 2575 763 2630 reverentia
786 2575 859 2631 beati
882 2575 1018 2632 Ambrosii
1032 2574 1073 2630 di·
1113 2593 1175 2646 nec,
1188 2577 1212 2634 si
1227 2576 1344 2645 aiicujus
1357 2575 1582 2646 presumptionis
1600 2575 1783 2648 usurpatione
1804 2575 1897 2634 iactura
1912 2575 1938 2608 “¹

248 2668 361 2740 iigebat,
394 2678 492 2722 omnes
524 2663 643 2736 benigne
673 2663 806 2736 suscepit.
835 2664 971 2736 Diligebat
999 2664 1072 2722 enim
1113 2666 1207 2732 inerit,
1231 2665 1260 2722 in
1289 2663 1436 2721 locumvei
1455 2664 1581 2721 ordinem
1610 2663 1686 2720 ilium
1715 2666 1896 2724 sacerdotem
1913 2665 1941 2696 ²¹

248 2759 345 2814 beatus
364 2755 513 2826 Gregorius
532 2753 603 2809 bane
622 2751 766 2810 eeclesiam
781 2757 809 2810 ιι
827 2752 879 2810 bos
892 2753 1015 2821 ordines,
1036 2755 1075 2810 ri·
1115 2755 1296 2825 suscepimus,
1318 2753 1381 2825 quia
1400 2751 1518 2810 vicarius
1540 2752 1629 2810 sancti
1647 2753 1789 2812 Ambrosii
1812 2755 1942 2828 indignus

250 2847 319 2904 dens
333 2858 384 2916 per
402 2843 494 2900 omnia
508 2857 524 2899 a
536 2841 619 2900 beato
637 2841 782 2900 Ambrosio
798 2842 941 2900 ordinatos
955 2847 983 2899 et
1002 2856 1076 2899 com·
1116 2843 1258 2901 evidenter
1272 2840 1438 2909 ostenditur,
1457 2841 1482 2897 si
1501 2841 1607 2899 eiectus
1628 2855 1645 2898 a
1663 2841 1767 2900 talibus
1785 2843 1942 2900 ordinatur.

253 2933 361 3006 positos
374 2945 445 3000 esse,
462 2935 492 2987 ιιι
511 2936 589 3002 pater
603 2930 689 2986 illium
708 2935 737 2986 et
755 2937 786 2988 ut
800 2937 888 2987 mater
902 2930 1013 2987 unicum
1029 2944 1077 2987 na·
1115 2934 1172 2990 Nec
1191 2932 1264 2988 eninr
1281 2934 1324 2988 cst
1349 2929 1424 3002 quod
1443 2943 1492 2986 ros
1515 2944 1548 2986 ex
1566 2930 1617 2988 bac
1636 2944 1720 2988 eausa
1741 2930 1897 3000 deterreat,
1917 2938 1944 2988 nt

256 3029 324 3078 turn.
339 3019 475 3091 Diligebat
489 3031 545 3074 non
560 3016 747 3086 perfunctorie
766 3032 856 3089 neque
871 3018 926 3075 niia
950 3018 1076 3077 saecuiari
1117 3020 1234 3091 aliquam
1254 3019 1333 3076 robis
1361 3019 1553 3076 necessitatem
1580 3019 1707 3088 incutiat,
1732 3021 1800 3092 quia
1829 3022 1898 3080 inde
1915 3021 1944 3052 ‘⁸¹

258 3107 423 3174 intentione,
443 3105 492 3162 sed
518 3105 617 3162 affeetu
645 3104 721 3163 bono
748 3107 913 3177 sinceroque
941 3107 1026 3164 corde
1051 3091 1209 3180 etGpossit
1227 3108 1356 3165 alimenta
1374 3112 1470 3166 sancto
1489 3109 1634 3166 Ambrosio
1658 3110 1848 3168 seruientibus
1867 3111 1946 3168 cieri·

257 3198 349 3256 animo
364 3207 445 3267 puro.
460 3193 530 3263 Quid
545 3193 651 3250 multat
665 3195 797 3266 Epistola,
812 3209 893 3266 quam
912 3197 1081 3268 perlegales
1122 3199 1163 3254 eis
1177 3197 1337 3264 ministrari,
1354 3195 1439 3254 nicbii
1454 3197 1482 3252 in
1501 3197 1622 3255 bostium
1640 3197 1710 3256 locis
1728 3203 1757 3255 et
1776 3198 1811 3232 ¹⁴⁸
1831 3200 1862 3256 in
1880 3201 1945 3257 Sici·

258 3287 293 3344 ad
312 3285 417 3342 clerum
435 3283 644 3340 Ambrosianum
669 3282 780 3352 direxit,
804 3283 868 3341 iiios
886 3285 915 3341 ln
944 3285 1080 3343 electione
1122 3286 1158 3344 iia
1178 3292 1206 3343 ιι
1224 3287 1253 3343 in
1271 3286 1333 3342 aliis
1351 3287 1392 3343 rei
1410 3285 1529 3355 publicae
1552 3287 1677 3358 partibus
1698 3288 1756 3346 ileo
1781 3295 1944 3362 protegente

258 3388 339 3447 qnam
354 3387 438 3445 super
455 3370 607 3428 benededit
624 3371 757 3428 canonice
780 3371 904 3430 iecerant
922 3379 1082 3431 constanter
1122 3375 1259 3434 consistit.
1279 3376 1315 3432 Ut
1333 3373 1418 3446 igitur
1449 3375 1477 3430 in
1505 3374 1659 3433 ordinando
1687 3390 1720 3435 eo
1748 3379 1799 3448 qui
1825 3392 1843 3435 a
1870 3379 1944 3436 robis
2016 3437 2017 3454 ἦ

257 3465 418 3530 adbortans,
435 3475 523 3532 usque
541 3460 625 3518 bodie
640 3461 773 3518 ostendit.
787 3465 822 3518 At
842 3469 873 3520 ut
895 3463 998 3521 certius
1023 3464 1080 3534 qui·
1123 3465 1228 3523 eiectus
1247 3469 1289 3520 est
1308 3462 1382 3520 nulia
1402 3464 1491 3535 possit
1513 3477 1590 3521 mora
1608 3465 1781 3538 contingere,
1802 3468 1943 3524 ranuieo
2016 3495 2017 3504 ι

259 3567 368 3626 cunque
392 3552 452 3610 baec
466 3551 566 3624 legerit
575 3551 690 3608 credere
699 3565 749 3623 per
758 3553 848 3610 omnia
858 3553 984 3623 vuluerit,
994 3554 1082 3624 ipsam
1123 3568 1186 3611 nem
1200 3553 1337 3611 notarium
1362 3558 1487 3610 nostrum
1514 3553 1725 3624 transmisimus,
1744 3557 1795 3626 qui
1813 3571 1888 3624 ennn,
1917 3562 1944 3612 nt
2016 3545 2017 3552 '

259 3642 404 3715 epistolam
424 3641 452 3696 in
468 3640 586 3712 registro
604 3638 655 3711 (rr,
671 3639 698 3706 4)
713 3640 837 3710 ejusdem
855 3641 1023 3713 descriptam
1036 3657 1083 3699 an-
1124 3646 1209 3701 moris
1241 3648 1292 3710 est,
1313 3641 1455 3699 adnitente
1486 3655 1638 3700 consensus
1666 3645 1754 3702 nostri
1783 3647 1944 3704 auctoritate

260 3733 338 3790 ribus
353 3730 471 3788 curiosis
485 3728 661 3799 sollicitoque
675 3729 810 3786 intendat.
1125 3731 1207 3790 iaciat
1235 3730 1403 3789 consecrari.
1429 3730 1478 3788 Cui
1493 3730 1574 3789 etiam
1594 3733 1800 3804 possessiundis
1817 3735 1861 3802 ¹⁶,
1881 3749 1947 3806 qum

296 3821 323 3878 il.
342 3842 355 3871 e
371 3818 404 3852 ¹⁴⁸
417 3819 553 3887 Quantum
571 3817 604 3849 ¹⁸⁸
622 3831 674 3874 nos
693 3818 728 3875 de
753 3819 831 3876 obitu
854 3819 947 3878 iratrie
970 3827 999 3878 et
1021 3833 1084 3878 coe·
1125 3824 1237 3894 Magnus
1263 3820 1374 3892 qnidam
1403 3820 1547 3892 presbyter
1565 3821 1725 3878 commissas
1750 3822 1897 3892 babuerat,
1915 3824 1947 3879 de

262 3907 371 3982 pisccpi
399 3906 486 3964 nostri
514 3906 667 3964 Constantii
693 3921 795 3966 moeror
822 3907 933 3978 aidciut,
965 3909 1085 3982 paginali
1126 3911 1189 3970 aiiis
1207 3909 1333 3968 ccclesiae
1365 3915 1468 3967 nostra
1496 3910 1624 3967 utilitatis
1651 3925 1743 3968 curam
1772 3927 1881 3984 genere,
1909 3912 1949 3970 rel

263 3996 374 4069 expiere
394 3996 533 4052 locutione
557 4008 614 4053 non
637 4008 794 4066 possumus,
823 3998 872 4054 sed
901 4013 982 4069 quum
1001 4000 1086 4056 muita
1127 4001 1194 4072 qnid
1222 4013 1304 4070 agere
1336 3997 1370 4030 ¹⁸⁸
1400 3997 1520 4070 debeat,
1539 3999 1568 4055 in
1602 3998 1734 4070 presenti
1752 4002 1947 4060 mandarimus

262 4089 335 4145 bona
355 4091 447 4156 partes
465 4085 494 4141 in
508 4084 557 4141 iiio
579 4083 611 4116 ¹⁸⁰
635 4084 746 4142 bomine
771 4085 962 4157 perdidemnt,
982 4089 1086 4146 utinam
1127 4091 1224 4147 Vestra
1243 4103 1272 4146 se
1296 4089 1321 4145 ei
1340 4088 1454 4146 dilectio
1481 4088 1510 4144 in
1529 4089 1658 4146 omnibus
1682 4090 1784 4148 denota
1802 4090 1834 4122 m
1852 4099 1883 4148 ut
1907 4092 1949 4148 det

263 4175 362 4232 uicinae
388 4174 560 4245 repentinam
589 4171 770 4231 calamitatem
799 4176 921 4233 sentiam
949 4175 991 4232 ¹¹¹.
1020 4178 1087 4234 Nam
1129 4186 1158 4236 ιι
1175 4174 1208 4208 ¹⁸⁸
1226 4176 1337 4234 studeat
1351 4176 1528 4234 exhibere.»

263 4263 495 4339 quemadmodum
520 4262 656 4323 sollicitus
674 4264 703 4321 in
723 4264 918 4323 ecclesiastice
933 4266 1027 4339 regula
1047 4267 1089 4324 di·
1169 4266 1201 4321 10
1229 4265 1323 4324 itaruii
1342 4265 1374 4298 '⁸’
1392 4265 1444 4336 (65)
1464 4265 1545 4336 primi
1572 4265 1604 4298 ¹⁷⁰
1632 4270 1768 4338 tempore,
1790 4281 1853 4326 cum
1882 4269 1949 4326 iden

948 4391 1061 4448 VARIAE
1079 4391 1272 4448 Lectiones.

303 4494 422 4552 ¹“deeai
436 4495 467 4550 il.
514 4492 546 4525 '⁸'
558 4493 707 4565 elegissent
720 4494 763 4550 Bi.
811 4494 991 4553 mliudrico:
1007 4498 1128 4570 Epistola
1143 4497 1171 4554 b.
1187 4497 1310 4570 Gregorii
1325 4496 1360 4552 ad
1375 4496 1479 4552 elerum
1494 4493 1736 4553 Mediolanensem.
1789 4497 1823 4530 ²⁸·
1838 4503 1952 4569 Quantus

269 4568 392 4626 ed.Por.
430 4565 463 4598 ¹⁸⁰
502 4564 736 4622 .iiiaeinunob.
753 4564 789 4621 tt.
827 4566 859 4599 ¹¹¹
875 4580 931 4624 non
946 4583 970 4624 s.
985 4568 1028 4626 Bi.
1045 4569 1191 4641 repentina
1205 4569 1360 4625 calamitate
1375 4581 1430 4625 non
1446 4581 1470 4623 s.
1486 4567 1565 4636 Greq.
1603 4567 1676 4624 Νι.
1691 4568 1830 4638 antistite,
1848 4575 1952 4629 omuino

269 4657 297 4714 g.
311 4639 391 4708 Greq.
429 4579 504 4692 ΝΕ.
520 4635 674 4693 studiorum
689 4635 717 4692 d.
733 4635 769 4692 ii.
807 4636 840 4670 ¹³⁸
853 4638 924 4694 decet
939 4640 968 4695 Β.
985 4645 1015 4696 ut
1029 4646 1132 4712 quanto
1146 4641 1189 4696 ed.
1205 4643 1269 4698 Per.
1307 4639 1339 4672 ¹⁸¹
1354 4644 1382 4697 et
1396 4641 1420 4697 si
1434 4651 1458 4694 s.
1475 4653 1498 4694 r.
1515 4637 1584 4696 nibil
1598 4646 1640 4696 est
1654 4652 1683 4710 q.
1703 4641 1729 4697 ei
1745 4653 1779 4696 er
1798 4641 1837 4698 il.
1876 4643 1952 4700 Ι’Ἶι

271 4707 439 4769 nendamil.
478 4707 510 4740 ¹⁵⁷
525 4707 678 4765 concordet
690 4707 728 4762 ii.
766 4706 1030 4768 ¹⁸⁸decernimnsr'l.
1069 4711 1242 4770 ¹⁸·robistt.
1281 4711 1312 4744 ¹⁸⁰
1327 4711 1466 4769 bominem
1480 4707 1517 4765 ti.
1564 4708 1596 4741 ¹⁸¹
1613 4709 1715 4768 iactum
1730 4710 1767 4767 it.
1816 4713 1851 4746 ¹⁸⁸
1866 4729 1951 4772 sacer·

270 4778 511 4846 dotissuscip.ii.
558 4777 678 4834 ”unde
693 4779 858 4847 possuntil.
876 4780 949 4839 unde
967 4783 1047 4838 etiem
1060 4782 1104 4840 Bt.
1151 4782 1243 4839 ¹“sed
1258 4781 1293 4838 ii.
1340 4782 1372 4815 '⁸⁵
1387 4779 1518 4838 traceio.
1537 4795 1563 4836 e.
1580 4781 1644 4852 quia
1667 4780 1702 4837 de
1723 4786 1952 4853 possessiunculis

271 4850 493 4925 quasqnondam
508 4851 542 4906 ii.
576 4864 624 4905 .c.
641 4849 669 4906 b.
681 4849 724 4906 rei
740 4851 774 4906 de
789 4865 814 4907 a.
831 4865 856 4907 ι.
873 4865 901 4908 n.
918 4851 1083 4910 utilitatibus
1096 4853 1132 4910 il.
1179 4853 1212 4886 ¹⁸⁴
1225 4867 1309 4925 opere
1323 4855 1384 4911 A**.
1399 4852 1442 4909 nt.
1456 4866 1485 4921 q.
1501 4849 1605 4908 aiiuda
1625 4865 1672 4908 erc
1691 4852 1733 4908 ed.
1749 4855 1816 4911 Per.
1865 4857 1951 4914 ''de-

272 4928 363 4981 uotam
376 4921 412 5004 ii.
451 4919 484 5005 ’ξ’
498 4927 529 4978 ιιι
548 4865 683 5004 nfecetlii.
704 4921 785 4978 eled.
800 4924 864 5006 Per.
903 4922 1442 4998 '⁸’0op10-1Aiepuntureiiumt'o«
1458 4938 1524 4981 occo
1540 4867 1682 5008 derefter
1697 4926 1838 5008 rmeendi
1852 4927 1952 5009 capiuli

273 4991 467 5067 metropolitane
481 4991 696 5060 Mediolanenses,
712 4997 824 5050 esoreto
842 4999 912 5050 ιιιιιιι
927 5011 955 5052 c.
974 4995 1149 5052 iam-iacti
1179 5011 1209 5054 er
1222 4996 1366 5053 lobeuoem
1388 4995 1500 5067 Boffmo,
1517 5009 1590 5065 currus
1604 4993 1727 5050 ιιιιιιιιιι
1745 5011 1839 5054 rencs
1858 5007 1951 5057 rouu-

274 5081 331 5124 mua
343 5079 441 5122 omem.
460 5063 559 5121 Titulos
572 5063 609 5120 ibi
620 5063 706 5120 nulius
720 5065 861 5137 inscriptus
874 5071 922 5135 eni,
938 5068 965 5122 ie
979 5069 1040 5122 Αἰ.
1056 5069 1086 5124 Β.
1102 5067 1145 5125 Bi.
1159 5011 1220 5124 xie:
1236 5070 1331 5124 Sermo
1345 5067 1373 5123 b.
1389 5066 1500 5124 Tbomae
1514 5065 1717 5136 archiepiscopi
1731 5068 1882 5127 iiedioiani
1896 5083 1953 5142 qna·

276 5138 341 5194 liter
359 5134 479 5194 elicium
492 5135 702 5192 Ambrosianum
717 5136 804 5206 perb.
816 5138 967 5209 Eugenium
982 5140 1016 5194 ab
1030 5139 1150 5197 Adriano
1167 5153 1236 5211 papa
1250 5145 1277 5196 ιι
1292 5137 1393 5195 iiaruio
1412 5139 1577 5210 imperatore
1593 5137 1807 5196 evidentissimis
1821 5141 1953 5198 miraculis
2014 5143 2015 5152 ’

277 5207 420 5266 defensum
435 5213 488 5264 esi.
502 5208 549 5264 A*.
565 5206 661 5263 belet:
677 5208 777 5278 incipit
791 5207 819 5264 b.
835 5209 865 5264 i.
877 5221 903 5264 a.
919 5224 947 5281 q.
964 5211 1114 5268 misterium
1129 5213 1161 5268 A.
1177 5211 1265 5267 sancii
1281 5210 1418 5267 Ambrosii
1432 5210 1538 5266 meritis
1552 5222 1602 5280 per
1613 5209 1641 5266 b.
1657 5206 1849 5269 confessorem
1861 5215 1891 5270 it.
1906 5215 1953 5270 ileo

277 5279 443 5408 gpqiffilassgtss
458 5277 599 5340 residente
612 5281 644 5336 A.
660 5281 732 5336 acc.
748 5280 901 5351 imperante
915 5285 1070 5352 protectum
1084 5281 1136 5339 iuit
1150 5288 1178 5339 et
1191 5281 1400 5340 corroboratum
1412 5281 1526 5340 summis
1539 5287 1567 5338 et
1582 5295 1608 5337 e.
1625 5294 1661 5338 nn.
1674 5283 1838 5352 permansit.
1876 5285 1908 5316 ¹”
1919 5297 1955 5340 se·
2014 5297 2015 5348 3

294 5365 312 5408 o
445 5393 451 5406 .
1414 5393 1417 5396 .

1065 5425 1174 5483 NOTAE.

318 5517 374 5586 ibi)
391 5519 497 5576 Nomen
511 5519 585 5590 regis
597 5519 687 5578 electo
702 5519 825 5578 tribuere
838 5519 957 5579 ridetur.
1142 5521 1197 5581 iiii.
1214 5523 1259 5580 iii.
1283 5521 1330 5578 iii
1346 5537 1409 5651 sqq.
1425 5524 1463 5579 be
1476 5520 1600 5595 eugenio
1618 5521 1701 5579 etiarn
1717 5521 1821 5580 Giuiini
1841 5521 1955 5582 liemdi

321 5587 380 5662 (ob)
398 5591 437 5646 ile
456 5589 579 5649 iabuiosa
602 5592 654 5648 bae
668 5591 803 5651 relatione
817 5607 842 5649 r.
860 5592 1008 5666 iumagaiii
1035 5595 1099 5650 Ant.
1141 5595 1196 5652 iiii.
1218 5595 1239 5662 i,
1259 5591 1305 5649 idi
1320 5615 1328 5664 ;
1344 5595 1437 5664 c.lii,
1452 5593 1480 5649 7.
1495 5593 1566 5652 i'risi
1580 5595 1659 5652 liena.
1674 5591 1710 5652 de
1728 5595 1823 5653 licam
1838 5597 1885 5664 iii,
1903 5593 1955 5650 151.
