4106 6178
312 309 380 374 1139
872 311 1037 368 uouentem
1056 311 1206 368 montelli
1224 309 1430 368 SlTHlVENSlS
1928 307 1989 362 lito

308 436 343 493 ad
363 451 434 508 quos
453 435 629 507 presentium
659 436 755 494 notitia
775 436 941 509 peruenerit,
958 445 1090 494 eternam
1105 438 1133 494 io
1144 437 1237 499 Aboui
1252 434 1403 494 testimonii
1423 431 1530 490 etrite
1546 429 1708 502 probabilis,
1729 430 1861 488 videlieet
1874 431 1987 491 widone

309 526 419 583 Christo
434 526 559 584 salutem.
1171 526 1382 598 archiepiscopo
1397 531 1424 580 et
1437 524 1566 595 brogone
1585 520 1717 592 episcopo
1733 521 1761 577 iu
1777 522 1928 592 praeseutia
1944 523 1986 580 do

347 635 361 668 n
381 616 447 672 Cum
471 617 505 672 ad
529 615 661 672 honorem
676 614 724 672 liei
740 614 787 686 qui
802 613 830 671 iu
851 616 955 672 sanctis
969 617 1026 674 suis
1042 617 1132 675 credi·
1170 615 1251 672 mine
1266 614 1383 672 neblctae
1400 611 1461 684 (60)
1478 609 1637 677 comitisse,
1653 611 1747 666 uxoris
1771 609 1900 681 predicti
1918 627 1986 669 mar·

311 705 518 771 torbouorari,
543 704 578 760 de
602 716 720 773 corpore
745 705 775 761 B.
796 705 898 763 Bertini
924 706 1033 763 abbatis
1053 707 1132 762 dcrct
1169 704 1296 772 chionis,
1321 717 1383 774 que
1407 702 1436 758 io
1463 700 1517 758 hoc
1544 698 1636 756 olllcio
1664 698 1841 756 devotissime
1866 699 1985 756 desern-

310 794 453 851 translatio
476 792 611 850 ascrinio
629 793 657 849 in
683 807 739 866 quo
754 803 928 866 peruentum
944 802 972 852 et
990 796 1131 868 octoginta
1169 793 1208 850 vit
1240 796 1296 851 beo
1324 797 1352 849 et
1378 795 1475 848 sancto
1499 789 1630 855 Bertino;
1663 789 1848 859 presentibus
1881 803 1986 862 quoque

311 884 432 955 quinque
460 895 548 938 annos
575 883 717 952 jacuerat,
745 882 817 939 sicot
840 897 874 940 ca
895 884 1000 956 scripto
1029 883 1132 941 ibidem
1168 883 1315 940 abbatibus
1342 881 1402 950 bis,
1428 882 1537 937 Bonum
1566 878 1664 934 abbate
1691 877 1774 948 boios
1801 877 1878 947 loci,
1908 881 1987 936 llere·

311 976 421 1042 reperto
454 972 586 1042 perpendi
620 973 711 1043 potuit
738 973 903 1042 evidenter,
927 975 1066 1031 inventum
1090 978 1133 1032 est
1170 986 1246 1029 maro
1274 972 1373 1028 abbate
1407 969 1527 1026 cenobii
1560 969 1588 1024 S.
1622 967 1758 1039 Remigii,
1790 967 1921 1024 Reooldo
1946 969 1988 1024 ab·

310 1061 511 1117 sanctissimum
532 1060 599 1118 illud
619 1076 721 1133 corpus
745 1063 849 1120 scrinio
868 1072 1019 1122 memorato
1034 1065 1132 1135 pannis
1170 1062 1233 1118 bate
1267 1061 1295 1118 S.
1328 1059 1478 1126 winnoci,
1512 1057 1628 1114 Gerrino
1661 1056 1760 1113 abbate
1786 1057 1815 1113 S.
1849 1055 1987 1125 iticbarii,

310 1150 434 1218 sericeis,
450 1149 516 1206 licet
530 1157 665 1207 vetustate
679 1153 856 1210 vebemcnter
875 1153 986 1221 attritis,
1015 1154 1132 1226 diligen·
1172 1149 1301 1208 uoluens
1337 1149 1435 1206 abbate
1478 1149 1505 1204 S.
1548 1147 1680 1213 Bavoms,
1714 1146 1865 1202 lleriberto
1894 1146 1988 1202 abbate

311 1247 354 1297 ter
375 1240 526 1297 involutum
542 1247 570 1298 et
584 1241 707 1315 ligatum,
723 1247 752 1299 et
770 1243 868 1316 sigillis
886 1245 1054 1301 authenticis
1065 1258 1132 1302 con·
1171 1242 1199 1298 S.
1231 1239 1349 1306 lodoci,
1378 1240 1498 1294 wasone
1526 1236 1624 1292 abbate
1659 1236 1686 1292 S.
1717 1234 1852 1303 Walrici,
1887 1234 1989 1292 dlirido

310 1331 464 1402 signatum
486 1336 590 1388 etcum
609 1331 729 1388 solutum
752 1338 781 1389 et
804 1339 929 1403 apertum
956 1332 1071 1402 luisset,
1091 1335 1132 1391 in·
1171 1331 1270 1406 abbate
1298 1329 1390 1385 Sancti
1415 1327 1548 1394 Wlmari;
1581 1324 1723 1382 canonicis
1747 1339 1813 1381 uero
1847 1326 1989 1381 [lemensis

310 1427 391 1476 venta
406 1425 449 1476 est
463 1419 536 1477 inter
557 1420 616 1491 ipsa
632 1427 725 1479 sancta
747 1435 809 1479 ossa
833 1437 900 1479 erun
921 1428 1073 1494 argentea,
1101 1424 1129 1480 lu
1171 1419 1301 1476 Ecclesia
1330 1417 1433 1486 olrico,
1456 1415 1628 1483 coustantio,
1648 1415 1782 1487 liugooe;
1810 1416 1988 1471 cananense

310 1524 363 1580 qua
389 1508 441 1566 luit
470 1509 613 1568 manifeste
646 1511 745 1568 litteris
773 1512 936 1582 capitalibus
964 1521 1127 1570 exaratum:
1170 1509 1301 1565 lioclesie
1325 1507 1434 1564 clericis
1460 1507 1565 1563 loaooe
1580 1504 1784 1572 archidiacono,
1806 1504 1988 1572 Theoderico,

309 1601 431 1655 Snucnus
459 1600 593 1657 Brennus
618 1603 718 1657 Annus.
739 1602 842 1657 Deinde
866 1616 880 1657 a
906 1603 1129 1673 perquirentibus
1169 1598 1308 1664 Gdzelin0‚
1324 1596 1467 1661 Balduioo,
1483 1601 1511 1652 el
1525 1594 1587 1650 aliis
1606 1593 1833 1666 quampluribus;
1854 1595 1885 1650 S.
1906 1593 1989 1650 dudo

309 1688 461 1744 studiosius
483 1689 555 1745 intra
579 1703 685 1760 pannos
697 1690 846 1761 predictos
870 1693 1010 1748 inventum
1024 1706 1126 1750 recou-
1170 1688 1235 1744 mari
1251 1685 1389 1758 bigardi,
1400 1685 1547 1753 Norbflrw,
1563 1684 1695 1751 nuberro,
1710 1683 1844 1750 odberto,
1856 1685 1988 1756 llflrgifflt

308 1777 395 1832 ditum
411 1776 478 1833 illud
494 1779 637 1847 scriptum,
654 1780 758 1850 dequo
778 1795 860 1852 supra
880 1779 994 1836 lecimus
1009 1771 1160 1838 mentio-B
1171 1775 1334 1833 lteunboldo.
1351 1775 1399 1831 llis
1421 1774 1549 1831 omuibus
1572 1787 1633 1830 cum
1648 1773 1791 1829 innumera
1816 1773 1989 1829 multitudine

308 1878 381 1932 uem,
397 1867 476 1935 cujus
490 1871 570 1923 tenor
584 1867 647 1922 talis
665 1875 746 1924 erat:
1169 1871 1210 1922 est
1230 1864 1335 1921 levatus
1361 1869 1389 1920 ct
1408 1863 1436 1919 io
1459 1863 1514 1919 hoc
1532 1863 1636 1919 scrinio
1664 1863 1804 1933 repositus
1828 1876 1883 1933 per
1905 1864 1988 1918 omnia

346 1952 353 2024 t
373 1973 385 2002 u
402 1955 481 2010 duno
498 1955 646 2011 dominicae
668 1957 868 2013 incarnationis
887 1956 1032 2015 millesimo
1047 1957 1128 2028 quin·
1169 1953 1340 2010 benedictus.
1370 1951 1487 2022 durem]

308 2041 467 2112 quagesimo
497 2044 644 2111 secundo,
674 2043 826 2102 indictione
859 2046 966 2116 quinta,
995 2055 1128 2117 regnante
1206 2063 1218 2093 e
1250 2043 1309 2111 Quo
1347 2041 1429 2099 etiam
1462 2040 1507 2097 die
1542 2040 1674 2096 Dominus
1712 2053 1761 2110 per
1798 2041 1862 2111 ejus
1898 2042 1987 2096 menta

308 2130 473 2186 Francorum
497 2146 561 2203 rege
585 2134 705 2190 Henrico
728 2135 947 2205 annovigesimo
967 2143 1075 2205 quarto,
1100 2143 1128 2192 et
1170 2131 1222 2188 tria
1264 2130 1393 2187 miracula
1428 2135 1559 2200 operatos
1592 2135 1645 2186 est.
1677 2129 1763 2201 lgitur
1810 2138 1988 2186 memoratum

307 2218 480 2275 octodecimo
504 2233 576 2277 anno
609 2221 774 2291 presulatus
801 2222 895 2280 domni
921 2224 1048 2281 widonis
1076 2226 1127 2280 lte-
1168 2233 1270 2292 corpus
1302 2234 1318 2276 a
1345 2219 1481 2290 predicto
1515 2218 1618 2275 scrinio
1650 2217 1678 2273 in
1708 2216 1782 2274 aliud
1815 2231 1921 2274 uorum
1948 2219 1988 2274 de

306 2309 409 2363 mensis
423 2309 553 2386 Ecclesia
578 2310 790 2382 archiepiscopi,
807 2326 880 2369 auno
903 2313 1033 2384 vigesimo
1053 2327 1127 2371 nono
1168 2316 1265 2366 center
1279 2309 1473 2380 transpositum
1498 2307 1658 2364 translatum
1673 2311 1743 2363 esta
1759 2307 1853 2374 nobis,
1872 2315 1902 2364 et
1917 2323 1987 2379 repo

307 2396 442 2468 drogonis
465 2399 646 2456 Tervanensis
668 2399 798 2457 Ecclesie
827 2401 961 2471 episcopi,
991 2402 1128 2472 prluclpa·
1168 2397 1251 2454 situm
1265 2398 1293 2454 io
1309 2411 1419 2468 capsam
1438 2410 1535 2453 novam
1555 2395 1589 2452 de
1613 2409 1680 2451 auro
1704 2400 1732 2452 et
1746 2403 1865 2468 argento
1882 2402 1911 2452 et
1927 2396 1988 2468 lapi-

308 2490 364 2540 tum
389 2485 524 2542 Flandrie
553 2487 674 2558 regionis
701 2493 812 2544 tenente
837 2488 940 2559 inclyto
969 2490 1127 2547 marchione
1169 2485 1251 2543 dibus
1273 2488 1403 2558 pretiosis
1421 2486 1528 2543 adbuc
1551 2485 1703 2542 bonoridce
1719 2493 1917 2556 preparatam,
1940 2502 1987 2542 xru

308 2572 441 2629 Baiduiuo
461 2573 599 2642 (insulano
623 2574 691 2645 soil.)
716 2589 788 2632 auno
817 2577 1029 2647 septuagesimo,
1055 2593 1127 2635 anno
1168 2575 1305 2632 Kalendas
1327 2576 1466 2646 Augusti,
1492 2579 1587 2646 quarta
1612 2573 1667 2640 [61)
1694 2573 1804 2630 scilieet
1830 2573 1903 2630 ieria
1930 2585 1986 2630 aute

309 2661 450 2732 regiminis
480 2662 573 2720 domni
597 2662 704 2720 abbatis
731 2664 849 2721 nononis
877 2667 1127 2736 quintodecimo,
1167 2665 1267 2722 testum
1296 2665 1387 2722 llariae
1413 2665 1598 2736 llagdaleue,
1622 2676 1695 2720 auno
1720 2664 1818 2735 gratie
1847 2665 1988 2721 millesimo

308 2763 410 2821 corpus
424 2751 573 2809 beatissimi
592 2753 680 2808 Patris
703 2755 817 2821 Bertioi,
838 2755 913 2825 quod
932 2755 1044 2813 biennio
1060 2771 1128 2813 nec-
1169 2755 1359 2812 ducentesimo
1383 2755 1525 2828 trigesimo
1548 2754 1676 2824 septimo,
1692 2763 1826 2826 regnante
1857 2757 1988 2812 excelleo

308 2839 372 2897 dum
388 2841 498 2912 expleto
519 2843 571 2900 sub
592 2843 737 2914 capitaneo
761 2845 788 2901 S.
810 2845 917 2901 Martini
941 2846 1019 2902 altari
1039 2845 1128 2905 iuerat
1168 2847 1275 2902 tissimo
1293 2847 1459 2902 Francorum
1483 2859 1548 2916 rege
1571 2843 1709 2901 Lodovico
1732 2844 1789 2901 ilio
1806 2846 1953 2914 undosior,
1966 2855 1988 2902 rt
2043 2837 2044 2920 ᾖ

308 2939 458 3001 repertum,
474 2931 590 2988 levatum
616 2939 659 2989 est
681 2939 759 2989 sexto
779 2934 870 2990 Nonas
890 2935 952 2990 liaii
977 2935 1010 2990 ab
1031 2935 1127 2992 iisdem
1169 2932 1253 2991 iratre
1268 2936 1327 3004 ejus
1347 2933 1449 3006 inclyto
1465 2933 1587 2990 lieberto
1607 2933 1764 2990 comitatum
1779 2936 1987 2992 Atrebateuscm

308 3021 427 3077 dominis
444 3020 583 3090 episcopis
605 3018 640 3075 de
664 3020 792 3091 plumbeo
814 3023 917 3078 scrinio
942 3022 976 3078 ab
997 3036 1030 3080 eu
1055 3023 1127 3092 loco,
1170 3023 1313 3080 obtinente
1325 3023 1351 3078 in
1363 3022 1500 3094 principio
1513 3023 1723 3090 comitatussui,
1735 3032 1884 3093 preeunte
1898 3027 1932 3081 ab
1941 3039 1988 3081 om

283 3119 285 3122 ·
308 3110 355 3165 ubi
375 3108 439 3165 olim
459 3123 474 3163 a
497 3115 592 3164 sancto
616 3107 752 3180 Folqrriuo
775 3110 935 3166 translatum
955 3118 982 3168 et
1002 3095 1158 3170 recondi-C
1172 3113 1253 3170 uibus
1267 3117 1295 3169 et
1317 3119 1484 3183 cooperante
1499 3111 1585 3183 gratia
1599 3111 1647 3167 Dei
1666 3110 1817 3169 salvatmis
1830 3116 1937 3182 nostri,
1950 3117 1987 3186 qui

308 3203 365 3254 tum
395 3195 455 3253 luit.
488 3197 553 3252 llaec
581 3201 670 3253 autem
696 3199 880 3267 inuentionis,
905 3199 959 3256 imo
981 3201 1126 3258 levationis
1168 3207 1325 3258 sauctorum
1343 3214 1461 3271 corpora
1484 3198 1644 3257 reformabit
1664 3199 1782 3257 claritati
1804 3203 1849 3258 sui
1871 3207 1988 3276 corporis

309 3286 392 3356 liujus
405 3284 456 3341 luit
470 3299 573 3342 causa:
593 3287 786 3342 llouasterium
810 3289 941 3344 inccndio
965 3290 1127 3361 dissipatum
1169 3290 1349 3348 conformata.
1383 3291 1465 3346 Facta
1493 3296 1535 3346 est
1557 3293 1647 3346 autem
1687 3290 1747 3346 bec
1778 3292 1931 3350 translatio
1954 3309 1989 3350 so-

309 3374 465 3432 miuabatur
487 3375 615 3443 ruinam;
640 3376 719 3446 colus
744 3377 936 3434 restaurationi
963 3379 1029 3436 dum
1051 3379 1130 3437 fleret
1170 3380 1297 3437 lemnlter
1319 3394 1334 3435 a
1363 3378 1445 3435 nobis
1471 3384 1500 3435 et
1518 3392 1568 3448 per
1595 3391 1647 3434 uos
1669 3379 1697 3434 in
1721 3379 1842 3436 ecclesia
1871 3384 1989 3454 predicti

310 3471 426 3538 crypta,
451 3470 480 3521 et
500 3465 560 3535 ejus
580 3467 741 3536 jacerentur
768 3465 963 3536 fundamenta,
989 3467 1130 3541 insperato
1170 3469 1269 3537 sancti,
1289 3467 1473 3539 presentibus
1496 3466 1705 3539 quampluribus
1718 3467 1871 3527 abbatibus
1885 3481 1916 3528 ct
1933 3489 1991 3543 pre

310 3554 437 3627 apparuit
463 3560 518 3611 tam
546 3555 711 3611 sanctissimi
737 3556 863 3626 corporis
890 3557 979 3628 gleba.
1003 3559 1131 3616 lacuerat
1171 3559 1287 3631 positis,
1332 3556 1496 3626 ceterisque
1536 3556 1719 3614 ecclesiarum
1768 3559 1900 3629 prelatis
1940 3563 1991 3618 aliis

310 3645 338 3701 in
354 3645 535 3717 sarcophago,
545 3635 607 3716 'quo
631 3645 666 3701 ab
690 3645 824 3713 lielirido,
850 3660 929 3717 quem
958 3647 1016 3718 ipse
1039 3646 1130 3705 adbuc
1170 3649 1252 3707 bonis
1270 3649 1345 3715 viris,
1370 3647 1473 3704 lacobo
1497 3653 1564 3703 tunc
1581 3647 1713 3704 Ecclesiae
1739 3649 1768 3704 B.
1790 3650 1902 3708 liertiru
1922 3667 1991 3708 sene

309 3735 403 3791 nivens
430 3734 555 3790 abbatem
585 3732 778 3804 ordinaverat,
807 3734 931 3806 sepultus
960 3741 1020 3803 est,
1051 3737 1131 3793 anuls
1170 3737 1251 3794 rabili
1265 3736 1364 3792 abbate
1393 3735 1571 3806 presidente.
1595 3737 1626 3791 lo
1648 3737 1727 3806 cujus
1745 3739 1787 3793 rei
1804 3741 1992 3797 testimonio·

310 3823 366 3880 icre
390 3829 499 3881 centum
520 3822 700 3894 quadraginta
720 3837 836 3891 novem;
865 3825 894 3879 io
916 3825 1045 3894 plumbeo
1065 3840 1130 3884 vero
1171 3831 1324 3900 presentes
1347 3825 1453 3881 litteras
1467 3824 1566 3896 sigillis
1589 3826 1693 3882 nostris
1714 3825 1832 3884 lecimus
1859 3832 1992 3898 roborari,

310 3913 423 3981 scrinio,
444 3926 499 3982 qno
526 3913 570 3985 (ut
588 3912 720 3984 diximus)
737 3927 752 3967 a
771 3913 799 3968 S.
820 3911 955 3983 Folquino
974 3914 1026 3971 sub
1044 3914 1130 3972 altare
1171 3931 1243 3973 anno
1267 3915 1374 3972 bomini
1407 3913 1552 3971 millesimo
1579 3913 1768 3972 ducentesimo
1790 3919 1939 3991 trigesimo
1958 3937 1992 3976 se

310 4007 383 4058 terra
399 4001 559 4058 reconditus
583 4007 645 4068 est,
668 4001 795 4058 ducentis
818 4008 845 4057 et
871 4016 920 4058 sex
944 4003 1024 4059 aunis
1043 4018 1130 4074 usque
1172 4007 1268 4079 ptimo,
1284 4004 1525 4075 septimodecimo
1541 4003 1677 4062 llalcndas
1695 4006 1826 4078 Augusti.
1847 4027 1865 4060 s

205 4079 208 4086 ⁴
311 4090 346 4146 ad
361 4097 468 4163 tempus
482 4097 605 4148 nostrum
622 4110 629 4149 r
646 4105 701 4162 quo
726 4091 831 4148 levatus
854 4093 1037 4162 presentibus
1066 4093 1132 4150 uiris

785 4240 847 4314 (llic
860 4244 942 4300 indes
960 4243 1131 4316 capitulorum
1145 4245 1286 4318 opponitur
1299 4247 1327 4300 in
1341 4259 1403 4301 uua.
1419 4244 1512 4314 codd.)

347 4372 401 4445 (60)
421 4374 491 4444 Lege
516 4369 624 4428 ddbele
648 4370 711 4428 ilie
734 4371 847 4428 liuberti
863 4372 1030 4427 Francorum
1045 4370 1128 4443 regis,
1170 4385 1276 4428 reverso
1290 4370 1317 4426 in
1332 4371 1489 4427 monasterio
1508 4385 1556 4428 suo
1581 4373 1737 4428 Messineuei
1758 4373 1909 4434 humillime
1925 4379 1990 4435 risit

312 4444 405 4501 uxoris
430 4443 554 4500 Balduini
573 4443 704 4508 insulani,
720 4457 782 4514 qne
798 4451 906 4499 mortuo
929 4442 1028 4500 marito
1057 4457 1129 4501 anno
1170 4447 1195 4500 et
1212 4441 1291 4514 pleno
1305 4443 1411 4514 pietatis
1434 4442 1555 4514 operibus
1578 4442 1651 4510 obiit,
1671 4443 1758 4516 ibique
1770 4446 1882 4518 sepulto
1898 4455 1945 4504 est.
1962 4451 1991 4503 tu

316 4516 392 4581 1057,
412 4517 439 4572 in
469 4516 587 4571 lllessinie
613 4513 852 4570 sanctimonialium
869 4517 1015 4570 construxit
1043 4529 1128 4571 coeno·
1170 4515 1277 4584 iperius
1291 4528 1352 4583 cap.
1372 4513 1408 4568 38
1423 4523 1500 4582 parte
1514 4529 1544 4571 u.

311 4587 381 4642 bium
395 4608 403 4642 .·
419 4593 443 4643 et
459 4587 549 4642 deuote
573 4585 664 4642 dmiuo
687 4584 865 4656 apostotorum
888 4585 1008 4655 medone,
1027 4601 1045 4641 o
1057 4601 1128 4668 popo
1208 4584 1269 4657 (61)
1291 4587 1361 4656 Lege
1394 4586 1484 4668 quinio
1499 4605 1508 4640 .·
1522 4599 1584 4641 uam
1612 4599 1646 4643 eo
1671 4599 1744 4644 anuo
1769 4587 1836 4646 dies
1857 4591 1992 4648 Domimra

311 4657 466 4716 Abeondro
483 4657 596 4714 seeundo
618 4657 749 4713 munem
765 4656 879 4728 suscepit
892 4655 1016 4713 Midum.
1032 4657 1129 4729 Suoque
1169 4655 1262 4714 littera
1280 4658 1301 4712 b
1317 4656 1434 4728 predita
1448 4663 1518 4712 erat.
