4024 6174
244 285 299 342 535
768 281 934 337 BRUNileS
951 279 1082 336 ctmrtlct
1103 279 1398 334 ltnoorollltornsls
1872 272 1924 325 536

242 411 347 468 fecerat
379 409 512 466 continuo
540 402 688 478 frangeret,
722 411 749 460 el
777 403 861 459 nichil
885 416 979 460 eorum
999 401 1158 473 quercui
1176 409 1251 469 sunt,
1279 415 1309 458 se
1336 401 1476 455 abstinere
1499 397 1611 467 noluit;
1642 398 1742 454 deinde
1769 397 1845 468 quod
1875 410 1922 466 pro

244 499 411 568 promiserat
451 495 607 561 attendens,
645 492 895 548 excommunicatos
926 491 954 546 in
986 503 1062 545 suam
1103 491 1259 546 criminosis
1275 490 1383 545 actibus
1401 503 1458 544 suae
1490 489 1554 542 vitae
1573 489 1763 556 poeniteutiam
1784 499 1839 542 uon
1860 484 1922 540 dico

242 586 455 643 familiaritatem
480 591 507 638 et
531 581 750 638 corumuoionem
767 580 913 648 reciperet,
935 584 962 634 et
976 579 1064 634 eccle
1103 580 1244 650 suscipere
1258 578 1307 635 sed
1327 591 1378 633 uec
1411 577 1571 647 promittere
1598 577 1710 647 quidem
1733 575 1829 642 voluit,
1851 589 1923 630 meu·

241 676 297 731 sias
311 675 339 730 io
355 688 413 730 eam
429 685 509 743 quam
530 675 709 726 consueverat
724 666 914 723 confusionom
930 667 1062 722 traheret.
1104 670 1153 724 tila
1173 682 1204 724 ea
1220 667 1273 723 lida
1297 681 1378 738 quarn
1404 665 1432 720 in
1456 679 1553 722 manus
1586 665 1737 736 legatorum
1767 671 1922 720 nostrorum

240 765 298 832 Qua
317 763 351 819 de
372 775 400 817 re
415 760 489 832 gravi
510 759 606 814 dolore
618 758 752 827 percussi,
772 770 935 826 quamquam
950 756 982 788 ⁸¹⁵
1000 762 1063 826 post
1104 758 1285 828 promiserat;
1305 770 1414 813 necnon
1430 757 1503 826 qood
1519 769 1620 824 corpus
1634 755 1745 821 Christi,
1761 754 1789 808 id
1805 760 1846 808 est
1863 754 1923 808 uoi-

242 855 400 919 contempta
419 847 540 903 coelestis
563 846 636 916 regis
655 844 788 900 beneficia
812 857 881 914 pene
897 844 986 900 omnis
999 857 1063 914 spes
1104 853 1186 901 tatem
1201 853 1303 902 mortae
1336 845 1471 912 ecclesiae,
1501 843 1627 900 scindere
1649 855 1704 899 non
1723 843 1833 912 expavit
1849 863 1855 897 :
1873 855 1923 912 pro

243 937 425 994 correctionis
443 937 503 1005 oJus
523 935 604 989 nobis
623 933 713 989 ablata
731 933 777 1000 sit,
797 932 888 988 adbuc
902 939 992 988 tamen
1007 933 1064 987 aoi-
1104 934 1157 999 bis,
1172 935 1292 1004 inquam,
1313 933 1402 1005 culpis
1420 933 1545 1005 synodali
1561 933 1668 1003 judicio
1687 945 1748 986 eum
1763 945 1923 986 excommo-

244 1040 316 1083 mum
345 1027 405 1094 ejus
445 1023 632 1092 temptandum
669 1020 728 1078 fore
760 1021 941 1086 decrevimus,
979 1021 1064 1090 magis
1103 1023 1263 1088 dicavimus,
1285 1031 1312 1078 ut
1332 1037 1412 1092 quem
1441 1023 1523 1077 mites
1542 1034 1597 1077 non
1612 1020 1761 1090 potuimus,
1777 1018 1819 1074 vel
1837 1019 1923 1073 sorori

244 1114 397 1183 cupientes,
423 1125 484 1166 eum
505 1109 684 1180 apostolicam
711 1109 948 1165 mansuetudinem
967 1108 1062 1164 audire
1104 1111 1138 1166 ad
1157 1111 1226 1167 viam
1241 1111 1347 1176 salutis,
1369 1112 1425 1166 ilco
1447 1110 1603 1179 adjuvante.
1623 1122 1752 1164 revocare
1775 1108 1923 1173 valeamus,

243 1213 324 1271 quam
347 1199 466 1268 experiri
491 1199 675 1254 severitatem.
704 1198 800 1266 ltaque
817 1197 941 1252 misimus
959 1197 985 1252 ei
1004 1197 1063 1265 epi·
1103 1207 1150 1256 aut
1164 1201 1199 1266 si,
1219 1199 1293 1270 qood
1313 1200 1394 1265 absit,
1416 1213 1467 1254 nec
1486 1197 1669 1254 districtionis
1692 1196 1802 1267 quidem
1822 1209 1923 1251 censo-

243 1288 328 1344 stolas
339 1287 574 1354 commonitorias,
596 1294 625 1341 ut
643 1285 799 1341 meminerit
812 1285 879 1355 quid
895 1291 922 1340 et
941 1285 985 1339 oui
1002 1299 1064 1354 pro·
1104 1302 1161 1344 ram
1186 1289 1367 1359 pertimuerit.
1391 1293 1485 1344 nostra
1504 1287 1600 1342 saitem
1619 1287 1709 1341 anima
1732 1285 1764 1316 ³¹·
1779 1286 1923 1356 negligen-

243 1377 358 1445 miserit,
395 1391 430 1432 oe
461 1375 556 1431 credat
582 1389 612 1431 se
636 1388 716 1445 posse
747 1373 841 1430 fallere
869 1375 1063 1444 bermerius
1103 1377 1149 1434 tim
1167 1377 1336 1432 autlimoris
1357 1377 1510 1432 discrimini
1535 1389 1589 1432 ooo
1610 1375 1779 1431 succumbat.
1807 1375 1835 1429 Si
1860 1375 1923 1443 quis

241 1475 344 1538 quanto
369 1466 504 1536 prolixior
531 1473 573 1520 est
597 1465 737 1534 patientia,
768 1471 843 1519 lanto
872 1465 995 1520 severior
1008 1469 1061 1532 est,
1103 1466 1187 1536 igilur
1205 1466 1275 1521 banc
1300 1466 1464 1521 sententiam
1492 1465 1593 1535 iniuste
1625 1463 1668 1518 vel
1697 1462 1924 1519 irrationabiliter

240 1570 302 1612 cum
323 1554 449 1624 iudicare
477 1555 603 1623 coeperit,
625 1554 684 1620 ira;
715 1567 769 1609 neu
798 1553 945 1609 inhonoret
978 1555 1062 1609 ιιειιιιι
1103 1554 1236 1623 prolatam
1249 1567 1310 1609 esse
1330 1551 1475 1622 putaverit,
1505 1553 1528 1607 si
1545 1552 1607 1606 talis
1626 1557 1713 1607 estut
1733 1549 1821 1606 sacris
1838 1565 1923 1620 regu-

241 1644 423 1698 boooraotem
442 1656 482 1707 se,
498 1655 550 1696 nec
564 1641 597 1672 ⁸¹⁸
612 1641 763 1711 potentiam
785 1653 861 1696 suam
882 1641 915 1696 ad
932 1641 980 1696 bei
995 1654 1062 1696 coo·
1102 1642 1137 1697 lis
1151 1641 1341 1713 intelligentiae
1356 1655 1465 1697 sensum
1477 1641 1601 1711 prebere
1616 1653 1671 1696 non
1686 1639 1761 1706 velit,
1777 1640 1921 1695 nobiscum

241 1737 373 1801 temptum
393 1737 420 1785 et
447 1730 626 1799 apostolicam
650 1736 765 1800 temptet
793 1730 942 1786 extendere
961 1727 1165 1787 contu-Binda
1189 1738 1261 1801 agat,
1287 1738 1315 1786 at
1338 1744 1393 1787 nou
1416 1731 1483 1800 quid
1498 1743 1549 1786 nos
1568 1729 1617 1785 sed
1633 1729 1698 1799 quid
1713 1729 1742 1760 ⁸²¹
1759 1728 1849 1786 divina
1864 1743 1923 1784 au·-

241 1818 360 1887 meliam,
380 1819 471 1874 sciens
485 1818 560 1888 quod
580 1819 708 1888 superbis
727 1821 798 1874 beus
812 1819 928 1884 resistit,
948 1818 1062 1874 bumili—
1102 1821 1217 1876 ctoritas
1230 1819 1339 1884 doceat,
1359 1819 1425 1890 quid
1445 1820 1576 1875 decernat
1590 1819 1633 1886 ³¹¹,
1648 1818 1714 1888 quid
1730 1831 1852 1874 consona
1871 1831 1922 1872 vox

242 1909 294 1963 bus
320 1913 411 1964 aulem
436 1907 482 1962 dat
504 1907 629 1977 gratiam.
655 1909 791 1964 Praeterea
813 1907 936 1962 misimus
949 1907 983 1962 ad
999 1921 1061 1963 eum
1102 1913 1259 1964 sanctorum
1275 1915 1382 1978 patron
1395 1907 1512 1977 judicet,
1524 1908 1661 1976 patienter
1679 1905 1794 1961 audieus
1812 1907 1922 1976 acquie-

242 2002 299 2051 tres
318 1995 464 2066 religiosos
486 1996 571 2062 viros,
596 2009 662 2051 suos
684 1996 780 2065 utique
801 1995 906 2062 fidelos,
923 2010 973 2065 per
991 2008 1062 2066 quos
1102 2003 1170 2053 scat.
1191 1999 1247 2052 Nos
1266 2003 1357 2052 tamen
1371 2009 1425 2052 noo
1437 1997 1603 2051 aestimamus
1615 2009 1778 2065 quemquam
1788 1994 1920 2060 bdelium,

241 2097 302 2139 eum
327 2091 435 2142 secreto
461 2085 626 2152 monuimus,
647 2090 677 2141 ut
696 2085 884 2154 penitentiam
914 2090 1008 2156 ageret
1026 2084 1060 2140 de
1102 2085 1149 2156 qui
1165 2085 1351 2141 ecclesiastica
1378 2090 1480 2140 statuta
1503 2083 1620 2151 noverit,
1636 2083 1689 2140 hoc
1708 2095 1802 2138 errore
1821 2085 1919 2148 teneri,

239 2173 392 2230 sceleribus
412 2173 479 2240 sois,
508 2187 570 2244 quae
593 2171 702 2242 quidem
732 2171 870 2228 horrenda
898 2170 1059 2239 dictasunt,
1101 2180 1132 2229 ut
1151 2187 1206 2230 oon
1225 2174 1288 2240 hoc,
1310 2179 1335 2229 et
1366 2173 1389 2228 si
1417 2173 1526 2243 publice
1560 2171 1696 2228 affirmare
1724 2184 1779 2228 non
1810 2171 1919 2236 audeat,

239 2260 467 2330 pluribosautem
487 2267 591 2316 notaet
606 2259 743 2316 inmollis
759 2261 883 2330 partibus
902 2259 1058 2330 divulgata;
1100 2262 1142 2318 vel
1168 2263 1195 2318 iu
1228 2261 1312 2318 corde
1344 2275 1395 2318 suo
1427 2267 1502 2317 recte
1530 2265 1631 2316 iactum
1664 2275 1724 2317 csse
1757 2259 1918 2330 perhibeat;

238 2355 432 2420 propterque
451 2363 514 2404 eum
537 2362 593 2404 noo
615 2349 846 2405 excommunicari
864 2348 952 2404 solum
974 2361 1060 2418 usque
1101 2363 1264 2420 quamquam
1306 2355 1334 2404 ct
1365 2349 1388 2404 si
1426 2362 1487 2415 nos,
1526 2349 1600 2420 qood
1638 2349 1709 2404 Deus
1753 2347 1786 2380 ⁸¹⁸
1804 2353 1917 2412 avertat,

236 2437 271 2492 ad
295 2437 459 2508 condignam
478 2436 703 2503 satisfactionem,
732 2437 779 2492 sed
806 2437 840 2492 ab
859 2436 933 2492 omni
953 2435 1059 2492 honore
1100 2453 1156 2496 uon
1180 2440 1247 2494 satis
1270 2439 1344 2510 gravi
1370 2439 1404 2494 de
1427 2453 1508 2495 causa
1532 2445 1580 2493 aut
1603 2438 1694 2494 minus
1712 2437 1837 2492 ordinate
1856 2451 1918 2491 eum

237 2525 315 2596 regni
330 2526 435 2596 absque
459 2539 508 2595 spe
528 2524 746 2595 recuperationis
770 2525 872 2580 debere
892 2525 1003 2580 destitui
1019 2524 1060 2579 dl·
1099 2527 1256 2597 hujusmodi
1284 2527 1393 2582 vnnulo
1413 2527 1596 2597 ligaverimus,
1624 2526 1697 2581 sicut
1719 2526 1807 2580 saecli
1827 2533 1919 2594 patres

236 2614 359 2670 vloarum
388 2620 416 2670 et
438 2614 618 2670 humanarum
643 2614 733 2684 legum
761 2620 879 2669 testatur
897 2613 1057 2669 auctoritas.
1099 2621 1236 2679 asserunt,
1257 2628 1311 2670 non
1331 2615 1436 2670 idcirco
1456 2613 1850 2683 spemeudacssetscntentia,
1866 2613 1914 2667 sed

237 2703 380 2758 Postremo
399 2701 453 2757 nisi
476 2701 726 2758 excommunicatos
744 2715 759 2756 a
779 2715 828 2756 soa
847 2701 1058 2770 participatione
1099 2703 1237 2759 absolutio
1265 2717 1327 2758 cum
1351 2703 1425 2758 omni
1449 2702 1601 2757 bumilitate
1620 2701 1780 2771 querenda.
1804 2703 1857 2756 l'os
1870 2715 1917 2755 nu·

236 2789 383 2856 divideret,
404 2801 455 2845 nos
474 2789 647 2844 nichilaliod
671 2789 707 2844 de
730 2803 764 2844 eo
788 2789 913 2860 judicare
941 2789 1058 2844 autdis
1099 2789 1364 2856 tem,dilcctissiml,
1384 2791 1431 2860 qui
1460 2789 1594 2858 justitiam
1613 2789 1661 2844 bei
1694 2801 1748 2844 non
1778 2802 1829 2857 pro
1844 2789 1917 2858 regia

236 2893 350 2936 cernere
372 2879 404 2910 ⁸¹¹
432 2891 524 2949 posse,
544 2879 597 2934 nisi
626 2884 656 2934 ot
671 2886 814 2949 separatus
838 2879 871 2933 ab
896 2877 1013 2934 ecclesia
1028 2879 1056 2934 io
1099 2879 1299 2949 indignatione,
1324 2891 1379 2934 non
1409 2892 1459 2948 pro
1483 2876 1576 2947 aliquo
1592 2877 1715 2947 periculo
1730 2877 1860 2932 descrere
1875 2891 1918 2930 ro·
2002 2865 2003 2876 ’

237 2969 535 3024 excommunicatorum
563 2967 704 3023 consortio
737 2966 895 3034 feretrum
912 2967 1058 3036 quibus⁸¹⁰
1099 2965 1199 3032 luistis,
1232 2964 1384 3021 fatuitatem
1422 2979 1516 3021 eorum
1544 2965 1591 3035 qui
1625 2965 1659 3020 dc
1692 2965 1867 3020 execratione
1891 2971 1918 3018 et
2002 2961 2003 3029 Ϊ

240 3055 427 3124 potiusquam
442 3069 503 3110 cum
518 3055 626 3110 Christo
642 3061 746 3124 partem
762 3055 863 3111 babere
879 3056 970 3125 clegit.
989 3045 1245 3111 saneGnendacio
1282 3054 1309 3109 in
1343 3053 1578 3109 consummatione
1614 3051 1647 3084 ⁸¹⁸
1679 3053 1917 3122 parvipendentes,

240 3143 264 3197 si
279 3149 373 3198 nostra
392 3143 496 3197 monita
519 3143 659 3212 suscipere
683 3150 709 3198 et
728 3144 809 3198 vitam
824 3157 900 3198 suam
920 3144 1059 3214 corrigere
1100 3143 1216 3197 viriliter
1231 3149 1300 3198 state
1322 3149 1349 3198 et
1373 3141 1566 3198 confortamini
1590 3143 1617 3196 in
1641 3141 1767 3208 bomine,
1788 3143 1917 3205 scientes,

239 3229 332 3297 vellet,
363 3231 447 3285 beorn
475 3237 572 3286 testem
611 3231 795 3286 invocavimus
826 3236 854 3286 et
890 3233 1057 3299 invocamus,
1100 3231 1174 3301 qood
1195 3231 1270 3286 illius
1289 3237 1393 3300 partem
1414 3229 1573 3298 defenditis,
1597 3231 1644 3300 qui
1664 3231 1859 3299 insuperabilis
1873 3245 1918 3284 ren

236 3323 369 3388 quantum
388 3331 440 3374 nos
458 3318 492 3374 de
511 3319 571 3388 ejus
589 3318 677 3374 salute
696 3307 847 3376 ethonore
866 3319 1057 3390 gauderemus,
1100 3327 1128 3374 et
1146 3319 1178 3350 ⁸¹⁵
1202 3319 1362 3388 magnificus
1388 3318 1571 3388 triumphator
1592 3317 1764 3387 judicaturos
1790 3327 1833 3373 est
1846 3319 1918 3374 vivos

236 3413 264 3462 et
292 3420 353 3462 cum
383 3411 485 3476 quanta
513 3407 628 3463 caritate
657 3420 718 3463 etim
747 3408 774 3462 in
793 3408 926 3478 gremium
955 3415 1057 3464 sanctae
1099 3415 1127 3463 et
1155 3413 1289 3474 mortuos,
1325 3405 1445 3462 reddens
1486 3406 1634 3475 unicuique
1666 3406 1818 3461 secuudum
1850 3419 1918 3475 opus

235 3495 362 3552 ecclesiae
383 3495 622 3566 amplecteremur,
653 3501 748 3566 utpote
776 3509 837 3551 cum
862 3497 909 3565 qui
929 3495 1058 3566 princeps
1098 3509 1188 3550 suurn.
1210 3497 1246 3550 lle
1265 3496 1344 3564 cujus
1372 3494 1531 3550 mmtimoda
1548 3493 1729 3550 retributione
1744 3501 1773 3549 ct
1788 3509 1837 3549 vos
1851 3496 1915 3548 certi

236 3583 332 3654 populi
352 3585 519 3640 eoosdtutus
537 3591 565 3641 et
583 3583 743 3654 amplissimi
770 3585 848 3654 regni
871 3583 1056 3654 gubernacula
1098 3597 1158 3639 esse
1174 3584 1310 3654 poteritis,
1338 3583 1361 3638 si
1389 3583 1523 3652 usquein
1547 3583 1627 3638 finem
1647 3580 1742 3637 fideles
1771 3588 1801 3636 et
1820 3583 1916 3638 iocou-

233 3681 340 3741 tenens,
371 3672 515 3730 catholica
545 3673 621 3742 pacis
649 3679 676 3729 et
701 3673 817 3742 lustitia
846 3672 976 3728 defensor
994 3687 1054 3729 csse
1097 3672 1170 3726 aussi
1186 3673 1213 3726 in
1232 3673 1292 3740 ejus
1310 3671 1425 3726 veritate
1455 3671 1641 3740 perstiteritis.
1665 3671 1781 3739 Propter
1800 3671 1872 3740 quod
1887 3679 1913 3725 et

234 3760 361 3817 deberet.
390 3763 489 3817 ilerum
517 3760 613 3830 quanti
643 3761 703 3830 ipse
727 3767 775 3816 aut
802 3761 904 3830 scripta
932 3766 979 3816 aut
1007 3775 1057 3830 per
1097 3773 1148 3816 uos
1163 3761 1334 3816 incessanter
1355 3773 1406 3828 pro
1430 3759 1508 3814 robis
1530 3773 1658 3830 rogamus
1670 3758 1815 3814 bominum
1830 3759 1871 3824 ¹⁸⁴,
1885 3767 1914 3814 ut

234 3848 340 3916 legatos
358 3847 441 3902 missa
466 3855 560 3902 nostra
592 3847 675 3902 rerba
712 3847 819 3912 fecerit,
840 3851 899 3916 ojus
918 3847 988 3904 facta
1008 3848 1056 3904 de·
1096 3847 1143 3904 det
1157 3849 1236 3904 vobis
1251 3847 1378 3903 uirtutem
1393 3847 1568 3903 corroborari
1583 3861 1633 3916 per
1646 3847 1777 3915 Spiritum
1793 3855 1912 3902 sanctum

234 3932 349 3989 clarant.
378 3934 429 4000 Qui
458 3933 569 4004 indigue
598 3932 690 3990 ferens
709 3949 738 3991 se
758 3949 773 3990 a
792 3948 930 4005 quoquam
963 3950 1056 4006 repre·
1096 3937 1253 3994 innomine
1276 3937 1346 4005 ejus,
1371 3941 1398 3991 et
1421 3941 1564 3990 convertat
1583 3935 1759 4004 corregisad
1775 3936 1912 4005 preniten-

234 4020 318 4076 lreodi
337 4025 384 4076 aut
403 4021 516 4091 corripi,
528 4034 583 4077 non
598 4022 686 4077 solum
702 4023 892 4092 aporpetratis
911 4023 944 4078 ad
964 4037 1055 4080 emen·
1096 4025 1177 4094 tiarn;
1194 4033 1224 4082 ut
1238 4030 1266 4080 ct
1280 4023 1497 4094 ipscaliquaodo
1508 4031 1648 4094 agnoscat,
1665 4036 1716 4079 nos
1730 4029 1758 4078 et
1771 4037 1821 4080 vos
1832 4025 1913 4079 molto

234 4107 374 4164 dationem
397 4109 521 4164 revocari
554 4121 609 4164 non
632 4110 741 4179 potnit,
770 4110 819 4165 sed
839 4110 965 4181 ampliori
988 4125 1054 4168 con·
1094 4115 1186 4170 vcrius
1199 4125 1290 4168 amare
1308 4127 1380 4180 curri,
1396 4126 1477 4182 quam
1493 4113 1540 4181 qui
1560 4125 1633 4167 nunc
1646 4112 1705 4167 suis
1724 4113 1913 4182 iniquitatibus

233 4197 357 4254 scientie
377 4211 433 4253 suae
461 4196 554 4253 furore
584 4203 721 4266 arreptus,
751 4211 805 4254 ooo
831 4200 907 4268 prius
926 4200 1051 4267 cessavit,
1094 4202 1285 4273 obsequuntur
1305 4207 1333 4257 ct
1352 4200 1452 4256 iurent.
1473 4201 1524 4269 Qui
1547 4201 1571 4256 si
1586 4203 1641 4257 beo
1656 4201 1809 4270 inspirante
1824 4200 1913 4258 volue-

233 4283 322 4340 doneo
341 4285 487 4354 episcopos
506 4299 576 4355 peuc
591 4297 686 4341 omnes
707 4286 734 4340 iu
756 4285 843 4353 ltalia,
865 4287 892 4340 in
907 4287 1053 4344 Tbeutoni·
1094 4291 1130 4346 rit
1155 4291 1327 4360 resipiscere,
1343 4289 1475 4360 quiequid
1499 4295 1595 4345 contra
1612 4302 1662 4344 nos
1682 4289 1820 4354 moliatur,
1841 4303 1912 4344 scm-

233 4373 274 4428 cis
307 4386 373 4429 vero
407 4373 531 4443 partibus
568 4379 705 4442 quotquot
733 4374 832 4443 potuit,
866 4375 939 4430 circa
970 4366 1143 4449 fdemssper
1171 4387 1261 4435 tamen
1285 4392 1335 4434 nos
1362 4377 1396 4433 ad
1427 4377 1616 4447 recipiendum
1638 4391 1700 4432 euin
1719 4363 1762 4432 'iu
1794 4383 1910 4432 sancum

233 4461 333 4517 Cbristi
363 4459 524 4531 naufragare
558 4459 633 4525 fecit,
661 4461 725 4516 dum
745 4475 794 4518 eos
823 4463 943 4518 debitam
972 4465 1052 4522 beato
1094 4468 1324 4533 communionem,
1350 4472 1433 4537 prout
1459 4473 1549 4522 vestra
1578 4465 1678 4520 caritas
1707 4465 1788 4520 uoltis
1816 4479 1910 4521 coosu-

234 4552 315 4606 Petro
340 4557 368 4605 et
395 4549 556 4620 apostolicae
575 4549 634 4605 sedi
658 4549 853 4606 oboedientiam
873 4559 900 4606 et
919 4553 1051 4610 honorem
1094 4556 1186 4622 luerit,
1205 4561 1316 4625 paratos
1331 4554 1461 4610 inveniet.
1483 4570 1497 4606 ιι

233 4654 249 4695 a
272 4638 304 4670 ³¹⁹
326 4639 443 4695 bomine
463 4645 558 4694 nostro
572 4640 637 4693 lesu
659 4637 769 4694 cbristo
788 4653 949 4696 concessum
969 4643 1053 4698 abne·
1128 4643 1173 4700 73.
1203 4645 1301 4700 Postea
1329 4657 1406 4706 vero,
1434 4647 1464 4698 ιιι
1492 4641 1803 4698 excommunicationem
1832 4657 1907 4712 quan

233 4741 298 4798 gare
317 4727 436 4796 subegit.
456 4727 522 4782 Cum
546 4727 631 4797 igitur
648 4726 821 4796 iniquitatem
849 4731 909 4798 ejus
926 4729 960 4783 ad
979 4744 1038 4786 sum
1093 4733 1196 4789 lecerat
1218 4731 1336 4802 amplius
1371 4731 1555 4796 confirmaret,
1579 4730 1629 4786 bas
1656 4730 1762 4786 litteras
1789 4731 1861 4786 misit
1884 4731 1907 4784 in

233 4829 305 4871 mum
334 4814 460 4885 prodisse
496 4815 623 4882 vidimus,
653 4829 703 4884 pro
729 4816 772 4870 bis
799 4818 899 4883 causis,
925 4818 1053 4875 videlicet
1093 4822 1278 4878 Tbeutooioas
1296 4820 1450 4891 regiones:

234 4905 361 4976 primum,
390 4904 465 4974 quod
490 4904 524 4958 ab
543 4918 638 4960 eorum
658 4905 850 4962 communione
875 4907 921 4975 qui
942 4921 992 4976 pro
1011 4923 1052 4964 sa·
1130 4931 1143 4963 ιι
1168 4911 1316 4982 Gregorius
1339 4909 1487 4979 opiscopus
1504 4907 1600 4978 (Gneo.
1627 4907 1681 4974 vll,
1707 4909 1770 4976 liep.
1792 4922 1850 4972 rrn,
1866 4908 1906 4970 21,

233 4993 347 5064 crilegio
370 4996 399 5049 et
426 5000 503 5050 reatu
527 4992 684 5048 simoniacae
717 4993 831 5049 lucrosis
868 4998 1053 5053 excommuoi·
1093 5000 1157 5058 dod.
1181 4999 1275 5055 liciole.
1304 4997 1380 5068 156),
1399 5011 1495 5053 servus
1515 5009 1655 5054 servorum
1681 4995 1740 5063 bet,
1762 4995 1863 5052 dilecto
1882 4997 1907 5050 in

907 5197 1018 5253 VdfflAE
1045 5199 1236 5255 boemones.

266 5375 298 5408 ⁸¹⁸
322 5382 445 5448 quanvis
465 5383 492 5439 2.
531 5384 562 5416 ⁸¹⁰
586 5385 685 5441 neu2.
722 5386 754 5418 ⁸¹²
777 5387 804 5443 d.
825 5387 961 5444 desunt2.
999 5389 1032 5422 ¹¹⁸
1053 5405 1081 5461 q.
1103 5391 1161 5492 ipse
1185 5407 1213 5462 p.
1229 5333 1327 5448 2.·⁸¹⁹
1348 5393 1454 5448 ito2el
1468 5393 1566 5449 Elicb.
1586 5393 1615 5448 in
1637 5390 1661 5446 l.
1699 5391 1903 5446 ⁸”nostrans

231 5447 348 5505 animam
366 5453 389 5506 l.
427 5452 456 5484 ⁸¹·
477 5454 558 5510 deest.
578 5455 602 5512 l.
640 5456 672 5488 ¹¹¹
687 5456 826 5513 discernat
844 5457 871 5511 2.
909 5459 941 5490 ⁸¹⁸
960 5461 1031 5516 dccet
1047 5460 1071 5516 l.
1121 5461 1142 5493 ἰ
1160 5463 1423 5519 consummationem
1438 5462 1636 5535 ruuntsapplet
1650 5461 1724 5518 lfnb.
1762 5460 1796 5492 ”⁸
1811 5471 1897 5516 rexav·

232 5529 341 5587 semper
356 5535 391 5576 m.
407 5521 434 5576 2.
472 5523 641 5584 ⁸¹⁸deum2.
