4016 6160
248 237 299 297 tol
955 235 1096 296 hannul
1114 235 1231 296 subl'll
1887 241 1943 300 652

153 365 158 378 ‘
247 367 427 426 sacramentis
444 379 507 440 quae
531 369 666 440 geruntur
687 365 717 422 ln
740 365 854 435 sanclis,
874 369 902 421 te
921 378 955 422 ex
970 363 1228 427 ordinehllinistrl
1247 362 1342 421 altaria
1360 362 1516 435 prespeteri
1544 363 1603 421 siue
1622 363 1734 423 meconi
1747 366 1783 424 ad
1797 368 1941 428 llomlnlca

248 473 302 517 uos
315 457 397 516 decta
410 458 566 515 instituere.
582 456 680 512 Tribus
694 453 767 512 euim
782 454 914 527 gradibus
928 455 1074 512 commissa
1114 452 1184 510 tales
1197 453 1335 526 eligantur
1358 451 1459 521 olllcia,
1480 452 1528 524 qui
1542 457 1607 510 ante
1621 454 1825 513 ordinationem
1841 463 1942 531 couju-

249 553 315 607 unt
328 553 498 606 sacramenta
522 545 675 602 divinorum
695 549 878 612 secretorum,
895 543 924 601 id
939 550 982 601 est
996 559 1073 616 pres·
1113 557 1162 615 ges
1181 557 1245 599 suas
1269 542 1452 613 reliquerunt.
1485 541 1564 610 Quod
1590 543 1614 599 si
1643 549 1707 615 post
1735 546 1940 606 ordinationem

250 643 358 710 patero,
374 637 492 694 diaootm
515 640 544 692 et
566 633 764 701 subministro;
793 632 822 689 hi
850 647 913 690 oum
934 634 1033 690 timore
1046 638 1074 690 et
1113 631 1240 689 ministro
1256 631 1404 702 contigerit
1433 632 1553 701 propria
1572 631 1702 689 invadere
1723 634 1815 691 cubile
1835 639 1940 702 uxoris,

251 730 371 785 tremore
399 725 530 797 reliquias
545 723 672 794 corporis
699 723 834 779 bominioi
863 722 967 780 debent
981 729 1074 780 custo
1116 721 1230 776 sacrarii
1250 734 1305 777 nou
1327 721 1414 776 intret
1431 719 1536 787 limina,
1553 735 1604 777 nec
1623 723 1725 778 sacrari
1745 725 1868 793 portitor
1882 727 1939 796 liat,

250 816 311 874 dire
335 815 558 888 fragmentorum,
579 826 669 883 neque
693 811 812 883 putredo
836 813 864 869 in
893 812 1026 880 sacrario,
1046 817 1074 867 et
1113 823 1166 865 nec
1179 810 1266 866 altare
1288 810 1441 881 contingat,
1458 823 1511 866 neo
1534 811 1569 866 ab
1588 810 1769 869 offerentibus
1782 813 1940 874 holocausti

250 920 342 978 neque
368 908 465 976 agatur
479 902 661 974 negligenter,
683 915 735 958 nec
759 902 883 972 portioni
904 901 1031 973 corporis
1045 907 1073 958 et
1114 899 1283 956 oblationem
1298 899 1441 969 suscipiat,
1461 913 1514 955 nee
1533 899 1567 956 ad
1581 900 1717 957 Dominici
1732 905 1861 972 eorporis
1876 918 1940 975 por-

250 994 393 1066 sangulnis
407 992 515 1049 Domini
530 992 621 1063 grauis
636 988 771 1047 inferatur
784 991 894 1061 injuria.
911 991 1072 1049 communio
1114 990 1218 1046 tionem
1240 989 1381 1061 [accedat],
1411 1002 1509 1060 aquam
1537 989 1712 1046 sacerdotum
1727 993 1855 1049 manibus
1870 1007 1937 1064 por-

250 1084 323 1141 enim
351 1082 455 1140 domini
488 1083 577 1138 nostri
609 1081 674 1136 lesu
711 1079 812 1137 Christi
840 1081 864 1136 sl
900 1080 1073 1152 negligenter
1112 1079 1194 1150 rigat,
1233 1079 1331 1142 ostiam
1368 1076 1524 1135 forinsecus
1560 1077 1679 1146 claudat,
1718 1081 1825 1138 minora
1862 1093 1939 1153 gerat

247 1178 353 1245 agatur,
369 1177 398 1228 et
409 1185 465 1230 non
484 1178 564 1229 curat
579 1170 728 1227 admonere
748 1167 849 1237 officia,
865 1171 940 1242 gravi
954 1170 1070 1226 anathe-
1113 1166 1214 1236 officia,
1230 1182 1343 1224 urceum
1365 1182 1432 1224 sane
1455 1168 1490 1224 ad
1506 1168 1593 1225 altare
1608 1170 1650 1225 vel
1665 1169 1778 1227 calicem
1795 1184 1852 1228 uon
1872 1187 1939 1246 sug-

247 1267 319 1319 mate
348 1257 504 1332 perculsus,
533 1274 584 1331 pro
613 1259 719 1331 judicio
756 1259 839 1330 digna
871 1257 1071 1316 humiliationis
1111 1261 1198 1327 gerat.
1231 1256 1259 1312 Si
1286 1254 1358 1312 forte
1385 1257 1522 1328 quispiam
1551 1258 1690 1328 prespiter
1716 1261 1773 1315 sive
1802 1259 1937 1318 diaconus

247 1349 327 1422 plaga
354 1349 499 1407 feriantur.
527 1351 608 1406 Certe
641 1354 717 1404 tanta
744 1347 772 1403 in
801 1347 881 1404 altari
909 1346 1070 1406 holocausta
1111 1345 1226 1402 sacrarii
1239 1344 1284 1402 vel
1302 1346 1392 1402 uelum
1416 1346 1583 1416 vendiderit,
1599 1349 1708 1404 noverit
1725 1363 1755 1405 se
1769 1349 1848 1407 iuda
1868 1352 1934 1407 Sca·

247 1439 409 1508 oderantur,
435 1445 537 1512 quanta
558 1436 803 1510 populosufiicere
819 1438 940 1506 debeot;
956 1436 1070 1508 quodsi
1110 1433 1211 1490 riothis
1230 1440 1423 1507 suscepturum
1446 1449 1555 1506 penam.
1576 1455 1591 1489 o
1607 1437 1640 1492 lit
1654 1443 1750 1510 postea
1768 1437 1808 1494 ita
1823 1440 1937 1496 conclu·

248 1529 440 1597 remanseriut,
476 1528 505 1585 in
534 1528 683 1585 crastiuum
716 1539 771 1584 non
809 1535 996 1596 reserventur,
1020 1527 1069 1585 sed
1111 1523 1153 1580 dit
1165 1524 1292 1580 Clemens
1308 1543 1314 1579 :
1333 1542 1347 1576 u
1362 1524 1412 1580 llis
1430 1537 1496 1596 ergo
1520 1524 1591 1582 bene
1606 1532 1701 1596 parete
1716 1525 1746 1558 ¹¹⁹
1764 1531 1933 1587 sententiis:

246 1631 309 1674 cum
333 1618 431 1674 timore
450 1621 479 1674 et
506 1620 626 1674 tremore
658 1615 823 1673 clericorum
859 1621 1066 1673 consumantur.
1113 1626 1148 1669 ue
1172 1613 1235 1683 quia
1257 1612 1317 1670 haec
1339 1617 1470 1685 precepta
1492 1615 1604 1671 minime
1627 1616 1722 1672 credat
1735 1617 1888 1688 implenda,
1909 1627 1935 1676 et

246 1707 298 1776 Qui
321 1713 412 1764 autem
439 1706 549 1764 residua
577 1706 704 1776 corporis
731 1705 876 1774 Dominici,
897 1720 959 1778 quae
978 1705 1006 1762 ln
1022 1701 1207 1773 sa-Bjudicii
1234 1703 1284 1758 Dei
1312 1702 1384 1773 iguis
1410 1704 1509 1761 aeterni
1546 1709 1683 1761 tormenta
1712 1707 1858 1775 sustineat,
1888 1713 1933 1781 qui

247 1794 339 1852 erario
376 1795 473 1853 relicta
510 1799 585 1864 sunt,
619 1799 796 1863 consumunt,
829 1809 885 1852 non
914 1795 1006 1852 statim
1033 1797 1068 1853 ad
1110 1791 1284 1849 aeclesiastici
1299 1793 1392 1863 operis
1410 1807 1489 1850 sacra
1503 1795 1666 1866 neglexerit.
1681 1795 1747 1853 llaec
1761 1797 1934 1869 ergon-ater

247 1889 408 1944 'clrmmuues
431 1884 609 1957 accipiendos
624 1885 701 1942 cibos
716 1885 890 1953 conveniant,
907 1898 958 1942 nec
972 1891 1070 1957 putent
1108 1881 1222 1950 iacebo,
1239 1880 1273 1938 de
1296 1895 1345 1938 ore
1369 1883 1458 1940 sancti
1474 1885 1547 1940 l‘etri
1564 1885 1689 1955 jubentis
1702 1887 1805 1943 audiui.
1825 1889 1854 1944 si
1874 1889 1933 1960 quis

244 1981 349 2034 sanctae
365 1976 488 2047 portioni
517 1975 696 2032 commiscere
711 1975 813 2044 eibum,
829 1976 877 2045 qui
897 1988 947 2045 per
961 1973 1070 2045 aquali·
1109 1969 1170 2027 haec
1186 1975 1316 2042 precepta
1335 1985 1391 2029 non
1413 1973 1520 2044 integra
1543 1973 1718 2043 custodierit,
1738 1976 1775 2032 sit
1788 1978 1932 2034 anathema

244 2065 324 2124 culus
353 2065 476 2137 digestus
503 2065 532 2121 in
561 2078 698 2121 secessum
731 2063 902 2121 defunditur.
932 2065 959 2120 si
984 2064 1069 2135 igitur
1109 2061 1245 2132 usquead
1261 2060 1407 2118 adventum
1426 2062 1531 2120 domiui
1550 2065 1715 2122 nostriJesu
1733 2065 1848 2123 Christi.
1869 2069 1932 2124 llaee

244 2169 324 2213 mane
348 2154 489 2212 bominioa
518 2167 582 2224 pars
606 2154 772 2224 porrigatur,
798 2167 885 2223 usque
909 2152 1068 2209 adsertam
1109 2158 1275 2222 preceptaa
1301 2159 1398 2209 saneto
1425 2154 1508 2209 Petro
1538 2155 1665 2224 apostolo
1693 2156 1800 2226 accepi,
1820 2163 1849 2212 et
1872 2156 1931 2223 tlbi,

242 2245 370 2315 jejunent
402 2243 532 2311 ministri,
557 2242 606 2312 qui
630 2256 690 2299 eam
718 2242 958 2313 consumpserint;
989 2248 1017 2298 el
1044 2244 1069 2300 si
1108 2239 1250 2297 karissime
1279 2240 1364 2297 frater
1390 2243 1503 2309 Jacobe,
1529 2243 1671 2300 insinuare
1699 2245 1804 2312 curari,
1831 2249 1862 2300 ut
1877 2259 1932 2301 ser-

241 2333 325 2390 tertia
339 2331 383 2389 vel
406 2336 504 2403 quarta
522 2331 590 2388 hora
605 2332 773 2401 acceperint,
786 2331 913 2402 jejunent
927 2345 1013 2402 usque
1033 2331 1066 2388 ad
1107 2330 1165 2386 vari
1180 2330 1271 2386 omnia
1297 2329 1435 2402 precipias
1457 2331 1517 2388 sine
1542 2332 1658 2391 macula.
1683 2334 1711 2390 Si
1736 2335 1799 2406 quis
1815 2333 1933 2390 audierit

243 2435 400 2493 vesperum.
429 2421 474 2478 Sic
506 2425 613 2477 secreta
641 2419 858 2477 sanctificatione
888 2425 994 2477 aeterna
1021 2435 1069 2478 cu·
1108 2423 1146 2487 te,
1171 2419 1248 2475 utilis
1270 2419 1397 2476 minister
1415 2421 1469 2478 erit
1484 2423 1549 2478 iesu
1563 2421 1675 2479 Christi.
1695 2423 1746 2491 Qui
1766 2429 1858 2481 autem
1877 2437 1930 2480 non

244 2510 391 2568 stodienda
405 2514 470 2566 sunl
490 2515 670 2566 sacramenta.
687 2511 725 2566 lle
739 2509 826 2566 vassis
839 2509 927 2566 sacris
945 2523 1011 2567 saue
1029 2510 1068 2567 ita
1108 2507 1227 2565 audierit
1241 2514 1279 2577 te,
1305 2501 1389 2567 im'mo
1412 2508 1571 2582 loquentem
1595 2512 1739 2570 hominum
1754 2527 1807 2584 per
1819 2518 1858 2582 te,
1874 2514 1929 2584 ipse

245 2599 398 2672 gerendum
412 2604 454 2656 est
469 2619 477 2655 ε
492 2598 594 2655 bituris
612 2597 695 2670 palla,
715 2598 856 2666 cathedra,
872 2599 1067 2656 caudelabrum
1108 2595 1162 2653 sibi
1176 2597 1379 2655 damnationem
1398 2599 1529 2671 adquirit.
1545 2601 1725 2670 omnipotens
1739 2603 1822 2670 bens,
1848 2602 1930 2658 iaris

244 2694 274 2746 et
287 2687 388 2758 uelum,
408 2689 432 2744 si
446 2687 550 2745 fuerint
563 2694 698 2746 vetustate
725 2695 898 2759 cousumpta,
914 2689 1067 2746 incenden-
1108 2686 1177 2743 sime
1193 2685 1288 2755 frater,
1313 2702 1362 2743 sua
1377 2693 1405 2744 te
1420 2689 1594 2759 protectione
1617 2691 1765 2759 custodiat,
1790 2698 1875 2763 atque
1897 2693 1928 2748 ad

243 2784 309 2847 tur;
326 2777 457 2850 quoniam
480 2790 536 2835 nun
562 2777 629 2834 licet
647 2792 679 2835 ca
698 2791 761 2849 quaa
776 2777 804 2834 in
819 2779 942 2835 sacrario
956 2777 1068 2835 fuerunt
1108 2774 1219 2830 celestis
1238 2778 1487 2834 remunerationem
1511 2779 1608 2849 patriae
1628 2793 1689 2836 eum
1714 2780 1862 2853 multiplici
1876 2783 1931 2838 ani·

243 2866 315 2924 male
348 2869 479 2936 tractari;
508 2867 558 2923 sed
590 2865 784 2924 incendentur.
810 2869 923 2924 Cineres
955 2880 1066 2938 quoque
1108 2875 1213 2919 marum
1235 2861 1327 2920 fructu
1351 2865 1495 2935 perducat.
1520 2868 1637 2924 Deusle
1657 2869 1758 2926 lterum
1775 2871 1930 2942 iterumque

244 2969 341 3012 eorum
357 2956 387 3012 in
403 2955 566 3012 babtisterio
581 2953 744 3025 inferantur,
762 2955 811 3012 ubi
830 2956 922 3012 nullus
935 2957 1067 3013 transitus
1106 2951 1270 3010 incolomem
1285 2955 1433 3025 custodiat,
1450 2957 1671 3015 reverentissime
1686 2959 1780 3016 frater.
1796 2965 1893 3018 nmen.
1916 2981 1928 3010 a

243 3043 389 3113 habeatur,
405 3050 452 3100 aut
477 3045 507 3100 in
521 3044 626 3115 pariete
648 3044 690 3100 vel
705 3043 831 3101 infossis
849 3041 1166 3117 pavimentorumchlia
1181 3043 1329 3100 decretalis
1353 3045 1468 3116 epistola
1498 3046 1647 3105 Clementis
1666 3049 1781 3106 llomaul
1797 3051 1929 3120 episcopi,

239 3133 391 3204 laetentur,
429 3147 464 3190 ne
501 3134 699 3194 introeuntium
731 3133 848 3204 pedibus
875 3136 1065 3208 inquinentur.
1107 3133 1278 3189 successoris
1296 3134 1370 3189 Petri
1395 3134 1490 3206 (epist.
1507 3134 1534 3204 3,
1551 3136 1601 3205 ib.,
1627 3151 1655 3206 p.
1679 3137 1751 3208 53):
1772 3156 1788 3190 «
1807 3139 1930 3194 Clemens

243 3222 330 3280 Nemo
345 3236 395 3293 per
418 3223 600 3294 ignorantiam
623 3223 742 3280 clericus
765 3225 838 3295 palla
854 3232 991 3282 mortuum
1007 3240 1068 3284 cre·
1107 3221 1185 3278 urbis
1198 3223 1294 3279 llomae
1327 3223 1485 3294 episcopus,
1504 3245 1516 3274 a
1534 3231 1562 3282 et
1584 3225 1701 3295 reliqua.
1721 3227 1756 3283 Et
1781 3226 1854 3284 infra
1867 3229 1928 3284 sic:

243 3312 291 3370 dat
318 3310 530 3380 obvolvendum,
555 3312 597 3369 vel
621 3311 749 3383 scapulas
776 3315 904 3385 operiere
932 3314 1067 3373 diaconus
1109 3310 1180 3366 «De
1195 3311 1449 3382 quibusetbeatus
1476 3315 1584 3382 Pelius,
1617 3316 1770 3371 insifflsslOl
1796 3323 1824 3373 θῑ
1853 3317 1928 3373 ⁰rtli·

243 3400 320 3471 relit,
344 3401 379 3459 de
402 3401 528 3474 hisquae
558 3399 661 3458 fuerint
684 3403 712 3458 in
729 3403 826 3461 altare.
846 3405 897 3473 Qui
912 3403 1009 3461 fecerit
1023 3405 1066 3462 uel
1107 3405 1188 3456 nator
1213 3405 1354 3457 noster.»
1375 3403 1409 3458 lit
1427 3402 1509 3473 paulo
1537 3409 1600 3473 post
1621 3422 1628 3459 :
1650 3423 1664 3453 ι
1684 3405 1750 3460 llaec
1771 3404 1892 3476 apostoli
1913 3419 1928 3462 a

242 3489 350 3559 leuiter,
379 3491 404 3547 si
433 3490 576 3558 diaeonus,
607 3491 728 3547 triennio
757 3497 785 3548 et
815 3505 864 3548 ses
891 3494 1067 3550 mensibusa
1107 3489 1223 3546 Domino
1238 3497 1405 3560 acceperunt
1428 3496 1456 3548 et
1479 3491 1561 3548 nobis
1589 3492 1772 3550 tradiderunt.
1799 3497 1865 3552 liae
1881 3509 1927 3552 nos

240 3579 385 3637 Dominico
409 3580 462 3636 erit
481 3580 571 3648 altari,
600 3580 675 3651 gravi
704 3594 853 3651 percussus
880 3583 1064 3652 anathemate,
1107 3577 1248 3646 docemus,
1269 3580 1403 3652 uobisque
1435 3581 1496 3638 haec
1511 3582 1639 3639 omnibus
1657 3583 1762 3655 absque
1780 3587 1927 3657 repreben-

241 3668 435 3727 removendus.
451 3669 529 3737 Quod
554 3668 578 3724 si
593 3668 711 3725 elericos
744 3671 883 3741 prespiter
901 3684 955 3727 non
971 3671 1066 3729 admo·
1106 3667 1185 3723 sione
1200 3673 1294 3725 tenere
1317 3675 1345 3724 et
1364 3670 1476 3739 dooere,
1503 3671 1604 3742 quibus
1626 3672 1763 3743 agendum
1779 3681 1832 3742 est,
1856 3689 1926 3731 man

240 3756 344 3823 nuerit,
365 3753 399 3808 lo
421 3755 502 3810 annis
517 3753 576 3809 etii
596 3755 737 3811 mensibus
751 3757 1004 3813 excommunicatus
1017 3757 1063 3813 sit.
1106 3757 1212 3814 damus.
1234 3777 1248 3810 u
1272 3759 1306 3814 ut
1333 3764 1397 3829 post
1418 3779 1424 3815 :
1447 3761 1614 3818 «Dominus
1641 3767 1737 3820 noster
1753 3766 1835 3822 lesus
1853 3767 1925 3824 chri·

240 3845 292 3912 Qui
307 3857 363 3901 uon
386 3841 482 3898 docuit
502 3855 551 3898 eos
579 3842 613 3898 de
641 3843 695 3910 his,
721 3849 749 3900 et
775 3850 872 3914 postea
891 3860 952 3902 cum
967 3845 1065 3917 grandi
1106 3849 1165 3903 stus
1184 3847 1296 3904 mittens
1313 3846 1466 3918 discipulos
1476 3862 1551 3918 suos,
1563 3851 1689 3922 precepit
1698 3853 1791 3922 nubls,
1811 3855 1840 3911 in
1861 3871 1925 3928 qua·

243 3931 399 3989 humilitate
424 3931 505 3987 matri
527 3931 723 3988 reconcilietur
737 3932 880 3990 acclesiae.
897 3934 986 3990 Pallas
999 3949 1065 3993 vero
1106 3950 1223 4007 cumque
1251 3937 1361 3994 civitate
1390 3938 1568 4010 intraveritis,
1599 3940 1683 3998 dicite
1712 3963 1719 3998 ε
1748 3945 1839 4000 «Pax
1867 3946 1924 4002 huic

243 4026 272 4078 et
292 4019 353 4078 vela
378 4019 544 4077 sanctauarii
568 4019 599 4052 ¹¹⁸
622 4020 733 4078 diaconi
748 4035 810 4079 cum
824 4023 974 4080 humilibus
988 4025 1067 4081 mini·
1106 4023 1211 4096 domui,
1224 4045 1238 4078 o
1250 4028 1400 4099 etreliqua.
1412 4029 1644 4099 hliaepistola:o
1664 4031 1791 4090 Clemens
1799 4035 1924 4092 Romana

242 4109 309 4168 stris
331 4109 404 4167 iutra
427 4109 577 4166 sacrarium
600 4108 701 4179 lavent,
726 4125 761 4168 ue
784 4109 957 4183 fortepulvla
975 4113 1067 4170 bomi-
1106 4114 1184 4170 urbis
1215 4117 1363 4188 episcopus
1391 4117 1543 4174 karissimis
1569 4117 1702 4178 iratribus
1728 4124 1802 4181 lulio
1830 4131 1859 4183 et
1885 4127 1926 4181 in·

243 4200 299 4258 nloi
325 4199 453 4272 corporis
475 4198 549 4256 foras
574 4205 651 4256 extra
675 4201 825 4259 sacrarium
849 4203 919 4260 male
943 4203 1063 4273 decidat,
1105 4203 1191 4273 llano,
1205 4223 1220 4257 u
1232 4212 1259 4261 et
1270 4204 1386 4277 reliqua.
1397 4207 1457 4264 Alia
1467 4207 1586 4280 epistola
1601 4209 1690 4282 (epist.
1706 4211 1734 4281 5,
1746 4213 1797 4283 lb..
1818 4229 1848 4286 p.
1859 4215 1923 4286 ult:

242 4291 360 4349 sindone
374 4290 442 4348 foris
463 4288 564 4359 delata,
581 4297 609 4348 et
624 4291 676 4348 erit
690 4291 744 4349 hoc
763 4292 888 4363 operanti
904 4301 1063 4366 peecatum;
1106 4307 1121 4349 u
1141 4294 1332 4351 Dilectissimis
1359 4296 1491 4354 fratribus
1519 4304 1548 4354 et
1577 4300 1777 4373 eondiscipulis
1800 4306 1925 4362 illeruso

241 4381 306 4440 ideo
319 4382 349 4438 in
364 4381 486 4438 sacrario
504 4380 638 4438 ministris
652 4381 822 4454 precipimus
835 4397 897 4440 cnm
912 4385 987 4441 omni
1001 4383 1196 4453 dili-Diouis,
1217 4399 1278 4441 cum
1302 4385 1446 4443 karissimo
1474 4385 1559 4444 fratre
1577 4389 1681 4448 Jacobo
1701 4393 1835 4464 episcopo
1853 4395 1925 4452 habi·

239 4472 334 4544 gentla
362 4469 514 4528 custodire.
553 4471 643 4528 Pelvis
671 4485 750 4540 nova,
782 4472 893 4541 munda,
923 4475 968 4531 cui
996 4473 1065 4531 nihil
1106 4473 1551 4548 lantibusdlemensepiscopus,
1572 4497 1586 4532 a
1607 4480 1767 4552 etreliqua.
1786 4485 1924 4541 Haecdixit

241 4560 316 4618 aliud
332 4565 426 4633 tangat
441 4560 475 4617 ad
497 4560 634 4617 Dominici
657 4559 753 4617 altaris
769 4561 902 4634 [cultum],
918 4563 965 4620 ubi
984 4563 1065 4634 pallae
1105 4567 1218 4619 sanctus
1236 4563 1372 4622 Clemens.
1406 4597 1443 4608 -
1469 4567 1586 4624 Sanctus
1614 4583 1681 4640 ergo
1714 4572 1843 4630 clemens
1876 4585 1924 4631 non

240 4649 377 4707 laventur.
397 4648 463 4706 vela
477 4655 568 4705 autem
583 4661 640 4706 noo
662 4651 733 4720 ipsa,
752 4651 801 4706 sed
816 4653 845 4709 in
860 4651 914 4708 alia
928 4651 1063 4709 laventur.
1106 4655 1211 4708 tantum
1238 4667 1384 4713 successor
1411 4655 1485 4712 boati
1510 4656 1585 4712 Petri
1617 4655 1679 4727 fuit,
1709 4659 1758 4716 sed
1784 4662 1867 4719 etiam
1889 4663 1925 4718 ri·

241 4739 412 4811 Precipimus
440 4738 532 4807 etiam,
551 4752 587 4794 ne
611 4743 689 4796 extra
708 4739 845 4798 aeclesiam
863 4742 920 4798 sive
939 4741 1011 4798 laico
1030 4742 1064 4799 de
1104 4746 1185 4798 vente
1203 4743 1317 4811 Jaeobo,
1348 4756 1445 4800 novem
1474 4746 1554 4801 aunis
1581 4753 1645 4803 ante
1669 4749 1825 4818 passionem
1846 4751 1923 4817 Petri,

240 4827 402 4901 fragmentis
424 4827 594 4885 oblationum
630 4833 749 4899 ponatur
777 4829 811 4886 ad
839 4844 969 4886 mensam.
986 4831 1064 4888 Unde
1104 4831 1254 4888 Romanam
1287 4833 1446 4890 cathedram
1479 4835 1577 4905 tenuit,
1609 4838 1687 4907 juxta
1709 4840 1875 4910 scripturam
1901 4847 1925 4896 et

241 4918 297 4976 scia
311 4924 351 4987 tu,
367 4917 415 4988 qui
431 4916 532 4988 passim
551 4917 664 4974 sacrarii
684 4931 768 4988 panes
777 4917 899 4989 indignis
917 4920 1065 4990 impendis,
1107 4919 1208 4978 deinde
1225 4929 1287 4994 post
1306 4924 1415 4979 Petrum
1430 4921 1475 4990 21,
1491 4922 1519 4979 id
1536 4931 1578 4981 est
1595 4923 1797 4985 lucunculo
1812 4929 1854 4986 uel
1869 4943 1923 4986 eum

240 5005 314 5064 uude
337 5007 421 5074 nosti,
450 5005 474 5062 si
498 5019 513 5061 a
537 5005 701 5062 mulieribus
724 5005 819 5062 mundi
843 5013 907 5063 sunt
922 5007 950 5063 hi
964 5009 1066 5078 quibus
1106 5010 1185 5067 Liuio
1209 5001 1237 5067 e't
1260 5012 1347 5079 cleto,
1369 5018 1397 5068 et
1415 5011 1534 5069 9annos
1552 5020 1616 5084 post
1634 5028 1693 5084 eos,
1710 5030 1798 5088 usque
1818 5018 1881 5074 dum
1900 5019 1924 5074 iu

239 5094 484 5168 impendlsrlliao
499 5099 527 5151 et
536 5095 632 5163 Dauid,
651 5095 837 5170 interrogatus
856 5097 890 5152 ab
903 5097 1063 5154 abimelech
1105 5100 1217 5157 erilium
1241 5101 1342 5156 missus
1365 5105 1416 5158 est.
1441 5101 1470 5158 Sl
1494 5109 1607 5160 sanctus
1625 5105 1752 5161 Clemens
1776 5121 1848 5178 papa
1879 5105 1923 5161 luit

239 5187 395 5254 sacerdote,
425 5199 487 5242 cum
510 5198 541 5242 se
565 5184 696 5242 muudum
723 5191 787 5242 ante
807 5185 929 5242 triduum
950 5187 1064 5258 prolite·
1105 5193 1181 5255 tunc,
1211 5189 1323 5260 quando
1351 5191 1519 5250 decretalem
1551 5193 1631 5250 istam
1659 5194 1804 5265 epistolam
1833 5201 1923 5252 saneto

239 5279 317 5334 retur
334 5289 352 5333 a
369 5274 495 5345 muliere,
521 5288 606 5344 panes
634 5275 849 5347 propossitionis
876 5277 1060 5338 manducauit.
1101 5279 1206 5337 lacobo
1227 5280 1404 5352 conscripsit.
1423 5281 1533 5340 Nullius
1555 5289 1647 5341 autem
1661 5282 1763 5356 legitur
1781 5285 1922 5344 decretalis

916 5419 1029 5480 VthAE
1056 5419 1249 5478 bucularius,

277 5533 361 5596 trem
376 5537 402 5596 ρ.
440 5535 472 5571 aaa
490 5535 586 5610 parim
603 5537 638 5594 Η
