4036 6162
172 259 227 317 799
880 260 1023 318 nlnrttn
1043 259 1157 318 SGOiTl
1810 265 1863 320 dm

174 387 280 445 chalem
294 385 468 444 testivitatem
491 385 521 442 in
550 399 647 457 mmpo
665 386 888 453 celebraverunt,
906 389 1173 457 pacemAcrnmento
1188 388 1405 460 mnpmnnvesuat
1428 389 1530 446 marim
1552 389 1706 462 imperatori
1726 391 1864 448 limnas:

175 491 236 535 carn
252 490 285 533 eo
314 474 389 532 lecit.
421 477 479 533 iioa
507 481 597 533 antem
617 474 699 532 modo
715 474 907 532 reconciliatio
926 476 999 532 inter
1041 479 1136 534 seina
1168 478 1318 535 l’osiuensia
1364 479 1510 552 masupia,
1559 481 1663 538 centius
1701 479 1866 538 Sabirriessais

175 579 267 637 segem
287 571 315 622 et
334 564 475 620 dominnm
499 577 598 635 papam
621 563 692 620 lacta
716 570 768 631 est,
784 571 812 620 el
832 565 886 622 hoc
901 567 998 636 estju-
1040 566 1186 638 epasmo,
1211 567 1337 624 notatas
1359 567 1504 625 cardinatis
1527 569 1621 626 Sanni
1640 568 1760 638 Baebii,
1785 571 1866 627 Borri-

175 660 330 713 snmenlum
356 654 430 724 regis
460 651 539 724 (179)
563 654 643 723 :Epo
666 653 795 710 Heracus
823 668 874 710 sea
902 653 998 710 liberm
1040 653 1127 721 saduc
1140 653 1285 711 sardoniis
1308 656 1401 713 Sancti
1421 657 1518 721 Marci,
1542 658 1701 714 Anastasius
1719 655 1867 714 medinaiie

175 744 305 800 dimitiam
327 741 345 796 l
367 739 408 797 vei
429 739 447 794 5
468 742 537 812 tesia
558 742 682 813 prosim
705 742 835 799 dominum
856 749 998 815 papamet
1041 742 1135 826 Sancti
1166 742 1315 812 Okmentis,
1354 745 1496 815 Gseporins
1529 744 1675 802 casnaalts
1707 747 1866 803 Sandonis

174 832 310 906 episcopm
328 835 353 886 et
367 828 527 896 cardinales,
546 833 571 885 et
593 844 681 886 orares
705 832 821 901 captivos
841 835 865 886 et
883 829 997 898 obedes,
1041 831 1217 902 apostolorum
1235 834 1307 890 Petri
1330 838 1355 890 et
1382 834 1469 902 Pani,
1484 836 1545 892 desa
1559 836 1702 905 &mamas
1720 834 1866 892 msdinabs

175 922 281 993 puipro
300 936 331 977 eo
354 919 394 976 aei
416 933 473 975 curn
497 933 526 975 ec
541 919 695 991 baptisari,
714 919 999 992 sccusosproducitn-
1040 919 1131 976 Sancti
1154 923 1440 992 &anconitanam
1468 921 1614 980 cardinalia
1640 923 1748 980 Sancta
1770 925 1866 979 Poteri-

175 1011 244 1066 eiam
258 1010 329 1066 iatra
349 1015 441 1081 posius
462 1007 664 1065 Trnmtbesiac
686 1009 811 1076 civitatis,
827 1024 875 1064 aec
889 1009 998 1066 abierim
1039 1007 1128 1076 tiana,
1153 1009 1248 1066 libiam
1274 1009 1420 1066 mediantis
1440 1011 1706 1082 SauctiLnurentii,
1732 1011 1866 1068 ltainemn

175 1100 279 1172 capiam
293 1104 338 1154 ant
364 1099 423 1170 capi
441 1099 588 1169 pernitiam
602 1113 648 1153 eos
662 1100 706 1170 qui
718 1099 747 1154 in
760 1096 885 1168 pdeiitate
899 1098 999 1153 damini
1039 1095 1185 1153 cardinatis
1219 1099 1380 1155 Sanctorum
1410 1097 1562 1156 Marcellini
1598 1105 1623 1156 el
1655 1100 1737 1168 Petri,
1772 1096 1866 1155 Victis

174 1202 252 1260 papie
285 1186 422 1246 Paschaiis
453 1193 617 1261 permanent,
647 1192 672 1244 et
696 1187 794 1261 popnio
823 1189 939 1244 Romano
972 1192 998 1242 et
1039 1183 1183 1240 cardinalia
1210 1191 1308 1242 sanda
1326 1185 1455 1254 Baibina‚
1484 1189 1576 1244 maro
1601 1184 1745 1244 cardinalia
1769 1187 1866 1244 Sancti

178 1276 380 1336 ltnmiiberinc
402 1283 427 1334 el
445 1276 539 1334 insuia
562 1278 675 1334 navitatis
698 1292 789 1350 pacem
820 1281 844 1333 et
871 1277 999 1332 anania-
1038 1272 1159 1342 biurtini,
1202 1274 1367 1332 Thebaidis
1403 1274 1550 1332 cardinalia
1577 1277 1687 1332 tcanms
1714 1280 1739 1332 ei
1772 1275 1863 1331 Pauli.

176 1371 226 1424 ten
240 1365 360 1434 ravato,
377 1371 430 1423 iarn
451 1382 501 1438 per
514 1382 554 1422 arc
568 1381 646 1438 qnam
664 1381 744 1436 neos,
761 1371 785 1421 ct
799 1367 826 1422 in
838 1368 959 1438 paeonis
973 1369 998 1422 et
1037 1360 1154 1416 loannes
1168 1361 1298 1420 aaronis
1312 1365 1421 1421 Sancta
1435 1365 1529 1421 nona
1541 1365 1569 1420 ia
1582 1363 1673 1420 acircio
1688 1365 1792 1422 Graan

175 1454 302 1523 insibus,
321 1456 365 1526 pui
383 1455 446 1511 mitri
458 1471 549 1528 pacem
564 1456 735 1512 sanaverint.
751 1456 887 1511 Dominam
898 1469 997 1526 papam
1074 1449 1212 1506 Paschaiis
1223 1451 1295 1520 (liii)
1310 1453 1457 1526 episccpus,
1467 1467 1699 1510 seruassemosnm
1709 1453 1769 1518 Dei,
1780 1455 1866 1509 caris

175 1543 328 1600 Pascbaiem
351 1543 463 1616 fideliter
490 1544 630 1615 adjuvabo,
659 1549 687 1600 ut
713 1550 838 1616 papulam
865 1544 949 1616 quiete
972 1547 997 1599 ei
1036 1537 1102 1593 nmo
1126 1540 1153 1594 in
1181 1541 1283 1597 Christo
1306 1541 1361 1614 iiiia
1385 1543 1500 1600 Hermas
1535 1544 1732 1600 teutonicorum
1759 1543 1815 1613 sepi
1837 1549 1863 1599 et

174 1647 265 1690 secare
292 1639 389 1702 terem,
417 1634 576 1706 patrimonia
608 1639 634 1691 ei
666 1634 845 1706 possessiones
873 1635 997 1690 Romana
1035 1640 1085 1698 per
1098 1627 1147 1683 Dei
1170 1629 1256 1701 operis
1284 1632 1398 1700 matiam
1420 1634 1595 1689 Romanarum
1627 1631 1780 1704 imperatori
1812 1647 1863 1686 uu·

175 1720 301 1789 cerasia,
321 1736 379 1792 pua
404 1722 509 1792 abstuli,
534 1725 679 1790 restituant,
705 1728 799 1780 curata
823 1738 880 1795 qna
902 1710 1114 1784 hatseBcustv
1137 1715 1248 1774 rainlenr
1266 1725 1291 1776 ct
1313 1719 1486 1792 apostolicam
1509 1720 1720 1778 condictionem
1745 1720 1861 1790 nepsam

50 1867 56 1878 ,
176 1809 250 1866 debet
264 1824 338 1865 more
353 1815 544 1867 autecessorum
558 1827 672 1868 saeorum
693 1826 849 1884 recuperare
867 1817 893 1867 et
910 1815 998 1867 intere
1039 1809 1151 1861 initum
1169 1813 1268 1864 tunitii
1294 1811 1418 1868 Rittium
1441 1809 1557 1866 scalena
1578 1809 1749 1880 siapaimitcs
1771 1808 1861 1865 ⁶⁰2&

176 1896 307 1968 adjuvabo
326 1896 394 1954 bona
422 1899 484 1970 tide,
513 1905 538 1956 ct
564 1900 667 1956 domino
689 1915 767 1972 paple
792 1899 915 1956 Paschati
937 1898 998 1954 obe-
1037 1905 1097 1948 rese
1120 1893 1255 1968 dispositio
1274 1897 1363 1955 divina
1383 1899 1525 1955 constbuii.
1551 1899 1762 1956 Psammeoses
1780 1897 1860 1954 vestri

177 1987 311 2052 dieniiam,
325 1985 398 2042 saiva
422 1987 518 2044 honore
531 1989 606 2059 repsi
619 1994 643 2044 et
660 1990 771 2061 inperii,
791 1989 858 2045 sicat
876 1986 998 2044 catholici
1037 1982 1192 2054 moditatem
1206 2002 1263 2042 cani
1276 1988 1420 2060 prudentia
1443 1987 1578 2062 ampliaria
1605 1989 1695 2059 pratia
1713 2004 1747 2046 ac
1759 1991 1860 2044 Rona-

177 2075 347 2146 impesatosea
369 2075 504 2132 cothoiicis
523 2076 689 2148 pontificibus
704 2078 839 2134 Romana.
863 2077 928 2132 noc
942 2091 1000 2131 orn··
1037 2086 1078 2128 aa
1104 2073 1177 2131 urbis
1203 2091 1327 2134 coronam
1355 2083 1380 2134 et
1408 2079 1543 2150 imperinm
1568 2078 1699 2135 moscenti
1726 2081 1796 2134 suat.
1817 2078 1860 2134 Ad

179 2161 223 2217 nia
238 2162 379 2219 observabo
393 2163 821 2236 bouadm,siaesraudeelmaio
835 2165 996 2234 inponant
1037 2163 1110 2232 nujus
1137 2165 1255 2223 videlicet
1286 2181 1389 2223 corona
1416 2173 1441 2222 et
1473 2169 1576 2240 inperii
1607 2167 1760 2238 dicacitatem
1787 2173 1858 2224 ianm

172 2251 216 2305 rati
230 2253 431 2322 suntjnsnlcres
449 2254 758 2326 ecparteipsinsrepis:
777 2253 933 2311 mammas
948 2255 996 2311 Oc·
1036 2267 1136 2324 puvpae
1156 2269 1307 2327 personam,
1327 2255 1365 2328 tili
1387 2257 1537 2314 comanae
1559 2257 1683 2323 aman,
1704 2271 1755 2330 per
1773 2256 1857 2312 rasin

173 2337 295 2396 haiernn
328 2341 548 2416 archiepiscopos,
587 2343 755 2400 Gebehasdus
788 2344 935 2400 Tridentino
963 2342 995 2375 ⁸¹⁵
1035 2341 1178 2400 sacndotri
1191 2345 1362 2402 ntianterium
1376 2346 1500 2416 maiestas
1520 2347 1609 2402 dnae
1625 2347 1758 2419 provenit.
1780 2345 1857 2401 liian

171 2429 317 2502 episcopas,
346 2432 499 2488 Barbardns
534 2432 567 2464 ⁶¹⁸
597 2434 814 2492 Monasteriensis
846 2436 992 2506 episcopus,
1034 2429 1115 2500 ipius
1142 2432 1276 2502 dipralatis
1300 2437 1515 2507 prvercpativam,
1548 2451 1626 2508 paam
1652 2435 1857 2508 prodecessores

172 2520 260 2574 Bruna
275 2520 409 2591 Spirensis
427 2523 573 2594 episcopus,
598 2522 719 2579 tiberius
746 2521 928 2590 scandamus,
949 2538 994 2579 cc·
1034 2521 1117 2577 nostri
1139 2524 1231 2579 vestris
1255 2524 1502 2596 predecessoribus,
1531 2525 1666 2582 collaticia
1693 2526 1856 2597 imperatori·

171 2621 225 2662 ares
252 2609 443 2678 Homereas,
472 2611 629 2666 Fredericus
663 2626 747 2666 conns
772 2609 918 2684 palatinas,
942 2614 994 2667 Be·
1034 2608 1094 2678 bna,
1114 2619 1294 2669 concesserant
1320 2619 1344 2670 ei
1361 2614 1555 2686 priviieps‘osnm
1579 2614 1686 2687 popinis
1713 2614 1854 2685 evam·

169 2697 308 2765 sanamus
327 2713 422 2768 corun,
437 2700 590 2771 bonifacius
604 2699 893 2768 mariic⁸¹‘,1iibesias
907 2716 993 2757 comes
1034 2704 1135 2768 vaani,
1151 2716 1198 2757 aas
1217 2717 1317 2775 quoquc
1336 2702 1468 2760 martioni
1491 2709 1541 2760 tua
1555 2705 1729 2774 concedimus,
1749 2709 1774 2760 et
1785 2718 1855 2776 prse-

170 2787 203 2841 de
216 2787 387 2858 blandriaco,
416 2792 573 2847 Fredericus
600 2807 694 2860 coma,
717 2793 876 2864 Godetridas
896 2808 991 2860 mares,
1033 2789 1114 2844 tenth
1138 2790 1269 2862 priviiepii
1303 2793 1403 2864 papiria
1440 2793 1631 2864 mnhmnumas,
1660 2798 1688 2850 ni
1713 2795 1790 2864 repat
1818 2793 1853 2850 rai

175 2877 330 2934 Warrrerius
344 2881 439 2935 mortio
454 2880 496 2936 ⁶¹⁸.
1032 2876 1160 2952 episcopis
1182 2879 1223 2935 vei
1250 2879 1398 2949 abbatibus,
1418 2881 1498 2938 libere
1522 2887 1622 2956 praeter
1652 2881 1853 2938 violentiamct

206 2966 331 3022 maniano
346 2967 416 3039 (180)
439 2985 511 3042 papa
532 2969 669 3026 Pascbaiis
686 2969 736 3023 156
750 2971 872 3026 concedet
886 2971 989 3027 domiuo
1032 2971 1177 3043 symoniam
1192 2967 1290 3038 eiectis,
1312 2971 1490 3028 investituram
1513 2972 1592 3041 virale
1613 2975 1638 3028 ei
1660 2969 1752 3026 annuli
1765 2971 1853 3042 cunte-
1914 3021 1919 3034 ,

169 3053 225 3123 sepi
251 3055 364 3111 Hennes
379 3061 404 3113 ei
418 3071 497 3126 seprio
512 3059 578 3127 ejas,
603 3063 627 3114 et
648 3057 783 3131 priviiepio
802 3074 849 3115 suo
864 3059 911 3116 snb
926 3077 992 3117 aaa·
1003 3033 1089 3116 Csas.
1119 3062 1181 3116 l’ost
1209 3060 1396 3116 investitionem
1419 3074 1479 3116 vero
1494 3060 1618 3116 cancane
1635 3059 1852 3116 comessationem

171 3141 282 3197 themate
319 3144 481 3215 conpmrabit
516 3151 540 3200 et
577 3145 767 3214 corroborabit,
805 3147 926 3221 epiacvpo
953 3148 994 3204 vei
1034 3147 1147 3218 accipiat
1171 3146 1359 3219 abepiscopo,
1388 3147 1425 3204 ad
1453 3163 1526 3219 paen
1553 3148 1717 3220 pertinuerit.
1743 3147 1853 3220 Siquis

170 3227 265 3285 abbate
288 3229 369 3287 iibere
387 3231 467 3288 eiecto
485 3234 542 3289 siae
555 3236 675 3306 samona
693 3249 802 3291 assensa
824 3237 904 3306 repis,
924 3238 993 3309 quad
1034 3242 1121 3293 nutem
1135 3252 1152 3292 a
1166 3234 1235 3292 ciero
1250 3241 1275 3292 et
1297 3235 1395 3309 popula
1407 3241 1505 3309 prietes
1526 3240 1597 3293 tunm
1611 3251 1746 3293 msensarrr
1760 3235 1853 3294 mus

170 3316 288 3375 dominus
315 3334 365 3376 reu
387 3337 444 3377 enm
470 3323 566 3380 narrato
594 3330 619 3381 et
641 3325 715 3395 cispa
733 3327 864 3382 investiat.
884 3327 992 3398 Episco-
1031 3326 1121 3397 tuerit,
1150 3325 1202 3381 nist
1229 3341 1247 3382 a
1274 3331 1299 3381 ie
1316 3326 1480 3394 investiatur,
1505 3341 1522 3382 a
1548 3327 1651 3382 nemim
1678 3331 1849 3382 comecretus.

168 3421 218 3477 pas
232 3412 318 3464 autem
331 3409 372 3465 vei
390 3409 473 3467 abbas
487 3427 504 3467 o
518 3427 579 3482 repe
605 3415 749 3481 investitus,
773 3413 854 3470 iibere
879 3416 991 3486 mcipiat
1033 3415 1106 3471 Sane
1123 3415 1237 3486 episcopi
1260 3413 1299 3469 vei
1313 3415 1502 3485 archiepiscopi
1527 3413 1672 3471 tiberimen
1691 3415 1816 3482 habeam,
1834 3429 1851 3468 a

169 3500 390 3556 comessationem
404 3500 438 3556 ab
465 3501 587 3574 episcopo
615 3503 650 3559 ad
674 3518 748 3575 puem
768 3505 934 3576 pertinuerit.
959 3505 993 3562 Si
1032 3507 1057 3560 te
1083 3504 1216 3560 investitos
1240 3503 1375 3576 episcopos
1401 3501 1443 3560 vei
1469 3503 1577 3560 abbates
1605 3505 1730 3560 warnae
1754 3519 1851 3561 συππο-

169 3587 226 3657 pras
240 3601 332 3643 veroa
356 3587 426 3645 ciero
451 3593 476 3646 ei
498 3589 596 3662 pcpnio
623 3589 745 3660 stipatas,
770 3593 822 3648 nisi
837 3608 854 3649 a
867 3607 928 3662 sepe
942 3595 990 3649 in-
1032 3593 1134 3649 craudi.
1148 3592 1358 3650 &emansores
1380 3593 1448 3648 euim
1474 3593 1553 3648 vestri
1580 3592 1705 3650 ecciemae
1727 3592 1850 3664 sepairur‘

168 3676 303 3744 vestiatur,
332 3692 350 3734 a
376 3680 478 3734 nmine
504 3683 678 3747 consecretur,
703 3685 728 3736 el
756 3681 991 3755 archmnccpiei
1031 3682 1111 3738 tardis
1130 3681 1258 3752 repaiiam
1281 3695 1386 3738 ananan
1407 3679 1537 3754 beneficiis
1561 3681 1731 3756 ampliarunt,
1756 3689 1784 3740 ui
1802 3698 1850 3739 re-

168 3764 283 3836 episcopi
310 3764 455 3823 hbestaina
483 3767 596 3824 habeant
624 3771 795 3826 seminandi
819 3787 836 3827 a
858 3785 920 3840 repe
951 3774 991 3826 ia·
1031 3787 1108 3842 paam
1135 3772 1219 3844 ipsun
1241 3772 1421 3843 episcoporum
1444 3773 1560 3828 macine
1582 3770 1624 3828 vei
1646 3771 1770 3829 abbatum
1786 3787 1850 3846 psa-

168 3855 284 3910 veslitos.
312 3856 400 3928 Sapes
422 3856 463 3913 bis
494 3858 573 3913 etiam
604 3858 723 3914 domimn
753 3875 825 3932 papa
853 3859 991 3917 Pnsebaiia
1031 3861 1082 3918 diis
1108 3866 1227 3933 oporteat
1250 3861 1411 3929 communiri,
1434 3865 1458 3916 el
1482 3866 1543 3932 posi
1562 3860 1652 3933 piures
1666 3861 1846 3929 dnseasioaes

167 3957 220 3997 noa
247 3943 400 4014 incantabit
426 3945 557 4000 dominam
584 3960 670 4016 sepem
697 3948 850 4012 Hensicum,
874 3963 921 4004 nec
935 3950 991 4020 ejas
1031 3965 1088 4023 qua
1124 3948 1291 4004 eieciionibus
1334 3963 1404 4020 saepe
1448 3949 1607 4020 continpnat,
1653 3949 1737 4021 repaii
1778 3965 1848 4024 opos·

167 4037 313 4100 repnnmet
334 4033 479 4104 imperinm.
496 4035 705 4107 Dominuspcpa
722 4035 860 4093 Paschaiis
881 4053 933 4094 narr
951 4040 989 4094 in·
1031 4041 1084 4093 tem
1115 4037 1252 4108 majestate
1288 4037 1424 4109 compesci.
1467 4038 1551 4104 Quam
1592 4037 1624 4094 ob
1655 4053 1711 4095 rem
1741 4039 1847 4112 pradn

168 4120 293 4192 puielabit
317 4121 449 4178 donuinam
477 4137 564 4193 sepem
584 4126 735 4195 Histricum,
759 4141 807 4182 nec
829 4126 885 4197 ejus
912 4128 991 4201 impe·
1031 4127 1074 4184 dre
1103 4131 1127 4182 et
1154 4126 1316 4198 potestatione
1347 4140 1417 4182 auree
1449 4126 1526 4183 debes
1557 4127 1674 4186 robatur
1706 4129 1843 4195 immisere,

166 4210 234 4265 sinn
258 4208 301 4266 cei
327 4224 444 4281 sepnurrr,
474 4213 507 4269 de
538 4213 691 4271 invninnsa
718 4215 918 4288 episcopatuum
949 4217 990 4274 aei
1029 4219 1057 4270 ut
1083 4216 1207 4272 Romanae
1238 4214 1354 4272 nansia
1377 4215 1502 4274 mnium
1538 4221 1563 4274 et
1595 4222 1751 4276 caleam
1778 4217 1844 4276 satir

166 4297 343 4368 abbatiarum,
367 4315 450 4373 nepae
472 4301 505 4358 de
527 4303 624 4373 iniuria
646 4303 698 4360 ribi
719 4303 798 4361 iliata
819 4309 845 4361 et
862 4307 928 4376 sais,
942 4322 988 4363 ne-
1028 4309 1170 4376 pscsiaate
1199 4305 1309 4361 Domino
1334 4305 1465 4376 beneficiis
1490 4311 1516 4362 ei
1537 4307 1650 4364 sannis
1673 4313 1844 4364 marran.

166 4403 215 4462 pue
251 4387 358 4462 aiipnm
380 4389 477 4446 maium
504 4391 594 4448 reddet
621 4392 672 4449 sibi
698 4391 739 4448 vei
765 4392 846 4450 aiicui
866 4351 1062 4468 peranaaDSi
1079 4409 1131 4465 pua
1154 4394 1234 4464 ipius
1251 4393 1428 4450 mimam
1448 4394 1490 4451 vei
1511 4393 1638 4452 senensis
1649 4411 1765 4469 persona
1784 4398 1849 4453 hanc

164 4491 212 4550 psa
227 4477 555 4552 haeeansa‚etpeaitas
578 4482 766 4554 impersonari
789 4483 859 4554 sepis
879 4485 988 4542 llensiei
1027 4487 1124 4539 nostra
1145 4481 1318 4538 macesnoais
1336 4483 1462 4556 popinam
1490 4485 1628 4540 ierrnorr'o
1652 4500 1720 4541 ausu
1744 4501 1849 4559 pares·

164 4581 296 4639 nunquam
314 4567 455 4625 anathema
475 4575 565 4642 ponet,
594 4585 642 4626 nec
664 4572 817 4640 remanebit,
841 4573 869 4629 in
883 4574 986 4632 donnas
1028 4575 1082 4628 iere
1100 4573 1273 4644 temptaverit,
1294 4571 1467 4629 amthematis
1494 4572 1607 4640 monio,
1634 4575 1686 4631 nisi
1699 4575 1847 4648 reripuail,

161 4671 248 4728 papa,¹
265 4657 326 4729 puin
349 4663 455 4714 coronet
475 4673 542 4728 nar,
566 4660 634 4716 sicin
660 4661 689 4716 ia
715 4662 807 4718 ordirn
829 4664 984 4733 continetur,
1027 4660 1176 4730 innadnnn
1191 4661 1297 4717 hanone
1310 4676 1410 4733 puopue
1429 4676 1462 4718 ac
1481 4661 1620 4731 mainis
1638 4677 1693 4719 aaa
1704 4663 1848 4736 pmcuisrr

164 4751 189 4802 et
202 4760 309 4816 sepnam
332 4752 356 4803 st
373 4747 508 4819 imperinm
531 4749 613 4822 officii
637 4752 679 4806 sni
707 4749 808 4806 auaiiio
827 4766 884 4808 eam
899 4757 987 4809 tenere
1023 4750 1153 4822 patiatur.
1169 4749 1343 4808 Obseruantia
1361 4755 1448 4807 autem
1461 4751 1644 4807 mnericosdia
1661 4751 1751 4809 dnae
1761 4759 1846 4828 ¹laesio

164 4835 298 4905 cdp'nvabii
318 4851 369 4908 pro
390 4851 469 4909 posse
490 4853 549 4905 sua,
570 4843 595 4894 et
619 4837 674 4895 hac
696 4839 846 4912 adimplebit
867 4841 986 4898 domnas
1028 4839 1094 4908 diat,
1109 4844 1134 4896 ei
1146 4853 1287 4912 paronam
1295 4843 1498 4911 potestatemque
1508 4843 1577 4895 taam
1597 4837 1632 4895 ad
1641 4837 1765 4898 mnaseas
1778 4856 1850 4899 suaa

161 4937 232 4998 papa
250 4927 307 4982 siue
328 4925 424 4997 trama
438 4930 463 4982 ei
487 4925 556 4984 maio
577 4927 691 4996 inperio.
717 4929 782 4984 Hac
804 4933 863 4986 anni
879 4930 985 4988 aomina
1025 4927 1170 4999 etpmnn
1187 4926 1298 5000 penno
1314 4928 1444 5001 inperare
1457 4927 1592 4986 comat.

163 5012 266 5071 illorum
288 5016 468 5088 episcoporum
504 5020 528 5072 ct
562 5015 746 5086 cardinalium,
784 5018 828 5090 qni
852 5025 983 5092 precepto
1060 5017 1109 5074 llis
1127 5017 1359 5074 conventionibus
1381 5023 1409 5072 et
1429 5018 1593 5087 juramentis
1615 5016 1689 5075 intes
1702 5018 1844 5077 domnum

163 5103 260 5160 domim
279 5119 358 5177 papae
383 5103 521 5162 rancis
545 5105 711 5178 pontesium
733 5111 759 5163 et
773 5107 916 5163 criminin
940 5124 983 5165 sa·
1023 5121 1122 5181 papam
1145 5112 1174 5164 et
1197 5120 1289 5180 regem
1322 5106 1351 5162 ln
1375 5106 1499 5178 paschali
1530 5104 1678 5164 icsnritaie
1706 5105 1780 5166 lacte
1807 5115 1849 5167 est

834 5231 945 5289 tntilli
976 5233 1171 5292 menonis

948 5376 1059 5440 NOTAE.

212 5457 673 5588 {mnnnsnlsspnman
1069 5460 1386 5536 (nannetense.

227 5528 399 5599 sonnio.
415 5546 443 5604 p.
498 5571 506 5589 .

198 5297 339 5357 ‘¹⁸itaed.
