4036 6162
90 313 136 370 881
604 314 760 372 HISTORIA
778 312 1052 371 mbblotnltmtSls.
1073 343 1108 354 —
1127 313 1190 369 bru.
1210 315 1246 372 ll.
1713 325 1769 383 882
1849 329 1852 335 ’

90 451 140 496 nuo
167 451 217 510 per
242 437 362 510 aliquam
388 452 497 496 musam
525 439 672 496 emendare
695 444 723 496 et
745 436 1063 500 satisfacereasalutem
1088 451 1169 509 quam
1197 437 1261 495 ullis
1288 437 1440 510 beneflciis,
1461 440 1553 500 studio
1580 443 1715 506 bellorum
1740 456 1769 510 et

88 513 255 598 injuriantem
286 528 481 598 procurabant.
510 529 672 586 Presidium
700 534 778 583 erant
802 527 903 597 orpba-
944 525 1064 597 ingeniis
1096 528 1250 584 animorum
1283 528 1392 584 curiose
1426 528 1475 585 dlu
1507 534 1648 604 noctuque
1685 551 1767 595 evrar-

88 617 135 685 nis,
159 615 326 688 adjutorium
350 618 499 686 tribulatis,
519 618 609 675 viduis
627 616 790 684 subsidium,
807 629 904 687 parvu·
944 615 1070 684 descens,
1086 621 1248 688 paupertate
1272 616 1362 686 fortis,
1385 632 1436 688 pro
1451 621 1619 692 acquirenda
1638 622 1767 686 libertate

86 707 117 762 lis
131 705 337 773 nutrimentum,
353 706 397 762 lex
415 711 494 763 erant
513 707 634 778 injustis,
652 707 760 777 lustitia
777 704 900 775 perfidis,
943 703 1120 775 fortissimus,
1145 706 1249 763 divitiis
1267 706 1375 775 anxius,
1391 708 1440 764 sed
1460 709 1612 768 studiosior
1626 711 1765 786 libertate,

86 795 217 865 timorque
245 795 409 852 latronibus.
442 797 543 852 Omnes
572 797 644 852 eninr
678 799 846 852 mercatores
874 799 902 850 et
938 794 1039 862 jaculis
1066 808 1099 851 ac
1125 795 1271 851 tormentis
1298 795 1381 852 variis
1409 795 1580 870 diversisque
1609 802 1767 861 munitioni·

84 883 185 952 rustici,
201 891 324 940 aratores
349 890 377 941 et
400 884 521 951 bebulci,
537 899 634 941 secure
660 885 772 955 propria
791 883 901 954 negotia
941 882 994 938 bus
1016 884 1146 954 omnique
1170 883 1292 954 ingenio,
1318 898 1374 954 quo
1402 899 1464 942 sese
1491 901 1506 942 a
1535 888 1641 946 civibus
1670 891 1766 949 bostos

83 977 191 1043 agentes
209 973 381 1040 victitabant,
397 973 506 1046 singula
527 988 575 1030 sua
591 978 739 1042 curantes;
765 972 899 1030 ecclesia·
938 970 994 1041 farn
1013 969 1078 1027 iacti
1097 972 1227 1028 mortales
1250 972 1370 1029 liberare
1389 978 1513 1045 possent,
1529 989 1642 1047 operam
1663 981 1765 1039 dabant

83 1076 137 1118 rum
152 1066 182 1117 et
205 1062 369 1120 clericorum
393 1062 547 1120 bonoribus
565 1063 688 1131 solliciti,
715 1062 903 1135 prosperanti·
941 1059 1091 1117 curialiter.
1107 1063 1173 1118 Erat
1193 1062 1267 1119 enim
1282 1062 1381 1119 ductor
1394 1071 1478 1136 atque
1492 1064 1602 1124 illorum
1623 1075 1766 1140 protector

83 1151 129 1207 bus
152 1150 300 1220 universis,
316 1153 345 1208 in
370 1166 437 1223 pace
452 1152 590 1209 vivebant.
615 1154 674 1209 Non
700 1158 759 1208 erat
781 1151 901 1222 dignitas
941 1151 1030 1207 Lanzo
1059 1150 1162 1207 nobilis
1184 1156 1213 1207 et
1237 1151 1398 1222 capitaneus
1425 1154 1507 1220 altus,
1528 1157 1606 1227 cujus
1630 1161 1763 1218 conscilio

81 1253 167 1311 neque
187 1246 332 1311 parentum
356 1242 483 1310 munitio,
498 1256 561 1312 que
575 1241 607 1274 ⁸¹¹
626 1239 745 1312 aliquem
768 1240 900 1298 adversus
940 1239 1023 1296 animi
1048 1246 1130 1310 atque
1150 1242 1277 1312 corporis
1300 1243 1546 1302 exercitationibus
1565 1253 1664 1306 cuncta
1687 1263 1764 1322 rege-

80 1328 193 1386 alterum
222 1329 323 1400 injuste
347 1337 473 1402 agentem
496 1331 654 1398 emendare,
678 1336 725 1387 aut
748 1331 898 1388 secundum
941 1328 1042 1385 bantur
1064 1330 1185 1402 negotia.
1210 1331 1351 1400 capitanei
1374 1346 1441 1390 vero
1465 1334 1538 1391 circa
1562 1337 1658 1396 urbem
1681 1345 1763 1397 aute·

79 1417 178 1475 ducum
201 1419 348 1491 imperium
370 1419 536 1476 renitentem
550 1418 700 1477 defendere
723 1434 755 1477 ac
780 1419 899 1477 liberare
939 1418 1032 1474 vardis
1055 1419 1200 1488 ordinatis,
1227 1420 1365 1478 civitatem
1384 1423 1418 1478 ab
1438 1436 1493 1480 uno
1517 1424 1635 1483 miliario
1649 1426 1698 1484 diu
1714 1440 1764 1486 no·

78 1513 196 1564 curaret.
226 1508 315 1576 Enim,
341 1515 443 1579 praeter
467 1515 591 1579 tempora
618 1509 647 1566 in
676 1509 776 1580 quibus
804 1523 898 1580 regum
939 1511 1041 1579 ctuque
1065 1510 1174 1567 curiose
1197 1509 1340 1578 vallantes,
1357 1525 1412 1569 oon
1427 1518 1458 1569 ut
1473 1514 1546 1570 cives
1560 1515 1610 1572 sed
1624 1521 1655 1572 ut
1669 1516 1764 1576 hostes

78 1596 153 1654 bellis
168 1602 217 1654 aut
236 1598 411 1655 inimicorum
426 1599 544 1655 catervis
562 1598 644 1670 longe
663 1597 773 1668 lateque
789 1598 898 1668 disper·
939 1598 1150 1655 exercebantur.
1174 1597 1279 1667 Quibus
1302 1600 1432 1656 llarciani
1452 1606 1480 1657 et
1506 1603 1668 1674 seprienses
1686 1605 1763 1662 auxl-

76 1686 112 1742 sis
135 1687 328 1744 strenuissime
346 1701 379 1743 ac
402 1686 535 1745 decenter
556 1687 731 1756 insistebant,
756 1701 851 1762 pacem
871 1693 899 1744 et
938 1685 976 1741 lia
996 1691 1169 1757 prestantes,
1185 1701 1233 1745 sex
1252 1687 1354 1759 oppida
1372 1688 1401 1744 in
1421 1690 1539 1748 circuitu
1558 1692 1677 1749 civitatis
1696 1707 1763 1751 con·

75 1775 204 1844 gaudium
227 1775 369 1832 humiliter
390 1789 423 1832 ac
447 1775 546 1833 devote
568 1774 740 1833 fruebantur.
764 1779 799 1832 nt
821 1773 1107 1847 post-Batrunerunt,
1124 1780 1152 1832 et
1170 1790 1221 1846 per
1235 1781 1292 1833 tres
1305 1790 1393 1834 annos
1407 1779 1482 1835 omni
1496 1779 1542 1836 die
1561 1780 1654 1837 multis
1668 1780 1762 1840 confe-

75 1877 164 1933 quam,
191 1865 286 1922 nescio
309 1865 411 1936 quibus
434 1865 469 1921 de
492 1865 571 1922 malis
590 1866 681 1923 causis
705 1866 761 1936 lam
789 1869 893 1922 tantmn
937 1865 974 1920 cti
997 1865 1088 1934 bellis,
1113 1867 1328 1924 innumerabiles
1352 1869 1553 1927 occubuerunt.
1574 1872 1633 1938 Quo
1648 1872 1677 1928 in
1692 1877 1761 1930 tem·

75 1954 374 2024 percrebrescentibus,
404 1954 641 2012 honorificentiam
673 1959 757 2026 atque
784 1969 894 2012 suarum
937 1966 1004 2022 pore
1018 1955 1042 2011 si
1057 1969 1149 2025 quem,
1161 1961 1190 2012 ut
1205 1955 1233 2012 in
1248 1955 1322 2012 bello
1337 1957 1397 2014 fieri
1412 1957 1493 2027 solet,
1505 1972 1604 2030 capere
1619 1965 1758 2031 poterant,

74 2041 236 2114 dignitatum
260 2044 488 2116 magnificentiam
511 2045 597 2102 duces
619 2045 731 2102 novitiis
740 2043 773 2076 ⁴¹⁸
791 2046 895 2116 capita-
936 2049 983 2098 aut
1005 2043 1094 2113 ipsum
1121 2045 1259 2103 hostiliter
1287 2046 1500 2116 interficiebant,
1523 2049 1623 2105 autin
1646 2063 1759 2108 carcere

74 2132 131 2188 ucis
165 2133 295 2204 paulatim
327 2134 484 2203 dederunt,
518 2134 643 2192 meinimis
675 2134 770 2191 nudati
802 2134 896 2190 bono
936 2133 1067 2190 obtrusus
1090 2133 1209 2191 obscuro
1233 2135 1378 2206 poenisque
1401 2136 1512 2193 attritus
1535 2137 1661 2206 diversis,
1677 2153 1758 2197 omne

71 2221 167 2290 ribus,
207 2224 382 2294 antiquorum
419 2231 447 2282 et
483 2238 596 2282 suorum
633 2231 776 2296 parentum
814 2238 896 2280 reve-
936 2222 1010 2291 quod
1030 2223 1132 2279 babere
1147 2229 1195 2278 aut
1208 2237 1259 2293 per
1273 2234 1303 2280 se
1317 2229 1365 2280 aut
1382 2239 1433 2295 per
1446 2225 1550 2282 amicos
1568 2231 1707 2297 poterant,
1723 2230 1758 2286 ab

71 2312 187 2368 rentiam
211 2313 301 2380 obliti,
317 2315 346 2370 in
361 2313 524 2381 bonoribus,
539 2314 649 2370 cunctis
672 2312 795 2369 annulati
818 2316 892 2368 sunt.
936 2311 984 2367 illo
1014 2311 1160 2368 durissime
1185 2313 1396 2384 extorquebant.
1421 2313 1553 2370 Similiter
1578 2319 1606 2370 et
1630 2314 1760 2386 populus,

68 2399 165 2470 ltaque
195 2401 339 2458 universus
366 2402 485 2472 populus
512 2402 704 2471 reverentiam,
725 2406 753 2456 et
770 2400 894 2458 debitum
937 2400 960 2456 si
983 2415 1033 2471 per
1056 2401 1164 2472 aliquos
1190 2401 1324 2458 bellorum
1348 2406 1462 2459 eventus
1490 2407 1538 2459 aut
1565 2402 1658 2474 aliquo
1676 2405 1761 2462 animi

67 2489 144 2557 quod
159 2486 194 2518 ⁸¹³
218 2489 334 2546 ducibus
357 2489 518 2561 impendere
539 2489 676 2558 solebant,
703 2488 799 2560 paucis
821 2489 896 2559 capi·
936 2488 1059 2561 ingenio,
1094 2490 1220 2561 corporis
1252 2497 1342 2546 tamen
1375 2491 1476 2548 virtute
1509 2497 1693 2563 cooperante,
1727 2494 1762 2551 de

66 2577 171 2643 uncis,
189 2578 236 2646 qui
255 2577 287 2610 ‘¹⁸
306 2578 392 2636 duces
411 2578 633 2644 sublimaverant,
650 2579 815 2649 exigebant;
836 2592 895 2634 ma·
936 2579 1088 2648 majoribus
1120 2579 1228 2651 aliquos
1259 2593 1358 2649 capere
1391 2585 1496 2650 posset,
1521 2581 1596 2652 quali
1630 2581 1763 2654 populum

65 2666 126 2734 jora
154 2671 247 2722 tamen
271 2667 390 2725 civitatis
408 2668 526 2725 ducibus
545 2681 626 2724 manu
641 2672 669 2724 ct
683 2667 824 2724 consciliis
847 2666 895 2723 ad·
937 2681 1018 2738 poena
1052 2668 1227 2725 trucidabant
1259 2670 1407 2740 capitanei,
1434 2670 1482 2726 tali
1511 2685 1592 2742 poena
1625 2671 1763 2744 pauloque

69 2755 122 2811 buc
142 2755 316 2825 regentibus,
341 2758 477 2828 capitanei
510 2757 689 2823 valvassores,
718 2762 748 2813 ut
771 2757 896 2813 securius
936 2757 1055 2829 graviori
1083 2757 1277 2814 decentissime
1304 2759 1368 2816 illos
1400 2759 1631 2817 honorificabant.
1665 2763 1761 2832 ltaque

71 2857 139 2900 nova
159 2843 234 2900 dona
257 2851 394 2914 tenerent,
418 2846 625 2917 subelegerunt.
650 2847 758 2902 lnterea
777 2846 896 2916 populus
937 2847 981 2903 bis
999 2846 1112 2916 etaliis
1136 2847 1219 2904 rebus
1243 2848 1379 2918 capitanci
1402 2849 1527 2917 animati,
1542 2863 1598 2906 non
1616 2849 1761 2919 eratdies,

71 2947 183 2990 suorum
212 2933 345 2991 malorum
370 2949 421 3005 per
443 2936 568 2992 diversos
594 2949 627 2992 ac
650 2935 741 2990 varios
768 2935 896 2992 dominos
936 2936 965 2991 iu
985 2948 1040 3004 quc
1056 2941 1180 3006 ternpore
1203 2935 1267 3006 ipsi,
1284 2942 1315 2992 ut
1335 2935 1402 3004 diri,
1419 2941 1466 2992 aut
1481 2935 1651 2994 valvassores
1665 2938 1761 2995 urbem

71 3023 138 3079 mala
153 3022 252 3080 videns
270 3024 400 3093 crevisse,
421 3025 517 3081 durius
535 3025 640 3081 babens
659 3024 811 3080 dominium
831 3038 895 3081 suo·
938 3036 993 3080 non
1009 3024 1180 3080 invaderent.
1204 3025 1257 3081 Sed
1278 3026 1355 3094 Juxta
1378 3039 1487 3081 murum
1511 3031 1575 3083 ante
1599 3026 1677 3082 urbis
1695 3041 1761 3097 por-

71 3125 127 3168 rum
155 3113 259 3169 civium
290 3128 370 3184 quarn
400 3113 500 3170 ducum
524 3113 662 3184 quondam
690 3126 813 3180 suorum,
833 3097 987 3179 ten-Gtas,
1007 3127 1069 3184 quae
1098 3127 1149 3184 per
1171 3127 1200 3169 se
1225 3114 1304 3184 quasi
1333 3127 1383 3184 per
1411 3119 1537 3171 naturam
1561 3115 1757 3187 defendebant,

70 3200 150 3257 tando
170 3207 287 3258 eventus
309 3201 445 3259 bellorum
468 3202 569 3270 varios,
585 3202 619 3258 ab
638 3201 748 3258 illorum
768 3200 892 3259 dominio
932 3202 1046 3258 balistas
1074 3207 1121 3258 aut
1139 3203 1311 3260 diversorum
1334 3216 1466 3274 generum
1486 3204 1640 3262 machinam
1654 3193 1759 3264 'timen-

69 3301 126 3345 sese
145 3288 299 3348 defendere
324 3305 357 3347 ac
381 3291 499 3348 liberare
525 3290 672 3362 disposuit.
702 3291 790 3362 igitur
813 3291 892 3347 lieri-
932 3298 984 3361 tes,
1012 3293 1080 3363 quin
1095 3290 1127 3324 ⁸¹⁸
1159 3295 1236 3364 ipsos
1268 3292 1448 3351 formidantes
1481 3295 1555 3352 cives
1581 3297 1758 3366 serpentibus

69 3380 144 3438 berto
158 3382 255 3438 adbuc
273 3381 431 3439 cathedram
450 3387 563 3453 regente
577 3381 793 3450 ambrosianam,
809 3395 890 3452 quem
932 3381 1067 3452 litbiopiae
1082 3381 1220 3450 duriores,
1240 3383 1373 3439 accedere
1392 3396 1448 3439 non
1467 3383 1615 3440 audebant.
1635 3385 1674 3440 lia
1687 3389 1757 3441 tenn-

69 3467 146 3524 fortia
161 3485 195 3526 ac
217 3470 333 3541 grandia
347 3474 408 3526 acta
431 3471 612 3542 superborum
637 3469 793 3540 principum
808 3474 836 3525 et
850 3470 892 3539 ip·
932 3475 1048 3540 pestate,
1064 3471 1088 3526 si
1112 3471 1198 3542 aliqui
1220 3470 1254 3526 de
1278 3471 1382 3542 populo
1397 3474 1512 3540 tironos,
1532 3474 1589 3542 lam
1616 3469 1681 3529 facti
1701 3471 1757 3530 for·

68 3557 121 3614 sius
140 3560 221 3631 regis
239 3559 390 3629 supradicti
409 3559 493 3615 animi
516 3559 627 3629 ingenio
642 3563 670 3614 et
688 3558 805 3614 militum
827 3572 892 3615 suo·
931 3558 1040 3627 tissimi,
1068 3559 1167 3615 animis
1194 3557 1292 3614 fervidi
1321 3573 1353 3615 ac
1381 3558 1422 3614 lra
1450 3557 1655 3628 ferventissimi,
1685 3561 1756 3618 mori

68 3659 123 3702 mm
155 3646 324 3706 fortitudine
352 3647 470 3704 viriliter
500 3646 669 3717 correpsisse
701 3647 889 3718 cognorimus,
912 3653 979 3702 ‘aut
992 3647 1121 3704 occidere
1140 3647 1252 3704 minime
1271 3650 1441 3713 recusantes,
1457 3646 1534 3716 ipsos
1552 3644 1668 3702 fortuitu
1682 3648 1757 3706 inse·

67 3733 134 3791 bclla
152 3736 317 3808 gravissima
341 3737 370 3792 in
393 3736 472 3805 urbe,
498 3734 601 3807 populo
620 3734 751 3791 adversus
773 3737 892 3805 majores
931 3742 1093 3807 querentur,
1109 3741 1157 3793 aut
1182 3743 1213 3793 ut
1239 3737 1333 3793 bostes
1356 3735 1515 3808 gravissime
1542 3734 1688 3806 feriebant,
1708 3739 1776 3794 aut'

67 3837 113 3892 pro
131 3824 267 3882 libertate
289 3825 459 3897 acquirenda
482 3823 637 3897 preliante,
653 3837 735 3895 quam
754 3823 820 3881 olim
844 3839 892 3895 pa·
932 3827 1097 3896 semetipsos
1116 3824 1297 3883 defendentes
1316 3825 1344 3881 in
1364 3825 1425 3881 loca
1444 3825 1581 3882 tutissima
1601 3839 1662 3882 sese
1682 3824 1756 3883 recf-

66 3921 154 3972 rentes
176 3919 243 3987 ejus
262 3916 298 3972 ob
326 3915 436 3972 nimiam
462 3914 604 3972 bominum
630 3915 770 3970 raritatem
794 3914 892 3971 amise-
932 3915 1054 3986 piabant.
1078 3916 1137 3972 lam
1162 3915 1235 3971 eninr
1259 3915 1355 3972 civitas
1383 3913 1489 3986 aliquot
1514 3916 1660 3972 transactis
1686 3920 1756 3974 tcm-

67 4009 133 4070 rant,
162 4004 360 4062 crudelissime
387 4004 485 4062 adorta
508 4007 582 4060 sunt.
612 4004 761 4073 Propterea
789 4001 889 4060 iactum
931 4005 1046 4075 poribus
1064 4003 1145 4073 fante,
1161 4019 1224 4076 quae
1247 4004 1321 4062 ferro
1346 4004 1442 4061 durior
1456 4009 1508 4072 est,
1525 4003 1582 4062 fere
1606 4008 1666 4062 erat
1688 4019 1755 4064 cou-

66 4098 104 4148 ost
128 4100 169 4162 ut,
190 4097 226 4152 in
252 4108 425 4166 quacumque
451 4093 528 4151 urbis
555 4093 668 4165 regione
697 4092 833 4163 capitanci
862 4097 906 4149 et
930 4100 1048 4164 sumpta,
1065 4094 1093 4149 in
1109 4099 1214 4150 tantum
1233 4097 1265 4150 ut
1283 4106 1353 4164 pane
1368 4093 1487 4164 vinoque
1502 4095 1615 4152 omuino
1634 4101 1753 4166 careret,

67 4181 234 4242 tdvassores
273 4184 404 4254 populum
440 4183 619 4256 superabant,
657 4182 843 4238 inhumaniter
856 4181 889 4215 ⁸¹⁸
930 4183 983 4240 nisi
1005 4189 1136 4254 quantum
1160 4181 1231 4240 iufra
1254 4183 1373 4241 civitatis
1387 4184 1519 4241 ambitum
1538 4189 1662 4241 aratores
1677 4190 1755 4257 pote-

68 4268 151 4340 ipsum
171 4273 362 4331 trucidabant.
387 4277 421 4330 nt
435 4273 564 4345 populus,
580 4276 611 4328 ut
633 4271 714 4340 solet,
730 4273 790 4328 sine
808 4271 888 4328 misc-
929 4278 991 4329 rant
1014 4279 1117 4331 metere
1137 4279 1164 4329 et
1187 4274 1321 4329 vinitores
1344 4277 1473 4342 poterant
1494 4264 1602 4329 cultura'
1626 4273 1753 4345 diligenti

67 4359 182 4420 ricordia
197 4365 298 4431 iratus,
323 4363 408 4434 magis
426 4363 497 4419 mori
516 4362 634 4434 diligens
648 4375 729 4432 quam
743 4363 834 4418 vivere
849 4361 889 4418 in·
929 4361 1075 4426 laborare;
1105 4374 1170 4417 caro
1198 4367 1289 4418 autem
1318 4365 1347 4416 ct
1375 4360 1467 4430 pisces
1491 4358 1596 4428 furtivi,
1626 4360 1753 4417 homines

67 4445 188 4520 boneste,
205 4467 239 4510 ac
269 4451 378 4510 dulcius
402 4451 531 4523 judicans
559 4457 674 4507 mortem
697 4449 791 4506 videre
806 4427 993 4521 quamDvcro
1023 4450 1195 4516 macilentos,
1229 4449 1326 4520 praelio
1358 4447 1442 4514 leves,
1473 4446 1621 4518 animoque
1653 4447 1752 4519 fortes,

67 4537 143 4595 vitam
163 4555 273 4599 summo
297 4555 360 4599 cum
383 4540 520 4598 dedecore
547 4540 650 4596 ducere
678 4538 797 4609 longam,
827 4539 888 4595 ubi·
928 4539 1057 4609 belloque
1080 4537 1276 4594 ardentissimi.
1302 4538 1330 4594 si
1354 4538 1430 4594 intus
1453 4549 1512 4594 eam
1531 4537 1649 4620 videres,
1670 4539 1752 4594 turri·

67 4639 180 4701 cumque
207 4634 287 4703 ipsos
313 4631 398 4687 armis
421 4635 454 4687 et
478 4627 578 4699 jaculis
605 4628 721 4685 diversis
748 4626 885 4696 vincebat,
927 4628 979 4684 bus
1002 4633 1084 4698 atque
1108 4626 1218 4697 palatiis
1231 4625 1350 4682 desertis
1370 4627 1426 4696 jann
1445 4625 1613 4683 minantibus
1632 4625 1750 4695 ruinam,

67 4716 136 4774 velut
158 4725 307 4792 serpentes
329 4726 376 4776 aut
394 4720 530 4776 dracones
547 4716 753 4775 crudelissimos
767 4730 817 4786 per
831 4729 887 4772 om-
927 4715 1102 4787 Babyloniam
1127 4714 1220 4786 potius
1247 4705 1356 4771 diceres
1383 4713 1519 4771 desertam
1542 4728 1623 4785 quam
1646 4714 1751 4773 lledio·

68 4805 109 4862 nia
135 4810 332 4867 mortificabat.
360 4810 473 4866 bemum
499 4807 635 4879 capitanei
663 4815 691 4863 et
718 4807 887 4864 valvassores
927 4804 1029 4872 lanum,
1044 4803 1183 4875 quondam
1198 4817 1294 4874 regum
1313 4802 1394 4859 sedes
1409 4802 1554 4860 nobilium.
1574 4803 1666 4861 blultis
1684 4818 1751 4875 pro-

66 4907 123 4952 sesc
136 4898 165 4954 in
180 4900 253 4956 urbe
266 4899 391 4956 ridentes
405 4896 508 4969 populo
523 4898 651 4954 resistere
666 4896 777 4954 minime
792 4909 884 4966 posse,
927 4899 1022 4964 pterea
1036 4897 1064 4950 et
1082 4893 1188 4950 civibus
1207 4891 1333 4949 clanculo
1352 4891 1463 4963 fugatis,
1481 4897 1573 4958 turres
1587 4898 1615 4950 et
1630 4893 1748 4951 civitatis

66 4985 224 5045 existimans
238 4987 271 5020 ⁸¹⁷
290 4988 422 5059 populum
446 4985 517 5044 fame
531 4991 559 5043 et
579 4985 653 5043 ferro
668 4985 816 5056 multisque
838 4997 887 5041 ne·
926 4995 1044 5051 murum,
1061 4986 1155 5054 portas
1173 4987 1201 5038 et
1214 4979 1386 5051 anteportale
1401 4986 1429 5038 et
1442 4986 1535 5039 cetera
1553 4981 1672 5039 civitatis
1690 4997 1748 5040 mu·

64 5074 240 5134 cessitatibus
269 5091 319 5149 per
347 5076 458 5135 nimiam
486 5076 660 5134 obsidionem
688 5075 833 5132 devincere
852 5087 885 5130 ac
926 5071 1057 5138 nimenta,
1074 5070 1214 5129 bominum
1229 5069 1351 5127 exercitu
1370 5069 1484 5128 miridee
1499 5075 1608 5140 oruata,
1622 5070 1747 5131 studiose

64 5171 191 5231 superare
221 5179 304 5237 posse
323 5171 352 5224 et
374 5164 498 5237 antiquis
523 5164 612 5236 redigi
638 5163 767 5232 servitiis,
788 5163 884 5219 urbem
924 5158 973 5216 diu
992 5165 1131 5232 noctuque
1145 5159 1381 5217 custodiebantur.

63 5259 166 5311 secrete
179 5269 215 5312 ac
240 5256 408 5314 unanimiter
421 5255 556 5314 exierunt.
585 5254 644 5321 Quo
667 5251 740 5310 facto
765 5252 884 5325 populus
959 5249 1034 5306 ldcm
1058 5263 1109 5320 per
1131 5256 1240 5321 tempus
1260 5250 1360 5317 Lanzc,
1385 5247 1497 5320 ingenio
1520 5248 1662 5320 providus,
1685 5263 1746 5307 cor-

63 5335 256 5401 vidcnsvitam
279 5345 307 5402 in
331 5344 457 5402 manibus
479 5342 549 5410 fore,
565 5341 651 5413 magis
667 5341 751 5398 arrnls
769 5353 884 5412 sperans
923 5340 998 5410 poris
1021 5339 1122 5396 virtute
1145 5339 1308 5406 landandus,
1325 5337 1444 5411 negotiis
1468 5337 1634 5395 militaribus
1657 5339 1748 5397 curio-

749 5439 862 5496 vntttlb
889 5438 1071 5496 LEGTIONFS

67 5541 127 5647 “⁸¹¹
143 5541 323 5671 quieffinlcodd.
337 5539 379 5596 lit.
415 5539 448 5574 ⁸¹⁸
461 5539 557 5596 italia
573 5537 748 5594 noviclterlt.
788 5535 820 5568 ⁸¹⁸
838 5537 961 5608 quemli.
999 5534 1031 5567 ⁸¹¹
1047 5547 1118 5605 quos
1131 5533 1185 5591 lit..
1232 5532 1265 5567 ⁸¹⁸
1277 5533 1434 5591 immaniter
1445 5536 1475 5590 B.
1523 5531 1554 5566 ⁸¹⁷
1568 5535 1702 5594 extimans
1716 5539 1745 5595 lt.

107 5629 178 5686 quas
240 5653 247 5668 .
