4036 6162
263 292 317 348 915
811 290 977 346 habulttil
997 288 1263 346 bihlohunbnsts
1280 290 1413 347 ethnici
1904 284 1958 339 elo

263 416 325 486 hus,
340 416 444 474 lanceis
458 417 625 488 ensibusque
649 413 743 485 pepuli
765 413 897 470 insensati
913 413 1232 484 pertmctan-Amittere
1256 414 1417 486 margaritas
1440 417 1505 468 ante
1528 424 1639 482 percos,
1667 423 1702 468 ne
1725 407 1801 467 terte
1824 410 1958 467 conversi

263 507 339 575 dum,
356 506 410 563 ime
426 505 642 563 conculcandum
664 501 836 560 commisisti.
856 501 949 559 Potuit
964 515 1081 573 namque
1124 503 1297 576 disrumpant
1320 509 1348 560 et
1370 503 1536 560 conculcent
1559 514 1606 558 eas
1628 499 1748 572 pedihus
1762 499 1825 556 suis
1849 498 1956 568 (dietih

266 598 395 654 dominus
424 604 518 654 nester
538 598 617 651 iesus
644 593 755 649 humaui
786 593 898 664 generis
925 593 1084 662 redemptor
1124 609 1171 660 vu,
1185 594 1223 660 dp.
1243 613 1257 646 u
1282 593 1322 650 hd
1347 592 1472 650 ultimum
1492 591 1581 661 ipsum
1595 589 1748 647 Guidenem
1763 588 1960 660 archiepisco·

264 694 295 744 ut
305 701 356 744 nos
366 686 480 757 imperio
490 699 547 741 sum
558 681 708 754 majestatis
720 681 805 738 tetius
819 681 913 738 mundi
924 680 1084 738 incredulos
1125 697 1209 753 pum,
1235 682 1378 753 inprime
1406 681 1467 738 hee
1490 680 1582 737 emnia
1610 677 1885 752 parvipendentem,
1913 677 1958 748 qui

263 776 433 832 Christianos
445 772 535 829 lacere
550 770 707 842 perlectos,
732 776 760 826 et
779 784 876 828 omnes
890 771 1085 842 crucifigentes
1125 772 1214 843 ipsum
1233 771 1390 829 anselmum
1408 772 1438 828 in
1452 769 1609 828 sacerdotio
1624 771 1851 835 consecraverat,
1867 768 1960 838 Syme

266 879 296 922 se
310 878 365 922 une
380 863 408 918 in
423 867 563 919 memento
577 861 652 918 vires
676 861 704 918 in
727 859 865 916 internum
885 859 1027 932 demergi3
1057 864 1085 915 at
1126 862 1235 918 niaoum
1253 867 1383 919 recantes
1404 866 1432 918 et
1455 859 1547 918 omnia
1568 859 1628 929 eius
1641 857 1816 915 detestantes
1830 855 1960 914 obirasca-

266 962 296 1010 ut
313 967 364 1010 nes
377 965 481 1009 summa
496 965 557 1008 eum
574 950 708 1020 patientia
722 949 829 1006 hostem
845 949 998 1020 antiquum,
1024 963 1085 1005 scr-
1127 955 1201 1008 runt.
1220 950 1290 1019 Quid
1305 951 1413 1007 multat
1435 955 1537 1006 mutam
1553 948 1626 1005 enim
1641 947 1748 1004 ruinam
1766 953 1797 1004 et
1812 946 1958 1004 dissidium

267 1047 377 1114 pentem
403 1040 643 1107 crudelissimum,
673 1039 784 1095 humani
807 1039 917 1110 generis
945 1036 1086 1094 inimicum
1127 1046 1209 1110 atque
1233 1038 1401 1095 discerdiam
1430 1038 1575 1108 pessimam
1604 1035 1796 1103 seminarunt,
1830 1041 1959 1105 quantam

266 1144 397 1201 superare
424 1133 452 1186 et
474 1134 651 1200 prosternere
676 1127 831 1199 pessimus,
861 1128 967 1184 Veritas
991 1127 1088 1184 dicens
1128 1129 1193 1186 elim
1216 1127 1394 1185 Nahumadan
1418 1127 1548 1198 princeps
1566 1123 1713 1182 militiaeiu
1729 1122 1839 1196 popule
1855 1123 1960 1180 israeli-

266 1219 385 1291 henigne
399 1219 543 1276 admonuit
559 1238 566 1274 ι
583 1236 598 1270 e
618 1216 790 1287 inpatientia
804 1222 894 1272 vestra
909 1215 1088 1287 possidebitis
1129 1217 1185 1274 tioo
1212 1217 1334 1284 immisit,
1351 1223 1379 1273 et
1404 1221 1533 1288 quantam
1547 1213 1644 1271 videns
1661 1215 1759 1281 lmen,
1774 1212 1827 1284 qui
1841 1212 1874 1268 in
1888 1213 1959 1284 ligne

267 1306 372 1363 animas
385 1314 490 1364 vestras
505 1305 579 1375 (tue,
599 1321 664 1375 uxr,
692 1303 742 1374 lili.
764 1325 777 1354 s
807 1303 870 1360 scie
894 1303 967 1359 enim
982 1307 1010 1358 et
1024 1317 1088 1360 vere
1130 1306 1205 1378 quod
1226 1305 1393 1364 llardoohee
1420 1309 1563 1376 paraverat
1578 1303 1746 1373 dampnatus
1769 1301 1920 1373 pependit,
1935 1311 1959 1359 et

267 1395 343 1462 scie;
365 1395 447 1452 verha
469 1401 559 1452 vestra
583 1393 655 1450 bena
675 1399 703 1450 et
722 1391 895 1449 rationabilia
919 1391 1048 1448 videntur
1062 1399 1090 1448 et
1130 1400 1259 1466 quantam
1274 1393 1392 1452 hbsalen
1414 1393 1499 1450 liavid
1522 1391 1594 1463 patri
1611 1405 1662 1448 suo
1681 1391 1785 1461 iniuste
1800 1391 1958 1448 commorit

269 1483 349 1541 laude
365 1482 467 1554 digna;
491 1481 540 1539 sed
566 1482 630 1554 quia
653 1481 712 1538 zelo
737 1481 786 1537 Dei
811 1494 865 1537 neu
884 1479 1040 1551 incepistis,
1055 1480 1090 1537 ah
1170 1482 1212 1538 lt.
1241 1482 1314 1556 (la.)
1344 1482 1502 1539 transactis
1523 1479 1556 1513 ⁸⁸¹
1579 1485 1670 1538 numm
1694 1478 1752 1536 lere
1773 1480 1834 1550 iarn
1857 1487 1958 1551 septen

269 1573 344 1632 emni
372 1585 486 1628 munere
517 1585 532 1627 a
560 1574 617 1628 hee
646 1569 800 1641 privemini.
835 1571 919 1626 Decet
951 1583 1088 1640 namque,
1131 1573 1221 1641 annis,
1238 1571 1264 1628 in
1291 1571 1392 1643 quibus
1416 1570 1542 1642 partibus
1565 1569 1709 1640 utriusque
1731 1582 1808 1626 nunc
1829 1582 1959 1640 prospera

271 1677 367 1730 onrnes
394 1660 595 1719 ecclesiasticas
625 1659 793 1731 dignitates,
822 1673 918 1716 enrnes
949 1659 1090 1726 honores,
1133 1674 1263 1732 nuncque
1282 1660 1395 1718 adversa
1414 1659 1492 1717 duris
1514 1658 1649 1716 bellorum
1670 1657 1814 1715 exercitiis
1835 1672 1961 1716 occurre

271 1751 367 1824 quales
381 1751 416 1806 ah
430 1748 523 1821 aliquo
532 1749 698 1819 reprehendi
713 1762 768 1807 non
784 1753 918 1818 pessunt;
934 1742 1216 1819 sacerdotesBrant,
1249 1747 1377 1807 Adddus
1408 1756 1437 1806 et
1468 1747 1618 1806 haedulus
1653 1747 1833 1805 extuantibus
1866 1747 1961 1804 animis

271 1854 337 1898 vere
352 1853 402 1910 per
415 1839 507 1896 emnia
530 1840 629 1896 henes.
646 1837 700 1895 sed
722 1837 791 1894 dicit
814 1839 886 1894 heus
908 1837 1017 1895 cuidam
1031 1850 1093 1894 sese
1133 1840 1216 1900 tacite
1240 1839 1332 1896 rimari
1356 1843 1511 1910 ceperunt,
1536 1851 1618 1908 quem
1636 1835 1671 1893 de
1694 1837 1850 1908 capitaneis
1867 1835 1959 1892 autde

272 1929 454 1999 interroganti
471 1947 477 1983 :
495 1945 510 1980 e
529 1926 599 1996 Quid
614 1941 657 1983 me
673 1927 743 1983 dicis
758 1927 860 1996 bouum
871 1932 883 1982 i
896 1939 978 1984 neme
992 1925 1082 1982 benus
1134 1929 1337 1986 valvassoribus
1350 1942 1435 2000 snper
1452 1926 1611 1999 hujusmodi
1624 1926 1735 1999 umetis
1749 1924 1784 1983 ad
1798 1940 1876 1997 epus
1888 1925 1961 1982 belli

273 2016 326 2074 nisi
341 2015 418 2074 selus
431 2017 503 2072 heus
520 2016 596 2084 (iao.
611 2030 698 2084 nrm,
726 2013 780 2086 19).
801 2033 816 2068 »
1135 2031 1197 2075 cum
1221 2032 1306 2088 super
1327 2017 1487 2074 sacerdotes
1505 2029 1669 2088 preponere
1683 2021 1810 2087 possent,
1824 2023 1961 2086 quatenns

218 2139 225 2144 -
311 2104 353 2162 ta.
376 2103 441 2177 (12.)
456 2102 563 2160 (ιιιιιιιω
578 2109 668 2161 autem
683 2102 744 2160 haee
767 2101 894 2159 etmulta
915 2099 1094 2159 aliahrialde
1135 2108 1195 2178 ejus
1222 2106 1355 2165 conscilio
1383 2121 1416 2163 ac
1443 2105 1535 2179 gladie
1563 2104 1614 2162 tuti
1643 2105 1732 2162 libere
1764 2103 1959 2176 predicarent,

272 2192 385 2262 suisque
409 2191 493 2247 sociis
515 2190 623 2247 diceret
643 2190 800 2262 hlenysius,
816 2197 844 2247 et
866 2189 960 2247 multis
985 2189 1095 2246 clericis
1135 2196 1332 2267 curialiterque
1352 2195 1384 2226 ἰ·
1407 2195 1550 2264 decerent,
1570 2193 1685 2265 implere
1707 2199 1879 2266 satagerent.
1899 2195 1960 2251 cnm

272 2280 365 2338 verbis
386 2281 542 2338 inhonestis
563 2279 798 2348 subsannaretur,
817 2277 988 2350 apostolicus
1011 2275 1096 2335 silen-
1135 2287 1197 2344 paes
1219 2287 1380 2358 agebamus,
1404 2298 1470 2342 sess
1494 2282 1703 2341 iisiismissiiius
1720 2282 1807 2340 isaer
1824 2283 1961 2352 usquin,

274 2369 341 2424 tium
357 2382 438 2425 manu
463 2369 616 2440 imperavit.
638 2371 745 2426 interea
760 2369 832 2426 idem
848 2367 1018 2440 apostolicus
1036 2381 1097 2439 per·
1136 2389 1170 2432 er
1194 2387 1291 2446 magna
1313 2373 1442 2445 prosapia
1468 2372 1674 2443 capitaneorum
1699 2370 1855 2440 oriundus,
1888 2373 1963 2428 miles

275 2471 362 2527 pauca
375 2456 505 2529 loquens,
520 2458 557 2513 ita
577 2457 605 2514 in
621 2456 740 2514 medium
764 2471 794 2513 sc
813 2457 920 2524 habult,
945 2456 1020 2529 qued
1044 2470 1097 2513 uec
1137 2471 1168 2521 ut
1183 2469 1280 2520 natura
1294 2463 1376 2520 dabat
1389 2461 1606 2530 strenuissimus,
1622 2460 1735 2518 barbam
1758 2467 1789 2518 ut
1806 2475 1877 2518 nsrns
1891 2463 1962 2517 anti·

275 2543 444 2601 cardinalem
468 2544 589 2602 laudavit
612 2560 664 2602 nee
686 2545 826 2602 driuidum
850 2545 1018 2616 dampnavit.
1037 2547 1097 2614 Quo
1137 2567 1210 2623 quus
1246 2552 1373 2623 exigebat
1409 2551 1489 2621 quasi
1526 2564 1693 2623 purpuream
1723 2563 1849 2622 gerens,
1892 2548 1962 2607 lenivi

277 2632 383 2700 audite,
399 2632 527 2690 Arialdus
550 2648 566 2689 a
587 2633 677 2706 gloria
699 2648 780 2704 quam
804 2635 898 2691 Romae
913 2633 1016 2690 habere
1034 2649 1098 2705 spe-
1137 2641 1227 2709 rultn,
1261 2641 1351 2698 oeulis
1382 2639 1530 2711 aquilinis,
1559 2645 1672 2710 pectore
1705 2638 1836 2706 leonino,
1875 2642 1963 2696 aninm

275 2721 354 2778 rabat
378 2722 490 2779 omuino
511 2721 670 2788 frustratus,
694 2735 866 2794 cognescens
884 2723 990 2782 animos
1008 2728 1099 2780 astan-
1138 2729 1303 2797 admirabili,
1320 2729 1548 2787 circacratienes
1566 2729 1594 2785 in
1618 2728 1721 2800 popule
1735 2729 1887 2786 solvendas
1903 2745 1963 2785 can·
2015 2755 2016 2758 ι

275 2810 342 2867 tium
368 2811 490 2868 emnium
512 2811 639 2868 ecclesiae
659 2812 871 2869 Mediolanensis
885 2812 1096 2884 compatientes,
1139 2823 1196 2886 tus,
1219 2817 1325 2889 rigidus
1346 2817 1376 2873 in
1400 2817 1474 2875 hello
1497 2822 1528 2875 ut
1550 2817 1655 2886 Cesar,
1678 2819 1708 2874 iu
1731 2817 1872 2890 angustiis
1896 2819 1964 2874 mins
2015 2869 2016 2886 ,

275 2903 396 2957 tremens
410 2905 438 2956 et
453 2899 572 2970 pallidus
584 2901 662 2972 quasi
681 2909 807 2958 mortuus
822 2899 957 2972 obriguit.
977 2900 1097 2957 Tandem
1138 2908 1274 2978 nimisque
1315 2919 1478 2977 apparens,
1522 2906 1648 2963 sublimis
1688 2906 1801 2973 corde,
1845 2919 1963 2978 carpere
2015 2909 2016 2924 ¹

273 2987 445 3058 apostolicus
477 2988 571 3044 multis
603 3003 635 3044 ae
667 2987 785 3045 diversis
812 2988 954 3046 consciliis
980 2989 1096 3058 rimatis,
1138 2995 1279 3053 subtilior
1302 2995 1422 3066 aequali,
1446 2993 1623 3052 memhriset
1645 2995 1772 3052 cruribus
1795 2993 1963 3052 decentissi-

271 3073 403 3144 adjuncto
413 3079 476 3144 pest
486 3073 592 3143 aliquot
602 3073 662 3131 dies
675 3075 803 3132 Auselme
818 3076 934 3132 Lucensl
950 3076 1093 3146 episcope,
1106 3067 1127 3128 G
1138 3084 1200 3153 mis,
1220 3084 1297 3140 tibiis
1315 3097 1347 3140 ss
1374 3083 1491 3154 pestibus
1510 3083 1707 3152 subtilissimis,
1730 3091 1902 3154 pernoctare
1916 3085 1963 3140 de-

272 3173 355 3232 quem
371 3174 453 3232 supra
472 3163 631 3229 memoravi,
661 3169 691 3220 ut
706 3169 790 3220 tante
813 3162 886 3220 eladi
910 3164 992 3221 iluem
1007 3165 1096 3236 impo·
1137 3178 1199 3228 etus
1213 3171 1248 3228 eb
1263 3171 1368 3238 hostes,
1391 3178 1419 3227 et
1438 3170 1571 3228 conscilio
1588 3171 1718 3241 providus
1732 3170 1850 3228 multum
1866 3173 1897 3228 in
1913 3187 1962 3243 que

274 3255 353 3305 neret
368 3254 396 3305 et
414 3249 575 3305 sacerdotes
592 3264 608 3305 a
623 3251 736 3321 perlidis
754 3251 939 3308 liberarentur
958 3253 1096 3324 omnibus,
1138 3265 1235 3316 natura
1259 3260 1364 3316 urilltiae
1389 3259 1474 3316 nichil
1494 3259 1695 3328 etiendebatur,
1712 3261 1819 3317 noviter
1831 3261 1872 3316 ab
1886 3263 1962 3318 iere-

274 3343 303 3393 et
317 3336 392 3408 qued
412 3337 472 3408 ipse
486 3337 615 3395 drlaldus
634 3338 773 3396 inchoavit
791 3341 1038 3410 corroboraretur,
1069 3347 1099 3399 ut
1139 3348 1245 3406 solimis
1268 3360 1384 3420 peresos
1408 3348 1514 3405 habens
1538 3349 1657 3419 nidores
1679 3347 1803 3405 redierat
1820 3349 1908 3418 (illi,
1924 3349 1964 3404 ubi

275 3425 305 3459 ⁸⁸¹
322 3425 526 3498 quedammodo
541 3427 659 3484 ecelesia
678 3428 1100 3501 lledielanensissuisjusslhus
1140 3451 1201 3494 eum
1218 3437 1334 3508 juvenili
1353 3442 1435 3494 vetate
1456 3437 1627 3506 floresceret,
1653 3446 1780 3495 elmere
1806 3437 1895 3494 solite
1917 3437 1964 3493 sibi

277 3516 492 3586 obtemperaret,
514 3517 667 3586 arialdum,
695 3519 850 3575 Anselmum
866 3521 1017 3577 bucensem
1041 3521 1100 3591 epi·
1141 3539 1255 3582 uxorem
1270 3525 1484 3595 desponsasset,
1509 3531 1538 3582 et
1556 3526 1643 3596 ipsam
1657 3527 1686 3582 in
1702 3526 1818 3584 veritate
1831 3541 1898 3584 cum
1912 3527 1966 3582 ele·

276 3617 402 3674 scopum,
418 3605 655 3676 etlldeprandum
672 3609 728 3677 ianr
752 3608 975 3665 archidiaconem
999 3607 1101 3665 laetum
1142 3615 1201 3671 rice
1230 3613 1349 3684 quedam
1374 3615 1483 3684 jocasse
1515 3614 1599 3671 certis
1629 3613 1742 3672 iudiciis
1774 3619 1965 3687 conperisset

277 3691 403 3749 ecclesie
425 3693 566 3762 Romane,
590 3707 647 3752 une
670 3695 761 3752 animo
776 3696 982 3754 eonsentientes
995 3696 1103 3754 bledle-
1143 3703 1247 3775 nuptiis
1270 3703 1382 3761 omnine
1405 3704 1516 3760 emissis
1539 3704 1622 3760 tacite
1644 3703 1759 3776 aufugit.
1781 3705 1833 3761 liic
1857 3715 1887 3762 et
1905 3708 1966 3762 lan

277 3780 369 3837 lanum
384 3779 496 3838 direxti.
512 3784 632 3850 Quorum
646 3797 718 3841 unus
738 3785 904 3856 supradicte
918 3786 967 3842 irae
991 3784 1102 3854 lividus,
1143 3793 1236 3851 (iulius
1250 3799 1278 3850 et
1301 3793 1348 3849 alii
1369 3792 1468 3849 iratres
1481 3807 1515 3849 ex
1528 3792 1626 3850 illicite
1641 3793 1782 3866 cecinere,
1799 3801 1830 3852 ut
1849 3793 1967 3864 comperi

278 3870 349 3925 alter
377 3869 462 3924 nimia
484 3870 674 3942 indignatione
706 3873 860 3931 altitudinis
891 3872 1103 3931 mediolanensis
1144 3883 1173 3941 in
1192 3882 1326 3950 veritate,
1349 3880 1407 3938 nali
1421 3888 1502 3948 sunt;
1520 3895 1637 3952 querum
1656 3887 1785 3952 parentes
1810 3883 1968 3940 damnemus

279 3956 405 4015 ecclesiae
428 3965 591 4026 commotus,
616 3962 674 4018 zelo
698 3963 823 4019 zelabant
846 3963 1026 4035 nequissime.
1051 3960 1102 4030 Qul
1146 3970 1372 4040 archiepiscopus
1404 3968 1569 4039 permultum
1605 3968 1734 4026 laborans
1768 3970 1865 4040 eladio
1897 3968 1967 4028 verbi

279 4059 343 4103 cum
361 4044 543 4105 lledielanum
561 4049 725 4120 attigissent,
746 4064 827 4108 secus
846 4052 937 4109 omnia
951 4052 1103 4108 tractarunt
1146 4060 1194 4115 psi
1220 4071 1348 4127 separare
1372 4070 1427 4114 non
1450 4057 1550 4128 potuit.
1576 4059 1655 4114 liuuc
1669 4056 1701 4088 ⁸⁸⁸
1714 4057 1845 4115 arideus
1862 4067 1891 4115 et
1904 4061 1968 4114 lan·

280 4156 362 4214 quam
379 4137 548 4211 apostolicus
565 4137 605 4193 eis
629 4138 799 4195 denotasset.
822 4141 860 4196 Ea
884 4148 1046 4214 tempestate
1066 4148 1105 4204 ci·
1146 4145 1238 4204 eutius
1266 4144 1350 4202 irater
1378 4145 1501 4216 ejusdem
1529 4159 1591 4202 eum
1610 4145 1738 4203 ιιειιιιιιιιι
1769 4147 1861 4218 gratia
1889 4153 1965 4203 uettn

280 4233 354 4289 vium
378 4230 493 4286 diversae
513 4233 621 4294 turmae,
646 4227 708 4285 aliae
731 4229 905 4287 sacerdotnm
929 4234 1041 4304 pietate,
1057 4237 1106 4307 qui
1130 4234 1401 4302 circumvenissent,
1426 4233 1499 4290 datis
1524 4234 1637 4304 osculis,
1666 4235 1767 4292 talibus
1794 4235 1889 4293 adorsi
1906 4241 1967 4290 sunt

282 4323 352 4380 male
367 4320 401 4378 ah
415 4317 526 4376 arialde
549 4323 577 4374 et
598 4319 657 4389 ejus
680 4325 758 4389 parte
782 4321 979 4392 tractabantur,
1001 4326 1104 4382 cotidie
1148 4323 1266 4380 verbis:
1293 4341 1308 4374 e
1332 4325 1354 4379 0
1376 4321 1567 4379 herlembalde
1592 4323 1621 4378 in
1644 4322 1771 4380 omnihus
1795 4324 1966 4388 venerande,

282 4417 314 4468 ut
330 4410 426 4466 hostes
440 4422 501 4464 sese
517 4412 648 4463 necantes
667 4407 871 4478 preliabantur.
891 4412 986 4483 ltaque
1004 4413 1104 4471 husel—
1114 4391 1140 4450 D
1148 4425 1199 4483 pro
1220 4417 1268 4468 tue
1291 4411 1382 4468 reditu
1398 4424 1449 4468 nes
1466 4412 1552 4467 licum
1566 4409 1754 4468 collaudantes
1766 4413 1874 4482 granas
1888 4414 1913 4470 ei
1927 4426 1967 4468 re·

284 4514 345 4556 mus
359 4505 388 4555 et
401 4495 582 4567 ildeprandus
606 4496 702 4566 pepuli
720 4495 842 4554 furerem
866 4499 1008 4571 timentes,
1032 4503 1108 4560 elan·
1148 4499 1261 4559 ierimus
1283 4501 1441 4556 immensas.
1465 4499 1541 4556 Sicut
1559 4499 1591 4530 ”¹
1619 4501 1692 4556 euim
1715 4501 1788 4557 bens
1810 4507 1838 4558 te
1858 4503 1968 4558 interra

284 4587 348 4644 cule
371 4587 476 4642 voeatis
502 4584 609 4640 civibus
636 4598 707 4654 quos
729 4586 830 4643 hahere
854 4595 992 4659 poterant,
1016 4605 1106 4662 quan·
1148 4595 1177 4647 et
1191 4589 1219 4645 in
1234 4590 1302 4668 mari
1317 4588 1410 4646 multis
1420 4590 1556 4662 quassatis
1570 4587 1702 4660 procellis
1716 4588 1798 4646 nobis
1810 4603 1966 4648 conservare

286 4683 344 4734 tum
358 4675 459 4746 linguae
474 4687 569 4730 cerum
584 4673 738 4744 exprimere
753 4676 914 4746 valuerunt,
938 4679 998 4736 sine
1022 4682 1107 4738 mise·
1149 4685 1177 4734 et
1193 4677 1309 4735 reddere
1328 4691 1377 4734 sua
1399 4677 1568 4749 benignitate
1582 4675 1729 4747 disposuit,
1746 4677 1879 4750 ιιιιιειιιιε
1892 4677 1967 4734 medo

285 4765 416 4832 ricordia,
431 4763 491 4819 siue
510 4762 636 4830 caritate,
652 4763 751 4820 callide
769 4763 917 4824 trementes
940 4767 1106 4826 ediderunt:
1148 4767 1244 4826 seculi
1267 4767 1345 4824 miles
1368 4766 1458 4834 luisti,
1484 4767 1524 4824 sic
1546 4765 1650 4823 decens
1673 4773 1702 4823 et
1722 4775 1886 4839 competens
1902 4765 1966 4822 narie

286 4869 302 4908 e
325 4855 386 4910 lien
409 4852 552 4909 attenditis
573 4851 622 4909 Dei
637 4853 806 4925 evangelium
821 4855 963 4914 dicentis:
986 4876 1001 4910 n
1015 4857 1106 4915 Nolite
1147 4863 1199 4926 est,
1215 4863 1246 4914 ut
1260 4856 1359 4913 exinde
1377 4857 1426 4913 hei
1449 4861 1478 4912 et
1500 4855 1644 4914 catholice
1667 4853 1795 4914 ecclesie
1818 4856 1899 4914 miles
1915 4853 1967 4912 eit-

971 4983 1083 5038 vaurm
1097 4951 1291 5039 nuenrolvns.

320 5103 353 5137 Ν
369 5101 487 5159 ibatne:
502 5101 657 5172 Stephanus
672 5118 741 5173 papa
755 5103 937 5161 Mediolanum
952 5105 1164 5177 legatesmiuit.
1202 5106 1233 5140 ⁸⁸¹
1249 5113 1277 5164 et
1291 5111 1322 5162 ut
1336 5107 1367 5162 ii.
1404 5103 1437 5138 '⁸¹
1457 5103 1576 5162 weles.-
1600 5104 1750 5176 lucipitde
1764 5105 1964 5163 herlembaldo

284 5175 328 5233 ι’.
343 5173 466 5243 Qualiter
476 5172 605 5232 llrialdus
618 5181 646 5230 et
660 5173 810 5232 undatius
823 5174 877 5231 sihi
891 5177 1030 5234 associant
1044 5179 1158 5236 militem
1173 5177 1406 5235 herlembaldum.
1420 5177 1480 5235 h**.
1496 5177 1526 5233 B.
1544 5174 1586 5233 Bi.
1624 5175 1658 5210 “⁸
1670 5190 1700 5246 p.
1719 5181 1749 5233 et
1772 5177 1965 5248 curialiterque

285 5247 316 5303 lt.
352 5244 386 5279 ⁸⁸⁸
403 5244 499 5302 hidem
510 5244 553 5301 Bt.
591 5243 741 5302 ”sicet
756 5248 882 5303 eidnec.
897 5248 925 5304 in
940 5250 970 5304 V.
985 5249 1131 5306 Arieldio.
1150 5250 1192 5306 td.

1073 5376 1182 5433 NOTAE.

288 5487 391 5618 0.qu
406 5491 498 5561 Νιιθΐ
514 5486 677 5561 ierosolyma
700 5502 819 5546 reversae
843 5487 945 5548 nehiel
967 5496 1028 5548 tuce
1045 5489 1166 5548 ammam
1186 5490 1333 5564 relinquere
1365 5496 1390 5549 et
1416 5487 1578 5548 retrudere
1604 5488 1664 5546 otte
1691 5489 1856 5548 ιιιοιιιιιιιω.
1883 5485 1966 5547 indr-
