4106 6178
256 259 344 316 llas
803 205 931 312 ubsuutt
952 254 1120 311 BRUNONlS
1137 254 1302 312 hNDEGhv.
1323 253 1427 311 urlsc.
1895 253 1958 310 tabu

272 384 427 443 collocavit.
456 387 534 453 Aqua
555 394 621 439 roro
650 395 710 437 cum
741 393 794 451 qua
817 394 879 436 ossa
903 379 990 436 lavata
1017 379 1213 446 suut,Aeutra
1226 378 1370 437 ecclesiam
1385 379 1503 436 ubertim
1517 379 1676 450 sanguinem
1690 381 1793 452 emisit,
1808 380 1960 438 atmodum

272 475 354 532 caeeis
377 475 474 540 visum,
504 471 596 529 surdis
614 470 752 536 auditum,
777 469 882 526 claudis
910 483 1043 541 gressum,
1069 475 1096 525 et
1137 483 1194 526 suae
1209 469 1360 526 curationis
1374 469 1583 526 circumstantes
1597 468 1718 526 edocuit.

271 563 483 635 quibuscunque
511 558 649 616 debilibus
675 557 819 614 sanitatem
852 559 980 615 restituit.
1011 558 1096 614 vesti·
1172 557 1217 612 25.
1243 557 1340 615 voraci
1365 557 1471 614 flamma
1496 558 1591 614 urbem
1606 559 1755 630 vvignmiae
1770 561 1832 616 vice
1847 559 1961 631 quadam

272 658 364 710 menta
387 651 460 708 enim
484 650 575 705 omnia
599 649 705 719 integra
729 654 756 704 et
784 647 889 703 illibata
912 649 940 703 in
968 647 1096 719 sepulcro
1138 647 1333 718 conflagrante,
1364 661 1427 704 mox
1456 651 1487 702 ut
1512 647 1546 704 ad
1576 646 1706 704 feretrum
1734 649 1824 705 sancti
1858 649 1962 704 hamma

273 740 359 799 odore
378 739 539 797 suavissimo
559 736 706 808 fragrantia
722 743 830 808 reperta
844 743 918 793 sunt.
1138 737 1271 802 accessit,
1298 736 1370 807 ignis
1393 736 1525 807 elanguit,
1546 751 1597 793 nec
1613 737 1728 794 ulterius
1741 736 1850 808 aliquid
1864 747 1962 793 assum·

237 803 242 814 ’
308 829 353 888 23.
387 828 536 885 llonachus
562 827 674 897 quidam
702 827 853 883 Rameseiae
882 826 975 883 cancri
1004 825 1097 883 ulcere
1139 827 1277 896 pturusin
1292 840 1322 883 se
1337 825 1439 883 delicit.
1466 826 1560 882 Stabat
1584 827 1656 882 eninr
1676 827 1806 897 pauperis
1821 827 1962 897 cujusdam

274 920 303 976 in
318 917 427 975 maxilla
441 917 479 973 ita
494 930 642 987 percussus
656 923 725 983 erat,
749 921 779 972 ut
803 921 964 987 consumpta
988 923 1051 972 cute
1070 922 1098 972 et
1139 916 1237 973 domus
1250 915 1385 972 arundine
1402 921 1484 981 tecta,
1505 929 1521 972 a
1544 916 1587 972 sui
1606 915 1697 973 medio
1716 917 1827 988 integra
1846 923 1875 972 et
1901 931 1964 974 sana

275 1022 357 1065 carne
387 1007 459 1064 nuda
488 1005 655 1073 mandibula,
685 1006 750 1062 nudi
778 1006 876 1062 dentes
899 1019 960 1063 curn
981 1005 1098 1076 gingiuis
1139 1006 1224 1061 altera
1252 1006 1312 1074 ejus
1344 1003 1500 1072 medietate,
1530 1006 1606 1075 quasi
1635 1007 1669 1062 ad
1698 1006 1965 1078 perpendiculum:

274 1107 450 1170 apparerent.
476 1097 525 1152 llic
551 1097 579 1152 iu
604 1095 676 1152 festo
695 1096 722 1151 S.
743 1095 860 1151 oswaldi
884 1095 918 1151 de
937 1095 1053 1166 scypho,
1069 1096 1097 1150 in
1139 1109 1245 1152 summo
1259 1109 1345 1164 usque
1360 1095 1388 1150 in
1404 1099 1504 1152 terram
1520 1095 1696 1167 conflagrata.

275 1200 330 1259 quo
347 1187 419 1244 idem
433 1193 555 1242 ,sanctus
577 1185 672 1241 bibere
691 1185 808 1252 solebat,
825 1199 886 1241 cum
901 1195 998 1256 magna
1016 1185 1100 1241 devo·
1174 1184 1219 1239 26.
1243 1184 1304 1241 ulio
1319 1184 1347 1239 in
1362 1189 1487 1255 tempore
1501 1191 1649 1242 memorata
1670 1185 1786 1242 ardente
1807 1187 1891 1255 urbe,
1909 1201 1965 1244 cum

275 1278 350 1334 tione
367 1282 394 1333 et
412 1276 466 1333 fide
482 1275 590 1342 bibens,
610 1281 638 1331 et
652 1281 761 1346 sumpto
777 1279 843 1344 potu
858 1289 904 1330 vas
922 1288 1037 1330 vacuum
1060 1281 1099 1330 ta·
1140 1274 1265 1330 monaehi
1280 1272 1411 1330 feretrum
1425 1274 1513 1330 sancti
1528 1274 1562 1331 ad
1572 1273 1662 1330 uillam
1678 1273 1831 1342 deferrent,
1847 1279 1966 1333 occurat

275 1367 399 1424 bescenti
414 1364 531 1422 maxilla
547 1365 638 1420 statim
653 1365 791 1435 apposuit,
814 1370 841 1420 et
855 1363 1096 1434 strictiusjunuit;
1140 1363 1250 1433 quidam
1266 1362 1313 1434 qui
1335 1376 1424 1434 nuper
1439 1362 1550 1420 domum
1569 1363 1711 1433 pulchram
1727 1364 1928 1432 aedificaverat,
1944 1374 1968 1423 et

276 1464 304 1515 et
321 1461 413 1512 amoto
438 1460 502 1526 post
522 1454 660 1510 modicum
676 1467 691 1509 a
712 1453 821 1510 maxilla
835 1453 946 1509 vasculo
961 1453 998 1509 ita
1014 1453 1099 1510 totius
1141 1453 1296 1510 exclamans
1305 1450 1375 1508 dixit
1388 1472 1394 1508 :
1413 1470 1427 1504 u
1443 1454 1465 1508 0
1478 1458 1573 1509 sancte
1588 1454 1669 1510 Pater
1682 1459 1711 1510 et
1725 1459 1823 1524 pastor
1832 1456 1967 1520 oswalde,

275 1546 364 1604 morbi
389 1545 481 1602 sanies
504 1547 587 1614 atque
607 1542 725 1614 putredo
739 1543 796 1599 vasi
816 1543 942 1610 adhaesit,
958 1549 988 1599 ut
1007 1543 1100 1599 redin-
1141 1557 1206 1600 ecce
1225 1543 1336 1598 domum
1358 1555 1446 1598 meam
1460 1542 1606 1598 voracibus
1620 1543 1736 1600 hammis
1751 1544 1906 1602 obnoxiam
1922 1547 1967 1601 tibi

276 1642 380 1708 tegrata
406 1650 421 1691 a
450 1635 582 1706 languore
610 1631 718 1689 maxilla
742 1632 846 1688 nullum
875 1631 1008 1703 praeteriti
1036 1631 1099 1688 mali
1142 1633 1226 1700 dono,
1238 1637 1266 1688 et
1277 1633 1340 1701 jure
1355 1635 1488 1702 perpetuo
1503 1631 1697 1702 possidendam
1711 1634 1763 1690 sub
1780 1641 1832 1691 tuo
1847 1634 1968 1691 dominio

275 1725 408 1783 indicium
427 1723 599 1794 deprehendi
619 1727 713 1793 posset
732 1723 760 1778 in
785 1722 841 1778 illa.
862 1723 891 1778 ln
915 1715 1238 1793 testimoniumeouo;
1257 1726 1285 1777 tu
1301 1733 1370 1788 eam,
1386 1721 1410 1776 si
1425 1721 1551 1790 piaeet,a
1567 1723 1696 1791 prasenti
1709 1723 1839 1793 periculo
1854 1725 1968 1782 liberare

276 1819 367 1872 autem
397 1813 467 1870 tanti
495 1810 620 1868 miraculi
649 1817 677 1867 et
697 1813 807 1869 virtutis
834 1812 893 1880 Dei,
918 1811 1026 1868 maxilla
1054 1811 1101 1867 illa
1143 1809 1277 1884 digneris.
1295 1831 1308 1862 ι
1325 1810 1485 1868 introducto
1498 1811 1591 1882 itaque
1605 1811 1634 1868 in
1648 1812 1760 1870 domurn
1775 1814 1854 1871 illam
1870 1813 1967 1872 feretro

277 1903 359 1976 paulo
373 1916 482 1973 semper
496 1899 677 1958 rubicundior
691 1905 750 1956 crat
763 1900 859 1956 altera.
1142 1917 1177 1959 ex
1199 1902 1282 1957 domo
1306 1899 1394 1957 vicina
1413 1902 1476 1972 igne
1501 1903 1612 1972 penitus
1626 1909 1800 1974 consumpta,
1820 1905 1886 1961 aula
1901 1907 1966 1961 Patri

311 1992 357 2049 24.
381 1991 495 2061 Quidam
519 1994 611 2046 mutus
634 1990 668 2044 ab
691 1986 805 2044 infantia
824 1989 852 2044 in
872 1990 989 2060 quadam
1004 1991 1032 2045 S.
1052 1991 1101 2046 Os-
1141 1991 1267 2049 oswaldo
1291 1990 1482 2048 commendata
1500 2005 1552 2048 nee
1575 1991 1610 2048 ab
1633 1992 1697 2063 lgne
1720 1994 1850 2066 contingi
1872 1997 1966 2065 potuit,

276 2080 358 2140 waldi
376 2080 526 2137 festivitate
549 2078 618 2134 aluit
642 2077 787 2148 quemdam
810 2079 864 2134 sibi
882 2079 1005 2150 ignotum
1025 2094 1101 2136 reve·
1142 2095 1193 2138 nec
1205 2079 1291 2137 ullum
1306 2080 1449 2150 vestigium
1464 2079 1536 2150 ignis
1548 2081 1578 2135 in
1592 2095 1624 2138 ea
1638 2081 1751 2138 resedit.

276 2172 355 2230 rendi
383 2170 474 2227 vultus
499 2168 659 2236 hominem,
684 2167 786 2224 decora
819 2168 920 2226 canitie
947 2169 1099 2240 fulgidum,
1177 2169 1222 2226 27.
1238 2169 1314 2226 Saeva
1329 2168 1485 2240 pestilentia
1495 2169 1714 2240 Wigomiensem
1724 2172 1901 2241 provinciam
1913 2175 1964 2230 sicr

275 2258 441 2318 sacerdotali
460 2265 535 2314 veste
560 2258 699 2323 amictum,
728 2256 854 2314 baculum
880 2271 961 2314 mauu
988 2264 1101 2330 gestan·
1142 2258 1260 2329 quadam
1284 2257 1466 2328 depopulans,
1485 2259 1559 2315 viros
1582 2273 1614 2315 ae
1640 2260 1781 2329 mulieres,
1801 2264 1922 2332 juvenes
1942 2273 1966 2319 et

276 2355 342 2419 tem,
371 2349 489 2420 quasia
519 2347 582 2404 loco
605 2346 726 2418 sepulcri
751 2347 838 2402 sancti
860 2347 984 2418 episcopi
1009 2347 1043 2403 ad
1071 2361 1101 2404 se
1143 2347 1271 2418 parvulos
1301 2346 1416 2403 interitu
1454 2348 1599 2418 repentino
1634 2349 1758 2407 involvit.
1790 2352 1966 2408 Ambulautes

276 2445 471 2512 properantem
497 2458 503 2493 :
535 2438 579 2493 cui
607 2450 700 2492 eoram
719 2449 749 2492 se
768 2437 921 2493 transeunti
936 2437 999 2493 dum
1020 2440 1102 2507 caput
1143 2438 1309 2510 quandoque
1331 2443 1379 2494 aut
1401 2443 1506 2496 stantes
1528 2440 1621 2496 subito
1636 2441 1783 2510 cadebant,
1798 2451 1830 2499 et
1845 2445 1967 2515 impeni-

277 2529 420 2586 humiliter
432 2527 589 2593 inclinaret,
606 2526 665 2596 ipse
681 2525 769 2582 levato
785 2526 884 2583 baculo
898 2540 960 2583 eum
979 2525 1008 2582 in
1029 2525 1101 2583 collo
1143 2533 1233 2585 tentes
1245 2525 1395 2584 inconfessi
1411 2529 1596 2598 exspirabant.
1609 2531 1734 2588 lionachi
1745 2547 1813 2589 vero
1825 2548 1890 2589 cum
1904 2533 1969 2590 fere-

278 2619 416 2692 pereussit
440 2623 467 2672 et
486 2615 630 2686 disparuit.
646 2614 686 2670 hd
711 2629 791 2686 quem
814 2615 898 2672 ictum
917 2615 963 2671 ille
978 2616 1101 2684 territus,
1142 2624 1187 2675 tro
1202 2618 1290 2674 sancti
1304 2618 1437 2708 antistitis
1451 2632 1501 2688 per
1516 2619 1661 2676 circuitum
1681 2621 1758 2677 urbis
1778 2620 1968 2680 litaniasuan-

279 2711 355 2768 illico
379 2720 476 2778 magna
499 2703 636 2776 coagulati
660 2705 800 2776 sanguinis
816 2719 903 2760 massa
917 2719 950 2760 eu
966 2719 1014 2762 ore
1029 2705 1103 2762 illius
1144 2713 1234 2764 tantes
1248 2720 1298 2776 pro
1313 2706 1402 2763 salute
1416 2707 1512 2777 populi
1527 2708 1624 2765 devote
1638 2709 1855 2780 supplicabant:
1870 2721 1898 2768 et
1908 2728 1968 2769 erce

281 2801 309 2857 in
337 2805 440 2854 terram
468 2793 594 2860 cadente,
619 2793 736 2849 clamare
756 2795 867 2865 empit:
895 2813 909 2846 u
933 2795 1102 2864 succurrite,
1145 2797 1289 2855 confestim
1302 2796 1459 2867 pestilentia
1473 2801 1531 2854 tota
1546 2798 1699 2855 nonsolum
1709 2800 1885 2871 wigorniam
1898 2805 1970 2872 peni-

281 2902 387 2962 quaeso,
406 2885 567 2952 succurite,
578 2889 606 2939 et
623 2897 659 2940 ne
680 2884 812 2954 sanguiue
836 2898 897 2940 meo
922 2885 1038 2940 ecelesia
1053 2886 1106 2941 bo·
1145 2896 1190 2945 tus
1208 2886 1330 2957 reliquit,
1346 2887 1394 2942 sed
1410 2893 1438 2943 et
1451 2887 1529 2944 villas
1543 2888 1783 2958 circumjacentes,
1811 2890 1850 2946 de
1874 2894 1970 2962 quibus

281 2979 347 3037 mini
362 2976 490 3043 violetur,
506 2974 571 3030 hinc
594 2988 637 3030 me
657 2974 818 3030 festinanter
832 2974 935 3044 elicita.
952 2995 965 3028 u
984 2969 1245 3035 EduotusGinrolae
1260 2990 1341 3048 opem
1352 2976 1441 3033 sancti
1460 2977 1638 3048 implorantes
1652 2977 1833 3035 advenerant.

935 3324 1022 3368 ANNO
1041 3323 1158 3370 DOMINI
1178 3326 1312 3370 Muxxxt.

631 3487 1173 3662 EUSEBIUS
1250 3500 1630 3665 BRUNO

897 3769 1149 3824 ANDEGAVENSIS
1167 3768 1358 3824 EPISCOPUS.

647 4028 874 4113 NOTITIA
906 4030 1197 4116 HlSTORICA
1229 4031 1285 4114 IN
1314 4031 1619 4132 BRUNONEM

786 4192 883 4264 (Gallio
898 4194 1052 4262 obviatione,
1069 4187 1185 4251 remed.
1205 4199 1272 4250 tom.
1290 4196 1322 4263 ll,
1338 4195 1393 4252 col.
1413 4195 1484 4267 126.)

309 4447 465 4532 ‘Eusebius
486 4449 578 4506 Brurno
601 4449 732 4508 suffectus
747 4454 1006 4526 esthndegavensis
1020 4455 1116 4540 Eccle·
1158 4455 1342 4525 chirographo
1367 4464 1462 4542 postea
1475 4459 1601 4546 'firmarit
1628 4462 1706 4548 luat,
1731 4477 1826 4521 mense
1850 4469 1894 4522 hu
1916 4475 1982 4549 usto,

293 4519 1118 4661 11113111111111011.11111111111.
1159 4526 1343 4654 ablati
1367 4529 1898 4678 iiiiiiiiihilibiiiitmiaiu
1934 4551 1984 4666 cii.

295 4665 376 4719 vrato
396 4669 550 4731 consecrat,
566 4671 597 4721 ut
622 4665 699 4722 aiunt
723 4666 824 4724 tabula
838 4671 865 4724 S.
881 4669 977 4726 Laudi.
994 4670 1118 4726 Concilio
1160 4675 1280 4725 montem
1305 4685 1355 4740 pro
1380 4672 1497 4730 ecclesia
1519 4675 1664 4747 collegiata
1687 4679 1790 4749 vapra:
1812 4678 1870 4736 hoc
1892 4681 1982 4736 endem

295 4735 425 4790 ilamensi
449 4734 574 4791 interfuit
600 4735 677 4804 1149,
694 4743 815 4864 tuncque
830 4740 973 4797 donationi
993 4742 1119 4798 ecelesiae
1160 4753 1233 4821 anno
1249 4747 1357 4811 pactum
1372 4743 1434 4800 iniit
1452 4759 1513 4801 cum
1533 4748 1676 4804 monachis
1698 4750 1725 4804 S.
1741 4749 1836 4805 albini
1861 4749 1899 4806 de
1927 4765 1983 4822 pen

295 4805 420 4862 Omnium
449 4807 610 4862 Sanctorum
633 4821 648 4862 a
674 4808 793 4866 Golfrio
825 4812 949 4868 llartello
978 4811 1120 4870 monachis
1160 4811 1284 4868 sionibus
1298 4812 1475 4872 ecclesiarum
1490 4831 1552 4887 qua
1566 4817 1601 4874 ab
1624 4821 1693 4889 ipsis
1717 4818 1892 4890 pendebant.
1919 4823 1981 4879 lde·

296 4877 547 4933 vindocinensibus
574 4876 652 4934 facta
681 4882 845 4952 subscripsit
874 4904 880 4938 :
915 4884 1028 4940 circiter
1054 4897 1119 4940 vero
1160 4881 1295 4939 Eusebius
1317 4885 1403 4940 aedem
1429 4889 1458 4944 B.
1484 4889 1601 4945 llauritii
1628 4904 1677 4960 per
1701 4892 1731 4946 B.
1755 4892 1981 4964 Castriguntherii

297 4961 342 5006 an.
376 4947 443 5002 1053
470 4951 604 5020 transegit
630 4964 692 5006 cum
720 4953 819 5031 abbate
847 4955 994 5012 Frederico
1017 4955 1122 5012 Salmu·
1161 4954 1301 5010 dominum
1329 4969 1409 5013 manu
1436 4959 1504 5015 laica
1533 4974 1686 5030 possessam
1715 4962 1846 5030 redemit,
1872 4979 1907 5020 ae
1932 4965 1982 5020 tulit

297 5019 393 5087 siensi,
419 5032 469 5091 pro
492 5019 618 5092 eeclesiis
640 5023 773 5079 territorii
797 5027 824 5081 S.
849 5025 981 5084 florentii
999 5030 1120 5096 reteris;
1161 5027 1325 5082 sententiam
1345 5029 1418 5084 inter
1439 5030 1580 5087 Gofridum
1607 5041 1746 5089 cantorem
1771 5041 1799 5089 et
1827 5037 1981 5093 llarboduu

300 5091 381 5161 paulo
407 5097 470 5161 post
493 5092 579 5148 astitit
602 5093 805 5164 inaugurationi
820 5096 941 5154 basiliuae
961 5101 988 5154 S.
1007 5099 1121 5155 loannis
1162 5097 1355 5154 scholasticum
1370 5100 1495 5158 ecclesia
1504 5104 1717 5174 audegavensis,
1729 5112 1828 5175 postea
1844 5107 1982 5164 liedonen

298 5163 508 5234 angeriacensis
530 5164 557 5219 fn
581 5165 748 5222 santonibus
769 5165 847 5236 1058,
863 5171 1073 5241 nominaturque
1094 5171 1121 5226 in
1162 5183 1220 5224 seur
1235 5170 1390 5239 praesulem,
1411 5171 1484 5239 1081,
1501 5187 1556 5242 quo
1571 5188 1644 5231 anuo
1660 5176 1730 5232 diem
1744 5176 1878 5234 ultimum
1895 5177 1981 5235 clausit

299 5234 395 5290 charta
408 5235 521 5292 uolridl
541 5237 650 5292 comitis
664 5251 717 5306 qua
741 5240 824 5294 cessit
846 5241 939 5309 llajori
955 5242 1121 5298 monasterio
1163 5239 1198 5294 27
1209 5242 1289 5310 hug„
1306 5247 1337 5296 ut
1359 5247 1437 5300 notat
1455 5245 1611 5302 chronicon
1627 5247 1831 5304 vindocinense
1848 5258 1879 5306 et
1898 5252 1981 5307 charta

299 5313 420 5362 montem
435 5306 566 5378 llidulphi
589 5306 666 5361 1059.
690 5312 769 5366 Anno
792 5309 858 5364 1062
878 5326 897 5366 u
912 5313 1004 5368 Nonas
1021 5313 1123 5382 hprilis
1163 5311 1190 5366 S.
1216 5311 1322 5368 llartini
1347 5313 1515 5372 Turonensis
1537 5317 1644 5374 fidelem
1668 5320 1715 5374 bei
1739 5318 1828 5375 rirunr
1854 5321 1981 5378 clericatis

299 5377 401 5434 dicavit
418 5378 613 5435 monasterium
637 5392 736 5436 novum
759 5381 952 5452 indagarier
974 5385 1002 5439 in
1024 5383 1122 5440 notitia
1163 5381 1269 5439 ordinis
1292 5383 1408 5466 amicum
1430 5386 1561 5456 apellat.
1584 5390 1638 5445 Iste
1657 5388 1791 5446 Eusebius
1809 5389 1867 5449 fuit
1883 5401 1981 5450 notatus

300 5447 510 5506 vindocinensis
546 5449 663 5507 abbatiae
700 5452 727 5507 S.
766 5452 907 5510 Trinitatis
938 5455 973 5510 de
1006 5454 1122 5512 ecclesia
1164 5467 1253 5538 prava
1277 5456 1416 5525 opinionis
1440 5401 1475 5514 Xe
1502 5467 1673 5518 sacramento
1696 5461 1801 5527 altaris,
1828 5477 1888 5534 qua
1913 5467 1980 5522 edan

301 5518 390 5575 vetuli
413 5522 507 5593 Campi
532 5520 596 5578 data
618 5522 690 5594 apud
718 5524 874 5581 Gredonum
897 5531 1017 5583 castrum
1043 5525 1121 5596 1067,
1163 5523 1308 5582 infamatus
1336 5527 1389 5586 hoc
1417 5534 1541 5601 tempore
1571 5531 1754 5590 heresiarcha
1785 5535 1979 5608 berengarius.

301 5589 476 5662 pontificatus
498 5593 541 5649 sui
564 5593 690 5666 designat
713 5609 814 5655 annum
835 5595 1092 5657 decimumnonum
1113 5619 1120 5655 :
1163 5596 1589 5674 archidiaconushndegauenals
1607 5609 1635 5662 ct
1660 5603 1835 5675 archiclavis,
1858 5609 1908 5680 qui
1926 5607 1981 5663 ado
