4108 6164
91 385 133 442 ser
718 375 881 431 annates.
902 373 1010 428 -em
1034 333 1128 428 107ss
1704 369 1756 426 000

90 509 154 568 sedis
174 503 282 564 statutis
297 503 326 560 ln
349 501 634 562 diversasarcclesias
656 507 703 558 aut
725 515 776 572 per
789 499 1024 562 litterasAvcrat.
1048 499 1170 554 8000000
1192 500 1283 554 autem
1297 494 1356 553 viso
1378 493 1414 552 de
1437 497 1550 566 repente
1574 493 1694 552 bostium
1711 494 1758 553 in·

91 606 130 658 aut
146 611 193 669 per
205 593 332 652 mandata
351 591 541 664 promulgatis,
560 605 630 663 pene
649 591 776 648 omnibus
795 589 899 647 resisti·
939 603 1021 646 cursu
1044 586 1200 654 bellacium,
1225 585 1347 657 quumvis
1376 584 1494 656 stupidis
1520 589 1549 640 et
1572 595 1629 640 non
1657 583 1758 654 iniuste

92 701 141 757 tur;
154 691 178 744 et
188 684 251 742 inde
264 683 410 740 maximum
422 681 517 740 odium
531 680 701 738 iudcmnum
716 678 898 752 apostolicum
939 677 1153 749 perterruisse
1177 691 1210 734 ox
1234 676 1350 733 consilio
1374 687 1479 732 armare
1499 681 1527 731 et
1550 673 1625 730 acies
1643 685 1708 730 suas
1730 675 1758 729 in

92 783 114 833 et
126 777 151 832 in
172 785 324 846 perpaucos
339 784 388 828 eos
411 771 458 841 qui
482 770 660 828 consentiunt
678 770 715 837 ei,
739 771 767 826 ei
783 768 899 824 maxima
940 779 1057 838 pugnam
1074 766 1152 837 iuxta
1170 765 1281 823 solitum
1295 764 1444 834 ordinare;
1464 777 1554 836 neque
1573 763 1652 820 locus
1670 775 1760 834 neque

89 865 202 922 scismata
239 861 473 931 circumquaque,
503 866 546 916 set
574 859 690 916 maxime
726 871 742 914 a
769 857 898 927 clericis,
939 860 1048 925 tempus
1062 856 1189 922 restaret,
1204 859 1295 910 000000
1309 853 1475 921 inordinate,
1491 857 1519 910 et
1534 855 1616 924 prout
1630 849 1762 910 articulus

92 953 195 1012 excitata
208 956 283 1008 sunt.
306 951 339 1006 Et
353 949 418 1020 quia
437 963 528 1006 cause
551 961 713 1006 communes
735 953 809 1016 sint,
825 961 900 1018 pre·
940 943 1074 1016 temporis
1091 950 1300 1001 momentaneus
1317 943 1443 1013 dederat,
1462 943 1628 1001 tumultuose
1647 939 1763 1000 omnifa-

92 1041 155 1113 cepit
167 1039 284 1098 domnus
302 1052 373 1110 papa
387 1037 423 1095 ob
438 1051 485 1094 eas
499 1036 632 1094 0000οῦ00
652 1035 828 1094 diiiinlendas
846 1037 902 1092 blo
942 1035 1010 1092 riam
1033 1033 1152 1103 arreptis
1174 1033 1258 1089 armis
1281 1047 1420 1106 pugnaces
1442 1046 1491 1090 eos
1520 1033 1761 1104 prestolabantur.

91 1129 202 1204 qoncnci
224 1126 379 1186 universale
400 1127 460 1184 lieri
484 1125 632 1184 conubium
649 1123 723 1198 (74).
747 1124 825 1194 Quod
845 1125 902 1194 iam
942 1124 976 1184 Et
989 1122 1029 1179 sic
1048 1121 1150 1178 bellum
1168 1135 1184 1177 a
1202 1121 1372 1179 nostratibus
1390 1121 1525 1180 audenter
1544 1123 1693 1195 inceptum,
1714 1123 1765 1181 du·

91 1218 304 1289 archiepiscopus
318 1217 376 1274 suis
389 1215 568 1288 suffraganeis
589 1214 623 1272 lc
636 1213 696 1272 lial.
711 1217 787 1286 sept.
803 1215 903 1271 obser·
943 1211 1050 1269 rissime
1078 1210 1113 1268 ab
1140 1210 1264 1281 utrisque
1297 1210 1325 1265 in
1353 1209 1514 1267 alterutrum
1545 1213 1688 1283 permixtis
1715 1213 1765 1270 all·

92 1309 195 1368 vandum
224 1306 356 1364 innotuit.
380 1305 431 1375 Qui
448 1306 479 1338 ¹⁸⁰
503 1308 560 1376 iam
583 1311 649 1362 tunc
676 1302 902 1363 inobedientiam
944 1300 1075 1373 quamdiu
1098 1300 1253 1357 duraverat.
1282 1299 1401 1356 Tandem
1423 1313 1489 1357 vero
1517 1301 1639 1359 8000000
1660 1303 1714 1360 vim
1738 1308 1767 1360 et

92 1397 326 1470 premeditantes,
355 1398 516 1468 contempto
549 1394 704 1466 apostolico
738 1399 904 1466 precepto,
944 1391 1077 1462 impetum
1100 1388 1271 1455 bellantium,
1287 1393 1384 1459 utpote
1407 1390 1441 1446 ad
1465 1403 1583 1461 pugnarn
1609 1391 1766 1449 omnimode

91 1487 208 1548 iniectum
228 1485 391 1544 dimiserant
401 1483 442 1540 ¹⁸¹.
945 1480 1155 1546 instructorum,
1171 1477 1275 1534 diutius
1297 1475 1370 1534 terre
1388 1491 1445 1534 non
1468 1477 1647 1548 sufficientes,
1675 1480 1767 1554 lugam

122 1576 246 1636 licinricn
279 1573 475 1632 miserabiliter
512 1571 658 1630 decedenti
701 1573 905 1639 outzmannus,
946 1569 1084 1625 adierunt.
1108 1569 1142 1624 lit
1157 1565 1242 1624 terme
1266 1567 1300 1623 ad
1324 1566 1379 1625 duo
1403 1566 1520 1624 miliaria
1543 1567 1694 1626 crudeliter
1719 1583 1769 1626 eos

91 1665 217 1738 Spirensis
241 1662 377 1722 aecclesie
400 1661 564 1729 eanonicus,
588 1661 732 1718 successit.
761 1660 907 1718 licinricns
946 1656 1084 1729 iuqientes
1101 1656 1219 1713 insecuti
1242 1661 1316 1724 sunt,
1331 1655 1432 1713 debinc
1455 1655 1650 1713 auxiliantibus
1669 1658 1710 1714 eis
1733 1658 1768 1714 ab

91 1753 247 1810 restcltc
265 1751 338 1824 apud
359 1753 536 1808 Worutotiom
551 1749 700 1806 0000000000.
720 1752 827 1822 depost
843 1763 908 1822 pert·
948 1753 1067 1818 utroque
1077 1747 1162 1804 latere
1172 1746 1242 1803 duce
1251 1745 1386 1804 Gotiiridc
1401 1750 1430 1803 et
1439 1746 1510 1803 duce
1520 1747 1692 1803 boemiorum
1701 1745 1767 1818 (75).

91 1847 191 1900 temtos
213 1841 361 1898 00000000
383 1853 499 1896 numero
519 1851 575 1896 non
595 1837 732 1904 modicum
751 1838 781 1894 in
800 1835 1160 1896 Panno-BEt-ccciderunt
1182 1851 1216 1894 er
1239 1837 1280 1894 eis
1302 1835 1337 1892 ad
1362 1843 1426 1894 octo
1450 1834 1535 1893 ierme
1559 1836 1644 1893 milia.
1672 1835 1768 1892 Plures

92 1930 142 1986 nias
162 1929 254 2000 palam
277 1935 358 1986 antea
383 1931 582 1999 praeparatum,
608 1931 673 1982 tunc
700 1926 730 1982 in
757 1925 908 1983 Soscrtiuet
948 1933 1041 1985 autem
1063 1926 1218 1995 vulnerati,
1246 1925 1291 1983 vir
1313 1924 1376 1998 iuga
1401 1926 1500 1997 dilapsi
1525 1931 1599 1984 sunt.
1624 1928 1768 1984 Nostrates

92 2017 120 2074 de
144 2023 261 2090 repente
286 2017 426 2089 00000000.
455 2017 577 2076 &annm
605 2019 696 2071 autem
724 2017 753 2071 et
775 2011 907 2084 ibodnqi
947 2016 1058 2074 taudem
1080 2015 1195 2073 victoria
1218 2015 1342 2086 quamvis
1364 2021 1478 2071 cruenta
1502 2015 1594 2085 potiti,
1614 2016 1717 2086 quippe
1736 2028 1771 2072 cx

92 2111 224 2178 conperto
251 2107 308 2177 jam
331 2103 435 2162 dudum
463 2104 518 2161 boc
545 2103 696 2161 invasionis
723 2107 778 2158 tam
802 2100 907 2158 dolose
948 2106 989 2164 eis
1004 2107 1066 2178 plus
1079 2119 1160 2176 00000
1175 2104 1250 2161 mille
1265 2104 1409 2176 quingenti
1418 2103 1450 2136 ¹⁸⁸
1467 2103 1605 2161 interiecti
1619 2110 1694 2174 sunt,
1710 2119 1772 2177 per·

92 2194 209 2263 consilio,
226 2201 256 2252 et
270 2194 323 2266 ipsi
342 2198 474 2266 quantum
495 2207 547 2265 pro
565 2193 700 2265 temporis
721 2189 839 2250 articulo
853 2201 907 2260 po·
948 2209 1012 2251 vasa
1035 2194 1082 2252 illa
1106 2193 1195 2266 patria
1218 2199 1247 2249 et
1270 2191 1407 2249 incendiis
1434 2191 1591 2264 praedisque
1615 2209 1648 2250 ex
1675 2207 1772 2265 magua

92 2289 181 2350 teram,
198 2282 272 2342 facia
296 2283 504 2355 conspiratione
524 2295 671 2340 occurrere
691 2281 749 2352 regi
767 2279 908 2337 delibera·
949 2290 1027 2357 parte
1045 2284 1194 2351 devastata,
1216 2281 1317 2339 iniecta
1337 2296 1419 2339 causa
1439 2289 1467 2338 et
1488 2297 1552 2355 rege
1571 2283 1771 2355 aliquantulum

92 2372 166 2439 binii
196 2387 230 2430 ea
254 2379 345 2430 umen
376 2372 476 2428 intenti
506 2371 644 2442 pactione,
675 2375 705 2426 ut
730 2370 754 2426 si
783 2367 910 2440 quolibet
950 2374 1066 2443 oilcnso,
1078 2373 1273 2444 repatriabant.
1284 2374 1349 2429 Otto
1364 2376 1455 2429 autem
1470 2372 1676 2443 quondamdux
1690 2371 1772 2444 (π’),

91 2462 224 2520 molimine
256 2475 318 2518 cum
347 2459 486 2532 corporali
509 2474 559 2517 sua
585 2458 673 2516 sainte
697 2465 725 2516 et
752 2457 910 2530 integritate
951 2468 980 2521 sa
1001 2464 1114 2536 Magnus
1132 2463 1197 2532 quq,
1219 2467 1246 2520 et
1264 2461 1359 2519 careri
1382 2463 1500 2533 majores
1523 2463 1659 2519 saxonum
1684 2460 1774 2518 adque

92 2565 229 2619 illicitas,
251 2555 279 2608 θῑ
302 2555 478 2621 veternarum
500 2549 591 2621 lelium
615 2553 643 2605 ei
659 2548 827 2619 instillatum
849 2548 911 2618 iure
952 2553 981 2610 in
1004 2551 1195 2623 perduellione
1209 2551 1304 2609 eadem
1319 2556 1347 2608 et
1365 2551 1472 2609 ratione
1491 2566 1545 2622 qua
1569 2553 1646 2623 prius
1664 2551 1774 2609 demum

92 2647 204 2708 ntentc,
222 2638 282 2710 regi
306 2644 420 2709 possem
437 2635 607 2705 sabsiacere,
623 2637 658 2693 ad
673 2636 843 2693 deditionem
858 2633 912 2705 ipsi
953 2646 1016 2713 post
1029 2639 1120 2712 lugam
1139 2641 1257 2698 rebelles
1273 2648 1301 2698 et
1325 2655 1464 2712 pugnaces
1487 2641 1666 2713 pertinaciter
1689 2640 1776 2698 dura-

92 2743 115 2786 se
127 2727 326 2796 bumiliarent;
351 2727 395 2784 sin
414 2732 516 2794 autem,
534 2726 627 2796 potius
645 2738 696 2796 pro
715 2725 781 2792 vita,
796 2737 846 2796 pro
862 2736 913 2794 pa·
953 2733 1061 2786 verunt.

92 2819 146 2886 tria,
161 2831 273 2889 proque
297 2816 356 2872 suis
380 2816 508 2874 omnibns
530 2814 687 2872 inordinata
706 2814 758 2871 bac
778 2813 853 2886 regis
867 2824 915 2869 cc-
989 2815 1094 2874 bebinc
1109 2817 1193 2889 igitur
1206 2817 1356 2874 antumnali
1379 2823 1503 2889 tempore
1518 2831 1567 2876 rer
1585 2817 1651 2876 item
1675 2817 1776 2890 passim

94 2906 193 2964 actione
222 2905 373 2977 pugnando
402 2905 567 2962 innocenter
594 2903 802 2968 occumberent,
831 2913 913 2972 quam
954 2907 1104 2964 recollecto
1123 2911 1151 2963 et
1166 2906 1357 2978 undecumque
1377 2907 1499 2978 praemiis
1516 2907 1653 2965 conducto
1672 2908 1777 2964 militie

95 3009 119 3052 se
131 2997 205 3067 ipsos
222 2996 330 3066 absque
349 2993 430 3064 culpa
455 2992 669 3050 intolerabiliter
693 2991 913 3058 discruciandos,
954 3009 1010 3054 non
1031 3009 1121 3068 parere
1139 3001 1284 3066 apparatu,
1300 2998 1437 3054 80000000
1456 2996 1587 3068 reliquias
1610 2996 1778 3069 perdoman-

97 3097 203 3156 cumque
216 3085 279 3142 suis
292 3083 566 3151 omnibns,utantea
580 3081 787 3153 celebrassem
802 3080 914 3152 suisque
955 3085 1005 3142 das
1022 3085 1131 3156 sibique
1150 3084 1185 3142 00
1208 3084 1316 3142 libitum
1340 3100 1418 3143 suurn
1441 3085 1647 3158 mancipandas,
1667 3087 1779 3144 commi-

98 3173 220 3231 miiitibns
244 3171 419 3244 diripiendos
447 3177 475 3228 et
500 3171 698 3242 mancipandos
724 3167 1063 3242 imprudenterttmtorio
1081 3174 1206 3232 simulet
1228 3176 1408 3247 promissorio
1427 3175 1595 3234 sermocinio
1613 3176 1779 3234 artidciosus

100 3262 299 3321 mniraderent.
954 3265 1022 3320 satis
1036 3267 1064 3321 ei
1089 3264 1261 3336 importunus
1284 3265 1451 3338 aggreditur.
1476 3265 1554 3322 Pium
1576 3271 1604 3322 et
1627 3279 1677 3336 pro
1701 3271 1779 3322 certo

129 3352 184 3409 lter
206 3357 302 3410 antem
326 3349 379 3409 alia
402 3349 543 3408 mtmssm
566 3349 722 3406 insanusne
743 3352 867 3416 sesama,
882 3361 915 3404 ca
955 3355 1060 3422 mrem,
1085 3353 1347 3424 000000000οι0,
1371 3353 1540 3423 mentorum,
1556 3358 1585 3410 ct
1602 3353 1631 3409 tn
1650 3359 1780 3424 paternas

100 3441 203 3505 scilicet.
219 3442 275 3499 nisi
290 3440 398 3511 absque
412 3440 486 3497 0ωηί
501 3439 661 3497 conditione
680 3437 838 3509 huiusmodi
854 3449 916 3494 sese
956 3454 1051 3499 eornm
1066 3440 1142 3513 leges
1156 3447 1184 3498 et
1199 3441 1321 3513 iustitias
1334 3439 1443 3497 cunctis
1456 3441 1510 3496 sibi
1524 3441 1780 3510 obtemperantibus

100 3533 192 3588 cosin
207 3531 287 3588 iliius
302 3543 398 3587 manus
412 3529 564 3596 dedissent,
581 3529 628 3600 qui
647 3526 737 3584 bonor
750 3541 817 3584 snus
831 3529 915 3594 esset,
954 3530 1076 3600 judicem
1102 3533 1293 3600 rectoremque
1321 3528 1503 3598 iustissimum
1531 3541 1592 3584 sese
1621 3533 1723 3586 extunc
1750 3529 1779 3584 ln

102 3619 200 3678 omnino
214 3618 436 3678 satisfactionem
460 3617 571 3676 illorum
596 3617 721 3687 recipere
742 3615 848 3683 nollet;
872 3617 916 3672 sin
958 3623 1098 3690 posterum
1122 3615 1181 3674 iore
1205 3616 1395 3688 profitebatur,
1416 3621 1444 3674 et
1467 3615 1518 3674 sub
1542 3616 1734 3688 iureiurando,
1750 3623 1781 3674 ut

102 3713 190 3777 autem,
209 3708 287 3767 bello
309 3721 371 3764 curn
390 3707 432 3764 eis
454 3705 548 3778 potius
570 3705 737 3773 decertaret,
757 3716 918 3775 quousque
958 3707 1044 3772 aiunt,
1065 3704 1249 3762 blanditiosus
1272 3704 1386 3762 multum
1411 3705 1478 3762 iliud
1508 3703 1732 3777 protestabatur;
1757 3707 1780 3763 sl

103 3794 130 3850 00
143 3796 246 3856 libitum
271 3810 356 3855 suum
377 3807 441 3854 reos
456 3795 530 3852 inse
553 3791 753 3864 perduellionis
770 3791 858 3850 victos
872 3807 919 3850 su·
958 3799 1049 3853 autem
1066 3795 1236 3852 econtrario
1251 3793 1408 3867 perduelles
1430 3794 1588 3866 hujusmodi
1607 3796 1782 3853 sermonibus

103 3880 204 3956 biqeret.
224 3885 310 3958 Quod
336 3883 400 3955 ipsi,
413 3884 509 3956 iugum
532 3881 703 3938 subactionis
724 3881 916 3952 gravedinis,
958 3897 1014 3944 non
1040 3885 1258 3956 acquiescerent,
1278 3899 1308 3941 se
1331 3883 1396 3953 illis,
1419 3885 1511 3957 quoad
1535 3885 1649 3954 viveret,
1669 3885 1781 3954 durum,

103 3972 174 4032 inmo
187 3978 282 4046 potius
308 3974 422 4031 omnino
439 3970 615 4030 durissimum
632 3969 692 4029 iore
710 3977 869 4042 pensantes,
885 3970 919 4027 il·
959 3973 1172 4043 calumniosum,
1197 3973 1367 4032 omniiariam
1391 3973 1559 4046 inquietum,
1584 3979 1613 4033 et
1635 3975 1670 4033 00
1693 3975 1780 4048 ipsam

104 4059 142 4118 lud
160 4065 213 4134 jam
228 4069 330 4136 utpote
355 4063 435 4133 inpar
448 4067 477 4118 et
495 4059 661 4132 inportabile
679 4058 834 4117 cervicibus
848 4059 916 4128 suis,
959 4077 1046 4134 usque
1071 4063 1221 4134 perniciem
1250 4062 1359 4121 illorum
1385 4064 1537 4135 inimicum,
1561 4069 1590 4122 et
1613 4065 1782 4137 direptorem

105 4163 151 4208 nnn
164 4167 242 4224 posse
262 4165 383 4226 prorsus
401 4150 490 4208 libero
508 4163 559 4207 suo
578 4148 651 4206 collo
669 4147 779 4222 longius
796 4149 917 4218 trabere,
958 4150 1165 4210 infestissimum
1197 4152 1393 4223 experiendum
1420 4159 1449 4210 et
1481 4154 1672 4211 sustinendum
1701 4154 1782 4225 iore,

106 4242 205 4310 querula
217 4244 288 4300 satis
304 4240 524 4313 proclamatione
538 4237 738 4296 detrectabant.
959 4243 1052 4300 minax
1065 4243 1132 4298 satis
1146 4247 1174 4298 et
1192 4241 1329 4300 terridcus
1352 4243 1530 4313 pertinaciter
1553 4243 1717 4298 intentabat.
1734 4243 1782 4299 ilis

134 4331 185 4388 lter
205 4334 331 4405 deniqne
354 4331 409 4388 boc
432 4343 495 4387 cum
517 4329 576 4386 suis
599 4331 628 4384 et
645 4328 723 4400 requi
741 4327 920 4398 optimatibus
960 4338 989 4390 et
1011 4331 1167 4402 huiusmodi
1191 4331 1219 4386 in
1235 4337 1378 4402 utramque
1399 4335 1502 4400 partem
1527 4343 1577 4400 per
1595 4329 1782 4399 suaviloquos,

108 4421 209 4478 unsilia
232 4423 328 4480 minus
351 4419 500 4478 salubriter
522 4417 744 4486 cummunicato,
772 4419 847 4476 acies
869 4431 919 4474 ca·
960 4421 1060 4488 illices,
1083 4425 1113 4477 et
1138 4423 1317 4491 corruptores
1344 4418 1530 4475 internuntios
1558 4418 1640 4474 minis
1667 4421 1695 4473 ct
1718 4430 1784 4488 pro·

108 4513 211 4568 snorum
235 4513 325 4570 0ωηί0
347 4508 471 4568 oidoiosc
494 4508 652 4575 instructas,
673 4506 750 4578 prior
769 4507 864 4565 ineos
884 4503 1052 4568 exDrnissis
1074 4509 1241 4566 astutissime
1260 4509 1361 4568 viritim
1380 4507 1576 4576 disseminatis,
1596 4507 1706 4564 undem
1725 4505 1784 4579 regi

109 4593 232 4672 inproviso
270 4597 448 4672 appetendos
475 4595 641 4653 artificiosus
670 4595 853 4654 ordinaverat.
887 4598 920 4654 Et
960 4600 1043 4658 etiam
1063 4600 1099 4656 ob
1112 4603 1156 4655 tot
1177 4598 1292 4670 iniurias
1316 4598 1373 4654 iliis
1395 4597 1484 4654 illatas
1498 4597 1576 4669 quasi
1596 4596 1721 4654 dolorem
1741 4595 1782 4652 sl·

107 4682 207 4746 ducibus
219 4690 437 4748 alamannorum
452 4686 483 4718 ¹⁸¹
502 4690 530 4742 et
544 4684 732 4755 Baioariornm
744 4697 807 4742 cum
821 4683 920 4742 cobcr-
961 4687 1075 4746 mutanti
1098 4687 1326 4760 penitentialem,
1343 4686 1455 4744 nimium
1474 4686 1581 4744 creduli
1595 4690 1624 4744 et
1642 4685 1783 4744 conliden-

57 4829 58 4836 ,
110 4771 171 4832 tibus
188 4779 245 4836 suis
267 4776 413 4835 bellicosis
431 4771 465 4832 ad
489 4773 604 4845 primam
628 4773 788 4841 coitionem,
804 4779 834 4830 ut
847 4779 876 4831 et
889 4787 919 4830 se
960 4783 1003 4834 tes
1017 4774 1107 4834 enecti
1122 4781 1196 4848 sunt,
1207 4776 1360 4848 praesertim
1374 4789 1436 4834 cum
1451 4781 1553 4847 praeter
1566 4775 1638 4844 baec,
1648 4780 1679 4832 ut
1693 4775 1782 4846 aiunt,

110 4859 145 4920 ler
163 4866 244 4925 babet
268 4861 518 4934 alemannicam,
547 4868 610 4921 ante
633 4876 664 4920 se
687 4866 767 4920 caute
792 4863 919 4922 nimirum
960 4865 1029 4938 ipsis
1051 4879 1085 4923 ex
1108 4871 1185 4937 parte
1210 4864 1284 4923 illins
1306 4863 1478 4922 sanctissime
1502 4862 1573 4920 clam
1593 4865 1685 4934 jurata
1707 4871 1782 4933 suut,

112 4957 256 5026 immissis,
272 4958 380 5029 ipsese
404 4959 480 5012 retro
504 4967 566 5011 cum
588 4952 647 5010 suis
669 4951 843 5011 electissimis
864 4953 921 5011 illis
960 4955 1087 5026 inprimis
1105 4959 1233 5025 exoptata
1247 4956 1310 5012 vitae
1333 4953 1477 5022 securitas,
1494 4952 1571 5025 pacis
1590 4952 1709 5026 ddelque
1728 4967 1785 5011 non

111 5038 157 5100 iure
172 5044 302 5117 presidio
327 5049 356 5102 et
378 5043 516 5116 adjutorio
539 5041 689 5114 prudenter
712 5041 780 5100 satis
794 5041 921 5101 destim·
960 5046 1031 5102 llctae
1058 5043 1148 5102 ioedus
1176 5043 1344 5113 inviolabile,
1368 5043 1537 5115 justitiarum
1566 5042 1713 5118 lequmque
1740 5057 1789 5115 pa·

776 5195 889 5253 VARIAE
915 5195 1109 5255 bccrlobiis

142 5307 169 5340 ¹⁸·
184 5311 242 5381 Quo
254 5311 284 5371 2.
304 5315 365 5372 lisa.
414 5311 443 5346 ¹⁸¹
462 5311 570 5370 liesca
583 5310 751 5382 0000000000
764 5313 831 5372 irai.
880 5316 911 5348 ¹⁸¹
928 5317 968 5373 iic
981 5315 1008 5371 2.
1056 5314 1088 5349 ¹⁸⁸
1105 5315 1175 5374 Nota
1196 5313 1285 5387 legem
1311 5311 1508 5370 alamannicam
1522 5312 1550 5370 id
1570 5317 1614 5370 est
1635 5321 1787 5372 suenorum

115 5381 176 5446 tund
189 5385 217 5442 in
231 5387 325 5460 prima
337 5385 398 5444 acie
412 5397 522 5457 semper
536 5382 656 5442 debeant
669 5397 802 5456 pugnare,
817 5385 907 5456 abesa
919 5402 982 5444 acc.
997 5389 1078 5446 xvi.
1092 5387 1121 5444 ic
1133 5386 1161 5442 2.
1199 5385 1231 5418 ¹⁸⁸
1249 5384 1323 5442 mille
1338 5384 1370 5441 b.
1385 5383 1413 5440 2.

894 5510 1003 5570 NOTAE.

115 5629 199 5752 ¹(7⁴)
227 5639 356 5713 creqomt
379 5637 426 5698 vti
452 5633 558 5710 neam.
581 5648 624 5706 ur,
647 5633 676 5708 t,
700 5632 735 5694 ad
759 5633 925 5708 Siqeiddum
1005 5637 1068 5783 gg)
1088 5635 1246 5696 wratislao.

135 5711 429 5783 mnduumarcblep.
1055 5711 1082 5784 ¹¹)
1102 5709 1246 5782 quarle,
1261 5711 1289 5766 ci
1302 5707 1414 5781 0100000
1427 5707 1564 5770 8000010.

208 5805 470 5872 Panomffllll.
1653 5807 1687 5866 12
