4160 6196
127 254 177 306 lt'l
830 258 914 312 scin
934 258 1078 314 VETERA.
1759 261 1808 317 178

123 379 248 444 candela,
279 378 353 436 unde
385 393 492 445 cerens,
520 379 544 434 si
579 379 650 436 forte
677 380 829 436 exstinctus
856 380 1042 452 fueritAest)
1066 383 1186 439 chrisma
1210 398 1271 439 cum
1292 381 1354 440 oleo
1378 381 1547 450 infundatur,
1573 390 1601 440 et
1623 385 1715 444 fontes
1737 405 1808 446 con-

123 451 325 533 reaecendatur
345 471 353 518 ς
374 451 402 506 in
426 451 553 507 omuibus
568 466 678 522 quoque
698 451 825 517 officinis,
842 453 948 507 exstin·
989 456 1090 511 secrati
1122 454 1240 511 candido
1273 456 1429 510 linteamine
1458 455 1630 525 operiantur,
1659 458 1810 518 incensen-

122 531 171 579 cto
197 524 284 580 veteri
317 535 392 592 igne,
425 535 512 578 novus
543 524 578 578 ab
597 524 734 593 aliquibus
761 522 945 592 deportetur:
990 532 1056 592 tur,
1077 532 1105 582 et
1118 526 1290 582 claudantur.
1310 525 1452 596 completo
1475 527 1569 596 itaque
1594 528 1676 597 hujus
1699 529 1806 599 Officio,

124 599 190 650 tnnc
209 610 226 651 a
244 601 358 650 cantore
378 593 527 664 antiphona
552 596 614 652 Cum
637 609 687 650 raa
709 593 809 662 plurim
835 595 950 664 incipia·
990 599 1071 652 tertia
1100 596 1194 652 litania
1216 612 1232 652 a
1256 598 1344 654 tribus
1364 599 1391 653 in
1418 598 1513 668 cappis
1535 598 1632 655 sericis
1655 605 1719 654 ante
1742 615 1808 658 eru·

122 691 178 740 tur.
209 685 366 740 Conventus
393 697 459 739 vero
487 683 515 738 in
535 675 611 744 314
629 683 742 739 chorum
772 683 949 754 processione
990 684 1099 740 eidxum
1128 678 1201 746 etl
1226 679 1385 756 incipiatur,
1409 699 1525 756 cumque
1548 688 1807 758 pronuntiaverint:

121 757 230 822 redeat,
251 754 373 811 eamdem
393 755 570 824 antiphonam
591 754 788 824 percantando,
809 769 862 826 qna
882 768 947 810 can·
989 756 1214 812 Saueteleeaues
1233 759 1371 827 Baptista,
1392 759 1532 827 processio
1556 759 1584 814 in
1608 759 1722 815 chorum
1746 759 1810 815 red-

123 834 182 882 tata
215 829 357 882 incensum
383 825 534 895 apraelato
562 825 742 882 benedicatur
761 826 814 882 hoc
846 825 947 882 modo:
990 832 1052 892 eat;
1078 827 1208 895 praelatus
1231 827 1341 882 interim
1364 843 1426 884 cum
1455 829 1587 885 ministris
1605 831 1807 886 investiarium

128 898 233 964 l'em'at,
249 897 408 968 amnipotens
426 899 507 960 buu,
518 901 572 952 etc.
589 897 748 964 (Benedictio
761 898 829 952 cerea·
838 897 949 968 pusello
990 897 1117 964 secedat,
1150 911 1235 968 seque
1263 899 1296 954 ad
1326 899 1436 955 missam
1463 900 1623 957 solemniter
1649 907 1807 973 praeparet;

123 968 178 1038 lis).
197 969 309 1025 interim
336 967 523 1023 subdiaconus
540 968 569 1022 in
592 967 679 1024 choro
698 969 811 1024 ultimas
829 969 948 1035 assistat,
991 967 1125 1024 diaconus
1152 982 1263 1039 quoque
1291 969 1435 1026 dalmatica
1458 978 1486 1026 et
1508 972 1692 1029 subdiaconus
1716 973 1809 1029 tunica

123 1039 257 1112 praelatus
271 1041 351 1094 etiam
372 1039 401 1093 in
420 1038 486 1094 sede
500 1052 548 1094 sua
563 1038 609 1106 sit,
629 1039 762 1096 diaeonus
779 1052 844 1096 vero
859 1039 949 1096 statim
990 1039 1150 1096 induantur.
1174 1041 1231 1095 lam
1255 1053 1321 1096 vero
1349 1040 1425 1097 linita
1449 1041 1563 1110 litania,
1588 1057 1649 1114 quae
1672 1044 1809 1100 terdicta

122 1112 160 1168 ad
176 1111 415 1168 consecrationem
433 1111 507 1165 cerei
525 1109 639 1166 accedat
653 1111 706 1167 hoc
721 1110 803 1167 modo
825 1131 831 1166 :
852 1109 951 1166 Exsul-
991 1112 1081 1181 Aquae
1095 1112 1153 1176 llea',
1170 1111 1243 1166 sicut
1261 1111 1290 1166 in
1309 1110 1388 1167 libris
1411 1111 1520 1182 plenius
1544 1116 1712 1182 continetur,
1737 1115 1810 1170 liniri

124 1187 161 1238 let
184 1183 243 1252 jam
265 1179 394 1250 auqelicu.
423 1181 555 1237 Omnibus
588 1195 654 1238 vern
686 1182 848 1248 astantibus,
870 1189 898 1237 et
915 1181 950 1237 ad
992 1182 1085 1240 debet.
1114 1183 1180 1239 Cum
1207 1186 1306 1237 cantor
1332 1183 1427 1252 lique,
1455 1182 1552 1240 elciaco
1578 1185 1749 1242 inchoaverit
1776 1185 1810 1242 ad

124 1255 196 1309 tanti
222 1253 334 1309 luminis
366 1253 602 1308 consecrationem
629 1253 754 1319 intentis,
775 1265 837 1308 cnm
857 1253 951 1309 diaco·
992 1255 1112 1320 missam,
1128 1252 1350 1324 praecedentibus
1363 1252 1538 1310 ceroferariis
1552 1271 1614 1311 cum
1633 1256 1810 1314 thuriferario

124 1338 180 1380 nus
199 1324 303 1380 dixerit
326 1324 445 1393 suscipe,
476 1329 565 1379 suacle
592 1325 681 1390 Putea
701 1325 738 1380 sit
761 1329 872 1394 paratus
889 1324 951 1379 thu·
993 1325 1028 1381 ad
1044 1325 1130 1380 altare
1150 1324 1310 1394 procedant,
1336 1337 1391 1394 quo
1415 1338 1475 1380 cum
1503 1328 1679 1394 pervenerint
1702 1327 1813 1384 confes·

126 1395 272 1451 riferarius
291 1395 338 1464 qui
365 1395 418 1464 ipsi
452 1395 569 1450 diacono
593 1395 734 1451 incensum
754 1395 859 1460 oderat,
876 1395 950 1464 quod
992 1397 1098 1452 sionem
1112 1395 1195 1452 solito
1210 1409 1286 1451 more
1304 1394 1416 1451 iaciant.
1441 1395 1611 1452 secretarius
1634 1400 1708 1454 circa
1730 1399 1812 1456 linem

124 1467 174 1523 ille
193 1468 222 1522 in
252 1465 393 1522 thuribulo
420 1479 527 1536 ponens
553 1480 662 1522 cereum
686 1473 790 1522 tantum
815 1465 951 1532 incenset,
992 1467 1095 1522 litaniae
1108 1468 1200 1523 omnia
1214 1466 1358 1522 luminaria
1373 1467 1498 1521 ecclesiae
1523 1466 1557 1523 de
1578 1481 1650 1524 novo
1675 1470 1738 1540 igne
1764 1484 1816 1526 ac-

125 1545 192 1594 ante
220 1535 344 1594 Officium
363 1537 436 1592 enim
455 1551 470 1592 a
489 1537 639 1593 secretario
658 1539 780 1608 quinque
803 1551 888 1663 {rana
910 1538 953 1593 in·
993 1538 1103 1606 condat,
1119 1539 1183 1608 quia
1198 1539 1287 1594 omnis
1300 1538 1424 1594 anterior
1439 1539 1510 1608 ignis
1534 1538 1617 1594 debet
1641 1551 1701 1594 esse
1721 1542 1816 1595 extin-

126 1609 206 1666 censi
233 1609 262 1664 in
290 1606 400 1664 modum
425 1609 516 1665 erucis
535 1610 564 1664 in
583 1610 644 1678 ipso
663 1623 745 1665 cereo
771 1609 805 1664 de
826 1613 874 1665 ent
892 1623 952 1665 esse
993 1617 1054 1666 clus
1082 1615 1111 1664 ut
1144 1610 1256 1666 omnino
1290 1609 1386 1664 aeterni
1419 1609 1491 1680 ignis
1523 1608 1584 1665 lnce
1618 1609 1814 1666 illuminentur.

128 1681 223 1736 infixa.
246 1678 448 1735 Thuriferarins
476 1685 539 1749 post
565 1679 736 1736 incensatum
763 1693 885 1745 cereum,
906 1680 954 1735 do
963 1711 987 1768 Β
997 1683 1094 1736 Postea
1107 1680 1172 1736 dunt
1188 1679 1280 1737 (ilaue
1293 1681 1320 1735 iu
1334 1678 1444 1735 wcebu
1468 1682 1522 1735 llea
1548 1695 1563 1736 a
1587 1687 1701 1737 cantare
1725 1681 1813 1750 priori

127 1766 183 1808 nec
198 1750 269 1807 idem
292 1756 471 1806 consecratus
493 1751 539 1810 sit.
554 1751 657 1807 ibidem
671 1765 733 1807 cum
755 1751 896 1808 thuribulo
911 1750 953 1806 fu·
996 1752 1128 1818 delatum,
1142 1753 1250 1807 tractim
1265 1757 1292 1807 et
1306 1753 1427 1821 spatiose
1442 1751 1559 1818 canitur,
1579 1751 1670 1807 omnia
1690 1752 1767 1822 signa
1787 1751 1816 1806 in

128 1823 251 1893 migante
279 1822 431 1888 consistat;
465 1835 573 1877 rursum
601 1836 662 1878 cum
694 1822 827 1878 diaconus
854 1821 955 1878 dixerit
994 1823 1138 1879 classicum
1174 1823 1306 1879 ulsentnr.
1323 1821 1444 1892 Epistola
1463 1821 1536 1878 inter
1550 1822 1664 1879 chorum
1684 1828 1712 1878 et
1730 1821 1816 1877 altare

129 1898 165 1950 la
183 1893 280 1948 lauare
299 1894 348 1948 Dei
365 1891 477 1948 midam
495 1894 573 1963 ipuis,
593 1894 760 1950 secretarius
778 1907 898 1958 cereum,
920 1891 955 1948 de
996 1893 1148 1966 legatarii
1187 1893 1242 1949 luta
1257 1899 1424 1964 praecentor,
1445 1901 1473 1950 et
1491 1895 1538 1964 qui
1562 1907 1625 1949 cum
1648 1906 1682 1950 en
1701 1893 1817 1949 chorum

129 1978 204 2021 novo
223 1966 285 2036 igne
299 1964 451 2031 accendat,
474 1971 502 2020 et
528 1979 588 2020 cum
608 1965 765 2034 adjunxerit
784 1965 834 2034 Qui
849 1963 907 2020 licet
921 1967 955 2018 set
997 1970 1097 2036 regunt
1115 1965 1143 2020 in
1164 1965 1271 2036 pulpito
1295 1965 1456 2021 solemniter
1479 1965 1631 2034 imponant,
1656 1971 1683 2020 et
1707 1969 1818 2021 cantato

129 2035 232 2092 divim
258 2036 286 2091 iu
307 2040 408 2107 partes,
437 2035 570 2092 accendat
598 2037 679 2094 etiam
709 2035 778 2092 duos
806 2049 903 2092 cereos
922 2049 956 2090 ex
996 2051 1076 2093 versu
1102 2036 1273 2108 confilemini,
1298 2036 1397 2091 iterum
1420 2035 1534 2091 Alleluia
1556 2042 1693 2107 repetant,
1717 2035 1818 2092 deinde

129 2115 249 2176 utraque
269 2114 345 2177 parte
374 2107 464 2178 magni
485 2107 559 2163 cerei
587 2107 616 2164 in
645 2107 820 2163 candelabris
843 2106 953 2163 infixos.
997 2113 1102 2164 tractus
1117 2107 1238 2162 mudule
1256 2107 1403 2174 Dorticum,
1427 2105 1462 2162 ad
1485 2107 1587 2176 gradus
1610 2121 1625 2162 a
1650 2106 1760 2164 duobus
1782 2107 1818 2162 de

130 2180 236 2234 Cereus
254 2192 340 2248 usque
360 2177 389 2233 in
412 2178 560 2234 crastinum
580 2185 644 2250 post
667 2177 883 2248 completorium
901 2189 958 2232 non
997 2178 1154 2235 senioribus
1169 2179 1197 2233 in
1212 2177 1365 2247 supelliciis
1379 2184 1515 2244 cantetur,
1531 2178 1617 2234 choro
1645 2177 1819 2234 medietatem

131 2250 334 2319 exstinguatur,
359 2249 406 2319 qui
431 2249 511 2305 etiam
535 2264 585 2320 per
599 2256 684 2306 totam
704 2249 902 2307 hebdomadam
923 2247 957 2304 ad
998 2250 1168 2320 singulorum
1204 2261 1331 2304 versuum
1369 2254 1495 2305 canente.
1533 2251 1603 2304 Ante
1641 2249 1820 2318 Evangelium

130 2322 265 2390 majorem
298 2322 407 2376 missam
431 2327 458 2375 et
484 2321 616 2446 vesperas
649 2321 825 2377 accendatur.
845 2322 959 2376 Peracta
999 2320 1164 2378 candelabra
1196 2333 1251 2376 non
1280 2324 1436 2389 portentur,
1461 2319 1509 2375 sed
1534 2325 1639 2375 unium
1668 2320 1820 2375 incensum.

130 2392 344 2449 consecratione
367 2390 452 2457 cerei,
482 2399 597 2459 praeata
616 2399 643 2448 et
662 2393 794 2448 ministris
817 2393 845 2448 in
860 2392 959 2448 vestia·
1000 2403 1074 2472 313
1091 2409 1174 2466 (m,
1189 2422 1245 2465 „00
1260 2409 1363 2465 dicim,
1399 2423 1450 2465 nec
1474 2411 1565 2478 mm,
1590 2409 1636 2464 Dm·
1671 2422 1722 2465 nec
1747 2407 1823 2478 μοῖς

131 2465 203 2518 dum
235 2462 448 2526 revertentibus,
472 2463 564 2518 statim
591 2464 680 2534 prima
703 2463 786 2519 lectio
811 2463 961 2532 incipiatur
1000 2480 1125 2538 osculum
1157 2480 1247 2537 datus·
1281 2482 1349 2537 Dum
1365 2453 1495 2536 ’gamm
1527 2452 1654 2542 campus,
1688 2479 1823 2550 incipiam

133 2543 207 2614 315
231 2552 262 2605 lu
273 2549 403 2674 privaris
423 2549 487 2630 secti
501 2551 581 2617 Dura,
597 2556 663 2606 tnnc
682 2551 893 2619 exstinguantur
905 2549 960 2605 dun
1003 2551 1105 2622 pulsari
1123 2553 1262 2621 Vespera,
1277 2553 1350 2608 sieut
1370 2552 1399 2607 in
1420 2551 1497 2608 festis
1520 2551 1687 2622 duplicibus,
1715 2550 1753 2605 lta
1780 2554 1820 2616 ut,

133 2623 208 2679 cerei
224 2621 253 2676 in
271 2619 358 2676 cande
370 2619 445 2674 abrts
457 2620 587 2690 usquead
598 2623 717 2676 missam.
729 2621 804 2676 Tunc
823 2627 851 2675 et
866 2619 963 2690 praela-
1003 2629 1147 2692 postquam
1162 2636 1257 2678 omnes
1271 2623 1542 2690 communicaverint,
1562 2629 1642 2679 sonet
1665 2621 1822 2688 classicum,

134 2699 182 2749 tas
194 2691 308 2748 indutus
319 2705 372 2746 nna
382 2689 417 2745 de
433 2691 619 2747 mediocribus
629 2691 757 2761 planetis,
773 2704 835 2746 cnm
845 2691 963 2746 diacono
1004 2706 1059 2763 quo
1075 2701 1199 2748 cessante
1214 2701 1311 2749 cantor
1333 2693 1448 2749 Alleluia
1474 2694 1585 2749 celebre
1609 2693 1734 2762 incipiat,
1760 2699 1827 2746 tunc

137 2771 165 2820 et
181 2762 353 2818 subdiacono
377 2765 482 2817 mutum
516 2761 660 2818 dalmatica
694 2769 721 2818 et
749 2762 843 2818 tunica
874 2762 965 2817 exutis
1005 2763 1126 2834 psalmus
1149 2763 1268 2818 meleu
1290 2765 1507 2820 neminemnam
1523 2777 1619 2834 magna
1643 2763 1826 2818 exsultatione

137 2835 174 2890 ad
198 2833 283 2889 altare
303 2830 467 2902 procedens,
491 2845 546 2888 nnn
562 2834 645 2890 modo
664 2833 866 2889 confessionem
879 2832 962 2897 dicat,
1005 2835 1178 2898 decantetur,
1194 2833 1295 2890 deinde
1314 2833 1479 2890 alleluiatica
1493 2835 1553 2890 sine
1566 2840 1711 2902 pneumate
1727 2831 1826 2887 hnian·

137 2905 189 2962 sed
206 2905 347 2976 praemisso
364 2924 370 2959 :
386 2903 466 2957 Pater
488 2908 586 2971 meter,
602 2909 630 2960 et
651 2903 775 2959 osculato
790 2903 880 2968 altari,
902 2917 963 2958 cum
1005 2913 1061 2972 tur,
1077 2905 1142 2960 inde
1157 2905 1230 2960 enim
1245 2919 1333 2974 usque
1352 2905 1386 2960 ad
1411 2906 1544 2974 vesperas
1567 2904 1678 2960 sabbati
1704 2915 1826 2972 sequen-

138 2978 200 3034 suis
236 2975 368 3032 ministris
389 2973 494 3030 sedeat.
521 2975 637 3031 Primam
668 2974 815 3030 lectionem
834 2974 965 3043 subprior
1007 2976 1053 3043 tis,
1069 2981 1122 3032 mm
1139 2976 1166 3031 in
1186 2976 1345 3045 antiphonis
1359 2989 1439 3046 quam
1454 2977 1483 3031 in
1502 2975 1655 3040 versieulis,
1681 2981 1827 3044 pneumata

139 3049 226 3118 legat,
251 3054 366 3104 ceteras
390 3043 436 3100 alii
464 3045 537 3102 sicut
555 3051 620 3102 sunt
638 3047 667 3101 in
682 3046 780 3102 ordine
795 3045 886 3116 primi,
907 3052 961 3101 etc.
974 3038 996 3098 ti
1007 3047 1119 3103 omnino
1134 3047 1374 3114 intermittuntur;
1398 3047 1526 3102 similiter
1540 3053 1568 3102 et
1581 3045 1741 3116 antiphona
1765 3059 1827 3116 quae

140 3121 192 3176 llis
208 3118 246 3174 ita
269 3117 398 3190 peractis,
424 3116 510 3186 prima
535 3116 630 3174 litania
657 3117 691 3172 ad
710 3117 840 3244 gradosa
861 3117 964 3186 pueris,
1006 3116 1184 3174 dicuntnrad
1207 3117 1363 3173 Benedictus
1387 3125 1414 3174 et
1437 3118 1592 3188 Maqudcut
1615 3130 1670 3172 non
1693 3122 1828 3186 repetun-

140 3193 165 3246 si
181 3190 299 3256 adsunt;
316 3191 338 3246 si
363 3200 418 3245 non
442 3187 552 3255 adsunt,
570 3190 687 3246 atribus
729 3203 744 3244 e
764 3187 916 3244 minoribus
931 3188 965 3243 de
1006 3195 1060 3244 tur.
1077 3191 1248 3245 Praecantato
1262 3187 1397 3257 predicto
1412 3189 1591 3254 alleluiatico,
1612 3201 1675 3244 mox
1699 3189 1830 3258 praelatus

140 3262 344 3318 conventuinci
367 3261 456 3325 iatur;
471 3259 531 3316 hac
549 3259 644 3316 litania
655 3274 716 3316 cnm
733 3259 866 3315 ministris
880 3260 908 3314 in
922 3273 966 3314 ve·
1006 3261 1040 3316 ad
1055 3260 1142 3316 altare
1164 3259 1342 3329 antiphonam
1366 3274 1381 3315 a
1404 3265 1518 3316 cantore
1541 3259 1594 3315 sibi
1620 3259 1748 3326 delatam,
1777 3259 1831 3314 hoe

139 3333 256 3392 stiarum
274 3277 396 3398 secedat,
420 3329 618 3401 deponensque
637 3331 767 3396 casulam,
798 3335 825 3386 el
851 3343 965 3400 cappam
1006 3332 1088 3388 modo
1122 3330 1257 3401 incipiat:
1297 3333 1406 3401 Vespere
1438 3335 1535 3394 uatem
1589 3332 1624 3385 uit
1656 3330 1743 3394 huvita,
1768 3333 1832 3397 post

139 3405 260 3462 induens
277 3405 306 3460 in
335 3404 451 3460 chorum
473 3402 508 3458 ad
540 3403 634 3458 sedem
662 3415 737 3457 suam
756 3402 857 3458 veniat.
876 3402 965 3457 Finita
1005 3402 1161 3472 Maqmdeut
1193 3402 1347 3457 orationem
1380 3403 1414 3456 ad
1442 3345 1637 3469 complendum
1664 3399 1829 3469 subjungam

140 3477 231 3562 prima
258 3476 363 3542 litania,
393 3481 450 3531 tres
472 3473 519 3529 alii
547 3472 646 3530 fratres
668 3473 816 3530 secundam
843 3471 965 3527 litaniam
1005 3474 1101 3543 sicque
1117 3473 1193 3528 dicto
1208 3474 1258 3538 lte,
1274 3473 1355 3526 rraissu
1370 3476 1408 3525 est
1428 3485 1444 3524 a
1468 3471 1596 3533 diacono,
1622 3470 1703 3523 missa
1726 3475 1753 3523 et
1778 3470 1831 3523 Ve-

139 3548 285 3617 tncipiant.
310 3548 377 3602 Cum
400 3547 490 3602 autem
510 3545 727 3615 pronuntiabunt
741 3544 840 3600 Sarute
850 3545 966 3599 leuatus
1006 3558 1095 3613 spere
1111 3543 1215 3611 pariter
1229 3541 1369 3596 liniantur.
1390 3541 1535 3595 Posthac
1559 3540 1678 3608 egressis
1692 3539 1726 3592 de
1743 3538 1833 3592 eecle-

138 3620 275 3692 Baptlsta,
301 3618 355 3688 iarn
384 3614 509 3675 ordinata
544 3616 721 3686 precessione
741 3615 775 3670 ad
793 3613 885 3669 fontes
904 3625 966 3667 cum
1006 3615 1058 3680 sia,
1074 3611 1146 3668 facto
1162 3611 1252 3680 spatio
1271 3609 1424 3680 cymbalum
1449 3609 1638 3678 percutiatnr;
1660 3607 1760 3663 deinde
1789 3620 1834 3662 re·

138 3703 242 3760 magna
268 3691 441 3746 veneratione
477 3688 639 3758 procedant,
668 3684 885 3756 procedentibus
917 3696 967 3752 per
1007 3683 1152 3739 lectorium
1167 3681 1309 3751 ingressis,
1326 3679 1523 3750 pulsatascilla
1534 3680 1604 3805 352)
1619 3679 1728 3734 dicatur
1747 3676 1832 3760 solita

138 3762 281 3825 ordinem,
306 3762 392 3829 primo
416 3761 464 3818 illo
488 3760 536 3830 qui
550 3772 660 3814 crucem
676 3761 777 3827 portat,
797 3753 898 3811 deinde
917 3767 966 3810 ee·
1007 3769 1083 3812 mare
1098 3758 1117 3819 l
1132 3753 1218 3808 lideut
1240 3768 1296 3824 pau
1314 3766 1371 3808 eres
1393 3756 1418 3807 el
1440 3755 1533 3806 satum
1551 3755 1629 3806 amur
1651 3763 1713 3806 cum
1738 3748 1832 3804 Glartu

139 3833 294 3898 roferariis,
311 3839 373 3902 post
387 3832 435 3888 illo
450 3831 497 3905 qni
517 3829 570 3886 fert
584 3843 695 3886 cereum
709 3827 743 3883 ad
763 3825 967 3883 consecrandos
1006 3826 1082 3882 Patri
1111 3830 1139 3881 et
1161 3825 1254 3895 Karta,
1323 3825 1396 3888 'au;
1421 3821 1653 3878 hebdomadarius
1676 3820 1770 3877 dicat:
1795 3821 1831 3876 Et

138 3904 235 3960 fontes
267 3910 459 3974 praeparatum,
479 3901 651 3958 subdiacono
674 3913 784 3969 quoqne
800 3911 862 3954 cum
882 3897 964 3962 libro,
1005 3913 1039 3954 ae
1065 3911 1132 3964 aas,
1159 3902 1213 3951 etc.
1251 3894 1291 3951 dd
1320 3894 1467 3951 lectionem
1496 3893 1578 3950 detur
1605 3893 1773 3950 benedictio.
1803 3893 1833 3946 ln

140 3983 171 4032 et
188 3976 308 4031 diacono
329 3989 391 4030 cum
419 3973 621 4038 chrismatorio,
647 3985 679 4027 ac
707 3969 807 4026 deinde
822 3969 887 4035 illis,
918 3967 966 4038 qut
1006 3967 1153 4026 refectorio
1191 3966 1301 4023 lectio:
1346 3968 1455 4038 Vespere
1485 3964 1589 4022 sublati
1622 3979 1680 4046 quse¹
1715 3962 1832 4044 locarit,

140 4047 264 4104 litaniam
285 4046 392 4114 dlcnnt,
417 4047 603 4115 subsequente
627 4046 763 4099 conventu
786 4053 848 4096 cnm
873 4039 965 4110 priore
1007 4045 1060 4098 etc.
1112 4040 1231 4096 Sermo:
1282 4037 1373 4095 flattu
1422 4035 1582 4107 Mapdaleue
1626 4036 1692 4092 uidet
1738 4036 1833 4090 Dama-

141 4136 251 4192 ultimo.
276 4137 335 4203 Quo
360 4149 422 4192 cnm
464 4133 631 4201 ervenerint,
652 4131 788 4187 stantibus
812 4120 888 4190 316
912 4127 967 4184 illis
1005 4143 1065 4185 auat
1089 4132 1275 4196 reserpentem,
1305 4131 1360 4182 etc.
1389 4127 1453 4182 Post
1481 4125 1572 4182 cibum
1599 4124 1727 4181 similiter
1755 4113 1830 4184 3l9

141 4209 191 4278 qui
205 4221 285 4263 sacra
304 4213 416 4277 portant
430 4213 499 4263 citra
514 4203 614 4271 invitus,
631 4203 672 4259 illi
696 4209 753 4258 tres
777 4202 825 4272 qui
844 4200 966 4256 litaniam
1007 4206 1106 4257 cuncta
1119 4199 1203 4255 solitu
1218 4211 1294 4254 more
1313 4197 1515 4280 compleantur,
1541 4203 1658 4278 excepto
1682 4193 1756 4276 quod
1781 4205 1833 4263 pro

140 4285 246 4336 cauum
274 4285 337 4334 ante
359 4277 520 4334 crucifixum
543 4277 630 4346 ipsam
650 4274 764 4337 liniant;
793 4286 847 4342 qua
870 4272 964 4336 dulia,
1007 4271 1113 4344 psalma
1139 4271 1229 4326 luctus
1255 4274 1282 4324 et
1311 4273 1482 4338 poenttenttae
1510 4268 1637 4322 neaera
1657 4279 1726 4344 latet
1753 4265 1832 4343 Deus,

140 4351 238 4406 statim
253 4350 385 4419 praelatus
399 4356 475 4405 stans
488 4347 591 4404 ibidem
614 4353 677 4402 ante
700 4343 801 4411 fontes,
825 4357 842 4398 a
862 4340 1132 4422 dextristsalmus
1146 4341 1250 4396 laetitiae
1266 4347 1294 4395 et
1313 4336 1504 4420 exsultationis
1527 4335 1690 4406 coaptentur·
1712 4336 1833 4414 bamma,

142 4423 252 4478 babens
271 4421 417 4478 diaconum
441 4434 503 4476 cum
527 4417 738 4482 chrismatorio,
763 4420 791 4468 et
813 4428 828 4468 a
850 4411 970 4470 sinistris
1011 4414 1059 4484 qni
1083 4426 1133 4482 pro
1155 4413 1195 4468 ris
1219 4416 1261 4467 est
1283 4410 1317 4466 de
1337 4410 1545 4465 ‘resurrectione
1564 4409 1759 4467 commutetur,
1777 4415 1835 4482 'qur
1862 4415 1866 4424 ·

140 4493 345 4550 subdiaconum
372 4505 434 4549 cum
458 4489 682 4556 sacramentario,
708 4488 792 4542 intret
815 4486 843 4540 in
868 4497 969 4541 eonse-
1011 4498 1099 4554 nsque
1113 4427 1153 4538 at?
1163 4495 1269 4538 coenam
1284 4481 1425 4551 sequentis
1439 4479 1547 4536 sabbati
1561 4483 1616 4532 mm
1634 4475 1670 4532 ad
1685 4471 1832 4545 prandium

142 4565 298 4622 arationem
331 4563 448 4619 fontium
481 4563 534 4618 hoc
561 4559 663 4616 modo:
694 4559 818 4623 oremus,
843 4556 970 4626 Omm'po·
1012 4569 1092 4626 quam
1108 4553 1142 4608 ad
1157 4566 1262 4609 coenant
1278 4551 1402 4622 qnotidie
1418 4550 1622 4630 frequentatur.
1645 4545 1685 4602 hd
1710 4541 1836 4611 conpte-

142 4641 211 4704 leus,
231 4643 284 4691 etc.
300 4637 384 4702 Quam
399 4635 464 4690 dum
488 4632 658 4703 exsequitur,
683 4635 737 4686 stet
760 4627 808 4683 ille
832 4628 879 4698 qui
904 4639 970 4682 ern·
1012 4628 1113 4684 terium
1128 4625 1211 4680 dictis
1230 4629 1349 4694 quatuor
1373 4623 1503 4692 psalmis:
1528 4622 1591 4677 Ouru
1613 4629 1780 4698 caracam,-
1803 4615 1838 4668 ia

143 4722 205 4764 cern
221 4713 298 4762 tenet
311 4708 389 4776 juxta
403 4705 494 4762 fontes
509 4705 544 4760 de
559 4709 666 4767 contra,
678 4713 756 4756 versa
766 4698 836 4754 facie
849 4697 883 4754 ad
894 4697 971 4768 ipsos
1013 4703 1047 4764 te,
1064 4697 1183 4764 Dauniae,
1198 4695 1321 4766 προφανές
1342 4697 1411 4750 Ecce
1424 4708 1511 4749 uuae:
1530 4693 1608 4771 Naue
1631 4688 1749 4749 damulae,
1774 4697 1837 4740 cunt

142 4777 340 4847 fontes,jnxta
355 4791 435 4847 quem
460 4775 525 4831 ltine
550 4774 614 4830 inde
640 4779 714 4828 stent
737 4768 896 4826 ceroferarii
920 4782 971 4826 en·
1013 4768 1089 4825 brevi
1108 4767 1287 4832 alleluiatico,
1307 4767 1367 4822 sine
1391 4763 1523 4835 capitulo,
1548 4773 1611 4842 stne·
1632 4758 1744 4840 hymno,
1769 4769 1839 4840 pro-

144 4851 209 4906 dem
226 4849 327 4916 modo;
348 4849 396 4920 qui
411 4861 475 4903 vero
499 4860 609 4902 cereum
628 4850 704 4901 tenet
724 4843 802 4912 iuxta
825 4841 972 4898 diaconum
1014 4839 1140 4896 nuntiato
1160 4837 1297 4894 versiculo
1321 4841 1426 4893 tautum
1450 4833 1612 4914 conflentum
1637 4831 1766 4913 'Dameam
1792 4827 1839 4912 dt—

144 4923 191 4978 sit.
208 4921 324 4991 dagnus
338 4919 373 4976 ad
388 4917 479 4975 fontes
493 4931 591 4973 cereus
606 4929 660 4973 non
685 4919 822 4986 portetur,
839 4912 886 4968 sed
903 4911 973 4968 alter
1014 4919 1092 4969 catur
1119 4909 1267 4976 confessio,
1300 4907 1401 4990 deinde
1429 4907 1554 4960 Damtaas
1582 4899 1723 4969 enimcum,
1748 4905 1838 4956 oratio

145 4991 319 5064 quidamqui
335 5007 349 5046 a
364 5003 447 5046 cereo
463 4987 611 5046 benedicto
626 4987 807 5050 illuminatur,
825 4983 901 5040 etab
917 4995 972 5039 uno
1014 4981 1141 5054 Spiritum
1169 4979 1253 5048 mdis,
1282 4982 1401 5034 Demeae.
1418 4973 1534 5058 ¹Eodem
1562 4972 1644 5058 modo
1673 4987 1723 5043 per
1753 4975 1838 5050 totam

144 5063 290 5134 acolytho,
311 5061 334 5118 si
353 5063 435 5127 adsit,
463 5060 497 5117 ad
517 5059 608 5116 fontes
635 5064 769 5130 portetur.
799 5053 974 5112 consecratis
1015 5051 1213 5112 hebdomadam
1234 5051 1295 5107 haec
1309 5051 1382 5105 liora
1397 5047 1515 5110 dicatur,
1540 5043 1635 5128 addito
1658 5051 1837 5122 responsorio

144 5133 486 5192 vernfontibuschrisma
505 5145 561 5188 non
580 5129 744 5196 infunditur,
769 5127 869 5194 donee,
886 5125 973 5197 siqui
1014 5127 1079 5180 liae
1106 5124 1172 5180 dtes.
1201 5124 1267 5178 Post
1295 5118 1469 5202 completam,
1498 5115 1569 5200 faeta
1597 5123 1670 5172 trina
1698 5115 1835 5179 oratione,

145 5205 308 5274 adfuerint,
338 5207 437 5274 aquam·
456 5203 629 5260 benedictam
648 5200 789 5257 hauserint
817 5199 850 5254 ad
876 5197 973 5254 domos
1015 5209 1086 5267 aqua
1100 5194 1246 5252 benedicta
1260 5205 1364 5262 aspersi
1380 5189 1571 5272 dormitorium
1587 5189 1691 5258 petant.
1710 5252 1716 5266 ,

145 5293 214 5334 suos
243 5275 453 5347 deportandam.
484 5273 629 5330 Provideat
651 5273 732 5327 etlam
756 5270 921 5328 secretarius
944 5273 975 5324 ut
1051 5268 1082 5323 ln
1095 5267 1141 5322 die
1155 5271 1251 5321 sancto
1272 5261 1382 5317 Paschae
1400 5259 1435 5344 ad
1459 5260 1619 5342 llatuttnum
1643 5266 1735 5311 omnia
1758 5253 1837 5323 signa

147 5363 182 5406 ex
221 5348 319 5405 eadent
355 5361 426 5418 aqua
463 5350 585 5403 reservet
620 5344 649 5398 in
686 5343 859 5408 crastinum,
901 5339 974 5397 unde
1016 5339 1160 5410 pulsentur
1175 5334 1464 5416 inclassicum,·s'tcu·t
1479 5345 1561 5401 supra
1576 5329 1679 5408 dietum
1697 5323 1834 5396 [addest]

149 5423 234 5490 [sicut
265 5433 327 5476 mos
353 5423 405 5486 est)
438 5421 621 5490 aspergantur
646 5412 765 5478 altaria,
795 5411 913 5477 fratres,
947 5416 975 5469 el
1016 5411 1044 5466 in
1058 5409 1147 5466 Natali
1165 5406 1283 5463 bomini.
1308 5403 1424 5459 ilomtlta
1449 5415 1477 5458 m
1501 5414 1587 5472 eappa
1611 5411 1700 5454 serim
1719 5395 1835 5468 legatur.

148 5491 288 5560 officinae,
325 5505 388 5547 nant
424 5489 453 5546 in
487 5489 531 5546 dle
568 5489 664 5542 saneto
700 5483 812 5539 Pascha
844 5482 975 5540 sacerdos
1015 5484 1069 5539 Per
1082 5489 1168 5540 totam
1185 5475 1382 5535 hebdomadam
1403 5473 1438 5530 ad
1459 5474 1567 5530 mades
1581 5475 1609 5526 et
1632 5470 1766 5539 vesperas
1787 5479 1836 5522 ca-

148 5577 252 5636 aquant
287 5561 444 5620 nullatenus
479 5557 632 5618 benedicit.
669 5552 774 5612 Deinde
800 5553 889 5624 (sicat
915 5568 975 5612 mos
1052 5571 1118 5643 (52)
1132 5569 1225 5638 seqq,
1240 5579 1289 5623 seu
1303 5564 1393 5636 skula,
1410 5564 1507 5630 idest,
1523 5557 1694 5629 campanula.
