4036 6162
82 335 131 390 885
597 339 754 398 HISTORIA
773 343 1049 402 heblomrvmvsls.
1070 374 1106 384 -
1124 343 1188 400 tlh.
1208 343 1242 398 ll.
1712 337 1766 392 886

80 459 138 518 iliis
161 457 292 529 omnique
314 459 486 531 substantia,
509 463 638 521 reseratis
659 469 750 522 tamen
774 467 929 532 civitatish
942 470 1011 528 simo
1035 469 1160 534 dixisset,
1181 464 1344 537 quibusdam
1362 476 1458 535 magna
1481 477 1513 518 ac
1539 461 1673 518 terribilia
1691 462 1767 519 vide·

82 548 182 622 portis,
208 547 329 605 vultibus
352 548 462 606 illorum
484 551 566 608 nimia
590 555 754 610 verecundia
774 556 801 612 in
826 564 900 613 terre
942 560 1051 616 bantur.
1069 561 1175 614 interea
1194 555 1312 612 domnus
1324 551 1357 585 ⁸⁸⁸
1381 551 1542 610 lleribcrtus
1561 552 1620 620 ejus
1639 551 1767 607 astutiam

81 637 212 704 demissis,
231 635 388 694 homicidiis
411 645 439 695 et
460 641 618 711 opprobriis
638 644 719 714 paulo
733 651 813 702 autea
828 644 900 702 invi·
941 652 969 704 ct
993 649 1131 720 ingenium
1151 658 1305 717 agnoscens
1334 656 1456 712 pravum,
1486 641 1520 696 de
1542 638 1659 710 singulis
1677 639 1769 695 verbis

81 743 135 785 cem
150 740 213 783 cum
227 727 332 798 populo
347 728 522 798 condonatis,
539 731 634 788 urbem
651 733 827 791 introierunt.
941 752 1003 808 quac
1018 738 1078 808 ipse
1102 736 1278 807 predixerat,
1295 733 1414 804 qualiter
1428 737 1475 788 aut
1495 729 1635 802 quomodo
1654 727 1772 785 sentiret

114 817 158 872 27.
179 817 217 872 Ea
230 815 263 848 ⁸⁸¹
285 821 448 888 tempestate
472 833 532 875 cunt
557 821 675 877 domnus
689 821 721 855 ‘⁸⁸
739 824 902 880 Reribertus
941 841 973 883 ac
992 827 1061 883 socii
1076 827 1147 896 ejus,
1164 825 1308 881 evidenter
1323 823 1431 893 aperire
1447 820 1591 892 praecepit,
1608 824 1637 876 et
1655 815 1771 874 maxime

82 917 174 964 omnes
196 904 254 962 lere
275 907 331 977 jem
350 906 487 964 visitasset
511 908 652 966 civitatum
676 910 750 968 beati
765 913 901 970 Ambrosii
942 915 1061 984 qualiter
1084 914 1119 969 de
1141 915 1220 968 Patre
1247 919 1275 967 et
1297 909 1367 966 Filio
1392 916 1420 965 et
1441 909 1545 978 Spiritu
1570 911 1667 963 sancto
1686 903 1772 961 scntl-

81 993 282 1066 suffraganeos,
313 1008 430 1066 quorum
458 997 545 1068 gratia
579 999 684 1057 ltaliam
722 1003 900 1070 circuiverat,
942 1009 1003 1057 rent
1017 1024 1024 1070 ;
1040 1007 1067 1058 et
1082 1001 1115 1033 “¹
1130 1006 1264 1072 praterea
1274 999 1306 1031 ⁸⁸⁷
1322 999 1356 1055 de
1371 997 1487 1070 singulis
1502 996 1635 1067 praecepit
1648 995 1767 1066 aperire.

80 1083 139 1140 illos
162 1083 191 1138 in
216 1083 344 1140 omnihus
362 1084 443 1141 bonis
461 1086 620 1156 adhortans,
645 1091 792 1147 Taurinum
816 1092 901 1147 bono·
942 1093 1001 1159 Quo
1024 1091 1119 1147 audito
1140 1089 1271 1146 Girardus
1285 1086 1460 1144 letabundus
1474 1085 1556 1141 iniit:
1580 1082 1692 1151 «Quod
1712 1081 1770 1138 dixi

81 1186 136 1229 rum
161 1171 270 1244 agmine
295 1171 457 1230 clericorum
481 1188 513 1232 ac
537 1176 653 1233 militum
672 1181 752 1249 copia
770 1180 903 1236 strenuis
943 1180 1063 1246 Ratrem,
1084 1180 1156 1234 Deus
1179 1183 1222 1234 est
1240 1183 1370 1242 aeternius,
1398 1174 1446 1244 qui
1470 1173 1561 1230 omnia
1585 1177 1616 1228 ut
1629 1172 1663 1228 ab
1679 1169 1770 1237 initio,

81 1261 209 1318 simorum
229 1259 344 1317 vallatus
358 1260 478 1319 devenit.
504 1265 555 1320 Ubi
578 1280 640 1321 cum
655 1281 706 1339 per
723 1267 829 1340 aliquot
843 1269 903 1325 dies
944 1274 971 1323 et
987 1268 1015 1324 in
1035 1281 1089 1337 quo
1109 1267 1201 1322 omnia
1224 1265 1389 1321 consistunt.
1415 1261 1492 1330 Quod
1508 1260 1565 1317 dixi
1587 1259 1695 1326 Filium,
1711 1257 1771 1314 ani-

81 1349 207 1418 sedisset,
228 1350 390 1407 cohortatus
413 1351 573 1424 episcopum
598 1353 649 1426 (90)
671 1360 698 1411 et
712 1357 816 1414 clerum
832 1358 903 1414 civi·
945 1371 1005 1412 mus
1023 1362 1066 1412 est
1079 1354 1198 1411 hominis
1218 1367 1233 1410 e
1252 1355 1308 1410 lieo
1323 1351 1450 1408 dilectus.
1470 1348 1548 1418 Quod
1564 1348 1621 1405 dixi
1639 1345 1770 1419 Spiritum

83 1438 153 1505 tatis,
176 1438 308 1509 populum
332 1439 418 1496 totius
443 1441 529 1510 urbis
550 1443 721 1514 propheticis
742 1452 770 1502 et
788 1453 905 1517 aposto·
945 1452 1081 1510 sanctum,
1105 1443 1258 1500 divinarum
1281 1441 1458 1498 scientiarum
1481 1437 1649 1504 intellectus,
1674 1451 1690 1492 a
1716 1447 1771 1506 quo

83 1526 141 1583 licis
166 1528 419 1595 ammonitionibus,
441 1534 471 1584 ut
493 1537 570 1587 tanto
594 1531 711 1589 decebat
728 1536 797 1600 viro,
814 1550 903 1606 quan·
945 1539 1045 1592 cuncta
1060 1534 1180 1590 discrete
1194 1537 1338 1602 reguntur.
1355 1549 1370 1582 n
1395 1530 1436 1585 hd
1461 1528 1521 1584 haec
1544 1527 1708 1583 lleribertus
1729 1537 1773 1579 re·

82 1615 140 1672 dam
173 1613 300 1672 haeresirn
328 1617 494 1685 inauditam,
521 1633 583 1688 quae
616 1634 704 1691 nuper
733 1623 760 1678 in
789 1625 903 1681 castello
944 1623 1106 1694 spondit:«
1122 1621 1224 1688 Amice,
1245 1620 1280 1675 dc
1303 1617 1413 1674 Christo
1436 1619 1500 1673 iesu
1524 1615 1636 1672 domino
1662 1616 1774 1681 nostro,

80 1717 160 1774 supra
193 1705 284 1762 locuvn
312 1706 360 1776 qui
393 1705 550 1764 llonsiorlis
581 1715 695 1766 vocatur
727 1720 902 1782 convenerat,
944 1712 992 1782 qui
1008 1717 1088 1768 natus
1107 1709 1198 1766 estde
1217 1708 1299 1764 hieria
1318 1706 1434 1777 virgine,
1449 1706 1563 1760 verbum
1586 1701 1686 1769 Patris,
1707 1700 1773 1772 quid

79 1793 182 1850 audivit
205 1792 269 1866 (91).
294 1792 371 1861 Quod
395 1809 456 1851 cum
471 1795 633 1854 Rerihertus
646 1799 806 1868 audivisset,
825 1801 1035 1863 illicoBdicisv
1051 1819 1064 1852 ε
1080 1797 1234 1870 Respondit
1255 1818 1261 1852 :
1289 1813 1303 1848 u
1322 1799 1416 1852 lesum
1440 1793 1578 1851 Christum
1594 1804 1676 1862 quem
1690 1788 1773 1858 dicis,

78 1882 159 1951 jussit
173 1895 208 1938 ex
223 1883 284 1952 ipso
299 1888 391 1940 castro
415 1883 553 1942 hominem
572 1886 647 1944 illius
666 1887 789 1956 heresis,
811 1896 841 1946 ut
855 1906 905 1946 ve·
945 1897 987 1946 est
1010 1889 1118 1945 animus
1144 1885 1309 1944 sensualiter
1333 1891 1413 1940 natus
1436 1897 1470 1940 er
1490 1881 1573 1938 biania
1599 1879 1715 1952 virgine,
1731 1876 1776 1933 vl·

81 1971 137 2028 rius
160 1985 220 2028 rem
238 1971 326 2043 ipsam
349 1980 539 2046 cognosceret,
559 1976 612 2033 sihi
634 1980 837 2049 repraesentari.
853 1979 904 2048 Qui
946 1977 1048 2034 delicet
1062 1982 1144 2033 natus
1158 1982 1244 2032 estex
1258 1980 1353 2030 sancta
1368 1971 1514 2043 scriptura.
1531 1968 1650 2041 spiritus
1664 1973 1776 2024 sauctus

82 2074 141 2116 cum
174 2065 238 2117 ante
271 2063 330 2133 ejus
356 2061 459 2119 vultum
488 2065 630 2132 venisset,
671 2067 903 2138 promptissimum
945 2073 1102 2123 sanctarum
1122 2067 1321 2135 scripturarum
1336 2076 1398 2119 cum
1413 2061 1560 2117 devotione
1575 2056 1773 2114 intellectusn

82 2165 181 2222 gerens
203 2152 237 2208 ad
261 2155 416 2224 passionem
440 2155 570 2222 animum,
586 2157 666 2213 laetus
685 2159 708 2213 si
731 2160 814 2216 vitem
837 2175 905 2231 sup·
947 2157 1137 2211 lieribertus:
1165 2173 1179 2206 (ι
1204 2153 1341 2222 conjuges
1364 2165 1450 2222 quare
1469 2149 1595 2219 accipitis
1609 2147 1662 2202 uisi
1680 2145 1715 2201 ad
1730 2157 1776 2200 so·

80 2240 171 2309 pliciis
199 2241 367 2313 gravissimis
395 2242 505 2311 liniret,
536 2246 613 2301 vultu
641 2245 725 2302 alacri
753 2246 787 2303 ad
814 2249 906 2305 omnia
946 2244 1037 2300 bolevn
1061 2242 1271 2312 procreandam,
1296 2240 1370 2296 unde
1396 2239 1544 2294 humanum
1568 2248 1655 2306 genus
1679 2246 1775 2288 nasce·

80 2329 249 2400 respondere
265 2335 377 2399 paratus
391 2331 488 2387 astitit.
508 2335 542 2387 ht
560 2333 721 2390 Reribertus
736 2349 797 2392 cum
817 2337 906 2407 ipsum
947 2337 1045 2389 retur?
1061 2353 1073 2382 a
1090 2329 1262 2401 Respondit:
1280 2347 1294 2380 u
1311 2329 1339 2384 si
1354 2327 1511 2383 uuiversum
1526 2337 1612 2396 genus
1626 2321 1775 2378 humanum

78 2423 155 2474 tanta
179 2419 333 2474 constantia
360 2424 484 2487 paratum
505 2419 628 2488 vidisset,
655 2423 776 2479 seriatim
799 2439 831 2481 ac
850 2432 907 2482 stu·
947 2435 1008 2478 sese
1027 2423 1218 2492 conjungeret,
1234 2422 1264 2474 ut
1283 2416 1490 2486 corruptionem
1505 2425 1561 2469 uon
1576 2409 1701 2476 sentiret,
1722 2408 1776 2466 sic·

77 2506 159 2563 diosc
183 2507 264 2562 vitant
294 2513 322 2562 et
350 2519 441 2563 mores
465 2521 498 2564 ac
525 2507 635 2565 illorum
663 2510 744 2568 iidem
771 2514 907 2570 sciscitari
950 2519 980 2566 ut
1009 2525 1075 2582 apes
1099 2511 1158 2566 sine
1187 2509 1262 2565 coitu
1290 2520 1378 2578 genus
1400 2505 1560 2576 gigneretur
1583 2499 1774 2557 humanum.»

76 2595 175 2665 coepit.
200 2594 287 2666 igilur
310 2596 422 2652 licentia
441 2595 504 2653 data
518 2611 551 2653 ec
574 2598 685 2656 silentio
700 2601 845 2673 imperato,
862 2604 907 2660 di·
948 2600 1136 2656 Reribcrtus:
1162 2617 1176 2650 c
1201 2599 1379 2653 peccatorum
1402 2599 1560 2650 nostrorum
1585 2587 1722 2645 absolutio
1746 2583 1775 2641 lu

77 2696 144 2740 cens
158 2683 290 2740 Girardus
309 2683 425 2740 adorsus
444 2690 506 2741 est:
524 2703 539 2738 c
554 2687 610 2744 lieo
625 2689 809 2759 omnipotenti
833 2689 907 2746 Patri
949 2701 1004 2760 quo
1029 2693 1091 2744 osli
1120 2689 1147 2743 in
1170 2686 1334 2757 apostolico,
1351 2691 1397 2739 aut
1412 2683 1441 2739 iu
1456 2681 1598 2752 episcopo,
1614 2681 1661 2734 aut
1680 2677 1710 2732 in
1729 2687 1776 2730 sa·

79 2776 106 2828 et
130 2769 202 2827 Pilio
225 2777 253 2826 et
277 2771 392 2840 spiritui
406 2779 503 2830 sancto
522 2775 624 2845 gratias
643 2775 733 2833 refero
748 2779 906 2845 immensas,
949 2777 1062 2833 cerdote
1082 2775 1197 2846 aliquot
1213 2793 1226 2826 n
1242 2771 1415 2843 Respondit:
1434 2791 1447 2819 e
1469 2766 1628 2824 Pontificem
1643 2765 1777 2821 hahemus

81 2859 154 2930 quod
179 2867 233 2914 tam
261 2857 386 2916 studiose
409 2874 452 2918 me
475 2861 617 2933 inquirere
636 2866 770 2937 satagitis.
799 2869 831 2923 Et
860 2867 907 2936 qui
949 2880 1004 2923 non
1033 2865 1110 2921 illum
1139 2865 1302 2928 Romanum,
1327 2859 1492 2925 sodalium,
1516 2856 1564 2926 qul
1588 2853 1703 2911 cottidie
1727 2864 1778 2922 per

82 2963 130 3006 vos
143 2949 178 3004 ah
193 2948 273 3004 initio
289 2947 317 3004 lu
336 2948 437 3006 lumbis
451 2950 516 3008 hdae
531 2953 670 3025 cognovit,
690 2962 794 3011 annuat
810 2961 840 3012 ut
854 2955 907 3012 sibl
948 2955 1044 3012 orbem
1068 2959 1203 3008 terrerum
1218 2950 1316 3006 iratres
1331 2953 1443 3005 nostros
1457 2945 1550 3002 visitat
1571 2943 1733 3014 dispersos;
1749 2945 1779 2996 et

84 3037 177 3095 vivatis
199 3037 309 3108 sibique
332 3038 497 3106 moriamini,
515 3045 543 3097 ει
566 3056 627 3099 curn
647 3043 708 3114 ipso
724 3044 906 3114 persecuto·
949 3043 1060 3115 quando
1084 3044 1155 3098 Deus
1179 3040 1255 3097 illum
1275 3038 1355 3095 nobis
1378 3036 1534 3101 ministrat,
1560 3037 1626 3089 tunc
1650 3034 1777 3102 peccato·

84 3141 140 3184 rum
164 3124 268 3183 saecula
291 3133 438 3197 regnantes
460 3128 627 3199 gloriemini.
650 3133 737 3188 Vitam
767 3146 854 3189 meam
880 3138 1011 3200 ctcruuv
1021 3137 1178 3188 nostrorum
1188 3129 1267 3185 veuia
1276 3139 1382 3184 summa
1392 3139 1453 3182 cum
1464 3123 1610 3179 devotione
1620 3120 1776 3178 donatur.»

85 3229 206 3272 meorum
232 3214 345 3272 iratrum
369 3216 461 3286 fldem,
482 3218 666 3290 qualicunque
690 3221 781 3278 animo
800 3235 832 3277 cs
851 3221 908 3278 sci-
950 3222 1112 3278 lleribertus
1137 3239 1143 3275 :
1171 3237 1184 3270 «
1210 3218 1270 3274 Vita
1290 3221 1382 3272 vestra
1407 3211 1548 3285 quomodo
1577 3210 1606 3266 in
1632 3206 1778 3266 tormentis

85 3305 188 3361 scitetis
204 3303 248 3372 ⁸⁸⁸,
273 3303 351 3360 vobis
375 3304 490 3362 edicam.
518 3307 706 3380 Virginitatem
726 3323 783 3379 prae
807 3311 908 3368 ceteris
950 3311 1059 3367 liniti»
1085 3308 1265 3380 Respondit:
1293 3324 1308 3358 c
1332 3305 1359 3360 Si
1385 3315 1438 3358 nos
1453 3315 1503 3371 per
1517 3305 1653 3356 tormenta
1668 3309 1684 3351 a
1698 3295 1778 3351 malis

85 3395 244 3464 laudamus;
269 3408 369 3452 uxores
393 3394 535 3465 habentes,
555 3398 603 3468 qui
627 3398 703 3472 virgo
728 3406 770 3455 est
791 3401 907 3472 virgini·
949 3399 1108 3457 hominihus
1132 3397 1213 3453 nobis
1237 3395 1344 3464 ingesta
1371 3389 1524 3454 deficimus,
1554 3385 1723 3457 gaudemus;
1753 3381 1777 3438 si

84 3491 161 3540 tatem
176 3489 335 3551 conservat,
351 3485 399 3554 qui
413 3490 504 3541 autem
524 3492 682 3558 corruptus,
698 3486 791 3545 delae
811 3495 908 3545 nostro
949 3497 1040 3546 autem
1069 3485 1218 3556 aliquando
1246 3496 1297 3538 nos
1324 3481 1358 3536 ad
1383 3484 1499 3534 mortem
1519 3480 1617 3530 natura
1639 3469 1777 3544 perducit,

83 3572 175 3643 majori
213 3571 325 3628 licentia
358 3573 511 3630 castitatem
549 3580 709 3644 perpetuam
744 3589 908 3632 conservare
950 3576 1090 3648 proximus
1109 3579 1222 3638 noster,
1248 3575 1395 3637 antequem
1419 3565 1536 3620 animam
1565 3562 1681 3627 damus,
1704 3573 1777 3630 quo·

84 3659 168 3718 liceat.
193 3661 284 3717 Nemo
309 3665 434 3718 nostrum
457 3675 543 3719 uxore
567 3662 715 3719 carnaliter
734 3665 834 3730 utitur,
859 3663 909 3720 sed
949 3665 1042 3723 modo.
1061 3662 1191 3719 interficit
1218 3672 1279 3716 nos.
1302 3677 1315 3706 n
1344 3657 1411 3711 Cum
1441 3653 1502 3708 haec
1530 3649 1621 3707 omnia
1650 3647 1780 3705 lleriher-

83 3749 155 3819 quasi
179 3755 299 3806 matrem
324 3755 371 3806 aut
393 3762 518 3807 sororem
533 3751 652 3822 diligens
673 3757 759 3808 tenet.
774 3751 909 3808 Carnibus
950 3761 995 3812 tus
1010 3752 1122 3809 auribus
1137 3751 1251 3807 intentis
1264 3745 1424 3812 audivisset,
1446 3743 1528 3798 tacite
1543 3739 1656 3806 mirans,
1677 3736 1780 3794 ceteris

83 3851 230 3911 numquam
253 3839 408 3907 vescimur;
434 3840 539 3909 jejunia
568 3841 699 3898 continua
723 3845 750 3897 et
769 3842 909 3898 orationes
950 3847 1041 3900 autem
1056 3856 1105 3898 sua
1119 3841 1209 3911 capita
1224 3835 1385 3894 nutantibus
1401 3853 1408 3889 z
1424 3833 1446 3889 si
1462 3832 1491 3888 iu
1507 3829 1588 3887 idem
1603 3826 1778 3894 catholicam,

84 3925 273 3986 indesinenter
295 3926 454 3997 lundimus;
480 3942 590 3999 semper
612 3929 657 3986 die
672 3944 704 3986 ac
724 3935 804 3987 nocte
820 3931 908 3988 nostri
949 3946 1032 4003 quam
1053 3932 1175 3987 Romana
1195 3927 1312 3986 ecclesia
1332 3931 1418 3988 tenet,
1434 3926 1461 3978 et
1481 3920 1658 3991 baptismum,
1673 3923 1701 3973 et
1714 3929 1780 3974 vere

85 4018 196 4088 maiores
230 4017 352 4074 vicissim
380 4022 484 4086 orant,
515 4024 650 4087 quatenus
683 4019 750 4075 hora
783 4021 908 4077 oratione
950 4020 1047 4077 Filium
1063 4019 1121 4087 bei,
1138 4019 1185 4088 qui
1205 4023 1285 4073 natus
1306 4020 1348 4071 est
1362 4011 1492 4070 exilaria
1506 4009 1611 4082 virgine
1626 4003 1776 4064 secuudum

84 4121 162 4164 vacua
181 4120 242 4165 non
263 4112 420 4178 pretereat.
440 4109 553 4164 Omnem
568 4115 690 4164 nostram
705 4110 908 4180 possessionem
950 4123 1059 4166 caruem
1071 4106 1208 4173 crederet,
1221 4112 1248 4162 et
1263 4102 1331 4160 illud
1347 4113 1511 4159 essenorum
1527 4109 1629 4168 corpus
1643 4101 1671 4153 et
1682 4108 1777 4153 verum

87 4209 142 4252 cum
156 4197 287 4254 omnibus
301 4196 460 4254 hominihus
474 4209 646 4254 communem
661 4196 802 4255 habemus.
823 4200 908 4256 Nemo
949 4197 1137 4268 sanguinem,
1180 4208 1260 4266 quem
1298 4191 1428 4248 sacerdos
1464 4186 1618 4244 catholicus
1656 4183 1779 4254 quamvis

87 4291 204 4342 nostrum
229 4285 290 4342 sine
310 4285 455 4342 tormentis
478 4287 560 4342 vitem
584 4287 654 4355 linit,
679 4293 709 4344 ιιι
730 4295 833 4345 aeterna
853 4294 909 4345 tor
950 4293 1081 4358 peccator
1095 4285 1271 4357 perverbum
1295 4282 1344 4338 ilci
1367 4276 1529 4342 sanctificat,
1545 4287 1608 4331 cum
1621 4272 1778 4329 sciscitatus

89 4379 172 4430 menta
195 4372 314 4433 evadere
339 4373 486 4444 possimus.
510 4375 617 4430 Patrem
639 4376 782 4432 etlilium
802 4382 829 4432 et
848 4379 908 4448 spi·
951 4380 1002 4432 est.
1028 4373 1208 4444 Respondit:
1232 4393 1245 4422 ι
1269 4372 1374 4426 Praeter
1397 4373 1522 4422 nostrum
1542 4359 1698 4432 pontiflcem
1720 4371 1777 4414 non

89 4460 165 4519 ritum
194 4467 323 4521 sanctum
355 4462 494 4520 credimus
526 4469 553 4519 ct
583 4463 754 4520 confitemur.
784 4464 824 4521 Ab
852 4464 995 4522 illisliest
1013 4463 1084 4519 alius
1107 4459 1241 4532 pontiiex,
1258 4457 1381 4529 quamvis
1404 4454 1463 4510 siue
1487 4458 1600 4508 tonsura
1615 4445 1776 4518 capitissit,

88 4563 171 4620 vero,
200 4553 250 4624 qui
278 4555 442 4623 potestatem
466 4552 569 4609 habent
591 4549 695 4622 ligandi
720 4557 748 4608 ει
771 4551 906 4622 solvendi,
949 4565 1000 4608 nec
1021 4550 1183 4606 misterium.
1206 4567 1220 4600 n
1245 4549 1304 4616 Quo
1326 4543 1430 4611 andito,
1447 4548 1477 4597 ut
1490 4537 1561 4595 lanta
1579 4535 1690 4593 illorum
1703 4539 1772 4602 erat,

90 4635 162 4710 ligari
181 4655 213 4698 ae
233 4639 302 4697 solvi
317 4640 465 4697 credimus.
481 4643 565 4698 Vetus
583 4655 615 4697 ac
633 4643 738 4698 Novum
752 4642 909 4698 Testamen·
949 4641 990 4696 rei
1009 4639 1110 4696 veritas
1124 4637 1261 4710 apparuit.
1281 4637 1315 4692 lit
1329 4634 1441 4690 mittens
1455 4627 1617 4686 Recibcrtus
1630 4622 1775 4695 quamplu-

90 4733 142 4785 tnm
155 4745 187 4788 ac
201 4735 315 4788 sanctos
329 4743 450 4788 canorus
463 4730 577 4788 cottidie
600 4730 723 4801 legentes
742 4736 907 4788 tenemus.»
950 4731 1034 4786 nimos
1052 4727 1154 4785 milites
1177 4727 1211 4784 ad
1236 4725 1311 4782 illum
1335 4717 1564 4780 Montemlortem
1584 4727 1680 4772 omnes
1702 4724 1774 4783 quos

90 4817 205 4890 Cumque
219 4819 281 4877 haec
295 4822 323 4877 et
337 4819 422 4876 multa
441 4818 494 4876 alia
515 4818 646 4876 Girardus
668 4819 779 4892 ingenio
804 4819 909 4876 acutis-
950 4818 1072 4876 iuvenire
1094 4817 1193 4888 potuit,
1213 4815 1305 4886 cepit;
1331 4815 1402 4870 inter
1420 4822 1491 4882 quos
1509 4803 1675 4864 comitissam
1690 4799 1773 4858 castri

759 4989 872 5046 vartlAE
902 4988 1095 5046 lebitones,

125 5109 155 5141 ‘⁸'
171 5111 270 5168 litetur
282 5134 289 5168 =
303 5112 341 5169 lte
357 5112 488 5170 hereticis
502 5112 536 5170 de
551 5111 718 5183 llontelorti,
734 5112 832 5170 calidis
845 5113 1014 5186 argumentis
1037 5112 1107 5170 alios
1130 5109 1306 5167 seducentes.
1321 5105 1366 5161 ι’.
1383 5105 1420 5160 [ιε
1436 5100 1552 5159 Glrardo
1565 5095 1690 5155 heretico
1710 5107 1773 5154 cum

92 5181 165 5237 sotits
179 5183 214 5240 de
228 5181 385 5241 llontelorti
401 5184 541 5242 hereticis.
554 5183 613 5239 rell.
650 5183 684 5216 ⁸⁸⁸
697 5185 768 5241 decet
782 5185 812 5242 Β.
850 5183 1025 5241 ⁸⁸⁸scisitatis
1039 5185 1068 5240 Β.
1105 5180 1138 5214 ““
1152 5182 1223 5238 deest
1238 5182 1268 5237 Β.
1305 5177 1338 5210 ⁸⁸¹
1352 5175 1423 5234 deest
1437 5176 1466 5230 Β.
1505 5171 1537 5204 “’
1551 5175 1648 5242 postca
1662 5167 1692 5225 B.

874 5331 983 5389 holm.

127 5447 178 5518 (90]
200 5449 263 5506 toll
287 5477 322 5494 -·
347 5453 415 5509 1039
437 5451 586 5510 landulfus
602 5454 693 5520 sedit,
714 5456 758 5512 cui
777 5457 910 5514 successit
950 5454 1007 5522 dl;
1032 5457 1181 5520 Terraneo,
1199 5453 1233 5521 ll,
1254 5464 1279 5507 c.
1303 5449 1344 5518 18,
1361 5450 1408 5520 qui
1430 5444 1546 5504 evoca
1561 5444 1620 5501 haec
1638 5441 1772 5502 accidisse

97 5517 180 5576 Willi-
298 5585 305 5594 ,
951 5525 1097 5584 existimat.

129 5589 179 5658 dt)
197 5591 238 5649 di.
254 5595 325 5652 Rod.
340 5596 443 5664 Glabr.‚
460 5597 503 5662 lll,
523 5594 559 5662 2;
574 5595 694 5653 huselm.
716 5598 812 5667 leod,
828 5597 864 5653 62
875 5627 911 5638 -
