4024 6174
237 329 287 384 set
805 321 944 380 tubunis
962 319 1201 380 sisemundus
1218 319 1356 378 leuatis
1846 327 1888 380 452

233 454 265 509 iu
294 457 371 523 parte
395 449 518 506 secunda
536 448 602 505 iibri
621 447 748 517 prioris:
774 464 789 496 ι
813 445 892 504 ιιιει
907 457 972 502 sane
987 443 1021 500 de
1036 444 1236 506 ιειιιιιιοιιιι
1261 442 1335 500 uuila
1356 441 1531 503 inveniuntur
1552 454 1635 512 snpra
1660 443 1763 500 loannis
1785 453 1883 514 ειειειι,

236 541 323 613 loqui,
339 541 374 597 de
396 547 423 597 te
446 539 552 606 audire,
575 537 609 592 de
634 541 661 592 ιε
677 535 811 601 seribere,
826 534 861 592 de
879 533 1058 599 turonicus,
1100 533 1149 588 sed
1165 532 1256 588 omitia
1272 531 1435 601 posteriora.

236 633 271 690 de
294 638 341 688 tua
367 629 538 688 beatitudine
562 635 591 684 et
613 627 699 697 gioria
714 625 817 682 cotidie
831 625 932 695 legere,
948 630 976 679 ει
989 623 1060 680 lecta
1136 621 1217 678 Liber
1231 619 1437 677 bleditatiouum
1452 618 1578 689 pluribus
1592 625 1696 678 constat
1713 621 1848 690 partibusa
1863 641 1886 682 se

236 722 338 792 saepius
363 719 414 775 sub
438 717 522 774 corde
546 715 713 771 revolvere:
739 719 769 768 ut
787 713 829 768 vel
849 714 890 768 sic
908 711 1011 783 possint
1025 714 1059 768 ab
1101 709 1225 766 divulsis.
1255 711 1343 768 Prima
1371 723 1435 779 pars
1456 715 1499 765 est
1522 723 1539 766 a
1566 709 1654 777 capite
1680 708 1689 761 l
1712 709 1744 766 ad
1768 709 1812 777 10,
1837 727 1887 782 qua

236 811 318 881 bujus
341 806 465 864 mortalis
487 812 515 862 et
535 806 663 876 periturae
678 803 741 858 vitae
755 801 912 868 ardoribus,
929 801 1060 871 periculis
1100 799 1211 868 quidem
1236 799 1374 869 reperitur
1399 798 1472 868 apud
1496 796 1669 866 anselmum,
1696 797 1831 868 eademque
1855 807 1888 856 εει

238 907 265 957 ει
287 898 436 956 sudoribus
450 895 501 951 sub
519 900 575 950 tuae
589 893 680 948 vitalis
703 905 778 948 aurae
792 890 873 946 dulce
887 888 1059 961 refrigerium
1100 901 1162 944 cum
1184 888 1309 944 oratione
1327 887 1359 942 lo
1372 885 1446 957 apud
1468 889 1621 953 loannem,
1642 885 1774 942 nonnullis
1786 888 1889 944 versibus

238 987 365 1052 transire,
381 993 409 1042 et
424 983 560 1040 transiens
574 981 602 1036 in
616 982 678 1036 sinu
694 984 742 1035 tuo
761 978 861 1034 ιεεειιι
886 985 968 1047 caput
992 978 1061 1034 dur—
1101 977 1215 1034 resectis
1230 976 1353 1047 postilla
1369 975 1460 1042 verba,
1485 977 1513 1031 ιι
1533 975 1639 1030 odorem
1660 979 1830 1044 ειιιειιιιιιι
1845 981 1891 1032 tvo·

172 1113 176 1118 -
239 1077 354 1132 mitulus
377 1073 419 1128 vcl
449 1070 587 1142 paululum
616 1068 760 1125 reclinare.
789 1069 876 1136 liujus
901 1067 941 1122 rei
973 1067 1060 1136 gratia
1100 1081 1156 1122 roca
1172 1065 1291 1132 ιιιιιιει,
1307 1065 1408 1136 quibus
1422 1064 1475 1120 alia
1489 1064 1584 1122 subdit
1606 1063 1693 1120 codex
1712 1064 1824 1130 loannis,
1840 1078 1890 1134 que

237 1170 391 1222 sanctarum
410 1161 612 1230 scripturarum
632 1171 739 1213 amoeua
759 1161 836 1226 prata
853 1154 1004 1226 ingredior,
1021 1155 1061 1212 vi·
1101 1155 1307 1212 bieditatiouum
1322 1153 1531 1210 consarcinator
1542 1153 1669 1222 imperite
1680 1151 1802 1208 'detraxit

237 1252 387 1308 ridissimas
417 1248 615 1305 εειιειιιιιιιι
653 1245 753 1301 barbas
790 1241 928 1300 exarando
958 1257 1058 1312 carpo,
1136 1243 1261 1300 &cunda
1275 1257 1339 1313 pars
1352 1241 1558 1298 lleditationuru
1573 1241 1743 1311 estacapite
1755 1238 1784 1294 12
1798 1239 1889 1310 inauli

236 1339 353 1411 legendo
378 1337 504 1405 comedo,
528 1333 730 1406 frequentando
753 1333 872 1398 rumino,
888 1336 971 1404 atque
989 1345 1060 1388 con·
1101 1339 1220 1402 quatuor
1241 1333 1372 1388 duntaxat
1386 1330 1511 1387 versibus
1533 1335 1673 1397 conamus,
1694 1329 1892 1400 glorificationem

236 1427 375 1500 gregando
399 1426 509 1482 mrrdem
536 1425 564 1479 iu
592 1424 647 1479 alta
673 1421 813 1478 memorie
839 1420 905 1476 sede
931 1431 1057 1489 repono:
1101 1427 1205 1478 tautum
1228 1419 1368 1478 Trinitatis
1390 1419 1523 1489 continet)
1546 1417 1685 1488 usquead
1707 1414 1894 1487 capescant·

237 1522 267 1573 ιι
291 1517 339 1573 tali
364 1514 446 1571 modo
472 1519 518 1570 tua
541 1511 688 1568 dulcedine
708 1509 861 1581 degustata,
878 1508 1060 1565 miuusistius
1101 1512 1203 1580 batque
1230 1510 1299 1566 duas
1328 1509 1435 1578 priores
1462 1515 1554 1578 partes
1580 1513 1608 1563 et
1637 1507 1750 1577 primum
1771 1505 1892 1562 arborium

237 1604 398 1661 miserrime
414 1603 476 1658 vitae
498 1599 695 1658 amaritudines
707 1599 833 1654 seutiam.
856 1618 868 1648 ι
897 1597 948 1653 Ubi
966 1595 1060 1654 videas
1101 1599 1191 1656 tertiae
1215 1599 1301 1669 partis
1325 1597 1427 1668 prioris
1452 1596 1551 1664 libelli,
1574 1609 1658 1666 quern
1684 1597 1797 1652 loannes
1816 1594 1893 1664 agneti

236 1700 377 1750 auctorem
413 1691 547 1748 orationis
582 1701 663 1744 nonae
700 1702 733 1743 ex
770 1685 922 1742 imitatione
958 1685 1060 1755 prioris
1100 1688 1268 1758 imperatrici
1297 1687 1473 1756 nuncupavit,
1499 1689 1616 1756 excepto
1645 1684 1744 1756 hymno
1768 1683 1804 1738 lte
1827 1679 1894 1749 ploric

237 1781 324 1838 libelli
352 1781 412 1836 baec
439 1778 521 1835 verba
545 1791 687 1848 usurpare,
711 1783 741 1831 ιι
764 1789 794 1831 εε
817 1779 1007 1845 excerptorem
1032 1771 1236 1843 ειΒΡαειιιει,
1260 1789 1341 1846 quem
1365 1773 1573 1836 cacuminatur
1597 1779 1662 1843 post
1684 1775 1764 1843 capul
1787 1769 1819 1826 25
1840 1769 1895 1828 iuss

237 1871 429 1927 defloratorem
453 1866 553 1938 probet
573 1887 580 1922 ι
606 1871 634 1921 ει
657 1877 712 1922 non
732 1865 769 1920 ita
789 1877 849 1920 esse
863 1863 955 1920 verbis
972 1861 1059 1918 libelli
1100 1865 1164 1921 ruit.

237 1959 338 2030 prioris
360 1957 511 2024 addietum,
536 1961 566 2012 ut
589 1968 621 2010 ea
644 1953 679 2010 de
694 1952 778 2009 verbo
800 1951 924 2008 studiose
947 1950 1058 2008 celerat.
1136 1953 1254 2010 Tertiam
1276 1959 1381 2024 partem
1408 1951 1615 2010 beditatinuum
1639 1949 1740 2010 delluio
1761 1949 1842 2018 capite
1860 1945 1895 2010 lt,

236 2046 314 2115 Quod
338 2050 498 2118 argumento
521 2049 580 2111 est,
606 2041 731 2100 eumdem
756 2041 899 2111 utriusque
923 2053 984 2096 esse
1009 2053 1059 2096 au·
1100 2039 1260 2112 quodidem
1274 2048 1317 2098 est
1331 2055 1392 2098 cum
1407 2041 1533 2098 oratione
1546 2042 1574 2108 4,
1589 2055 1654 2112 quae
1677 2041 1705 2096 in
1726 2037 1816 2101 codice
1834 2037 1897 2092 loan-

237 2143 352 2204 ctorem‚
368 2147 424 2191 non
438 2147 503 2190 vero
520 2133 682 2188 altemirum
697 2131 748 2186 bac
757 2131 787 2186 iu
800 2135 877 2201 parte
888 2130 968 2195 quasi
977 2128 1060 2186 alieni
1101 2133 1144 2188 uis
1158 2131 1231 2190 libro
1246 2130 1394 2202 posteriori
1408 2129 1536 2200 ειιιιειε
1550 2135 1602 2187 est.

236 2225 330 2294 operis
347 2223 559 2288 defloratoremr
585 2223 663 2291 cujus
686 2219 806 2276 oiilcinrn
829 2226 873 2276 est
895 2217 1014 2290 syllabas
1032 2223 1060 2274 et
1133 2220 1235 2288 Quarta
1261 2233 1325 2290 pars
1347 2218 1553 2276 ileditationuur
1576 2215 1769 2288 complectitur
1786 2219 1858 2284 captu
1871 2209 1898 2264 35

235 2313 317 2370 verba
341 2312 457 2369 aliorum
480 2310 514 2366 ad
540 2322 682 2367 numerum
705 2305 818 2364 reterre.
845 2306 946 2364 Eadem
966 2307 1061 2364 obser·
1101 2322 1163 2366 cunr
1178 2308 1287 2366 duobus
1302 2307 1552 2378 subsequentibusr
1576 2306 1679 2377 quibus
1701 2303 1898 2376 respondentur-
1982 2295 1983 2330 l

235 2401 307 2458 vatio
323 2395 903 2463 etiamaliisorationibnsadblbeudaest
919 2395 1061 2465 inquibus
1102 2397 1180 2454 ticuli
1203 2397 1351 2465 secundus,
1377 2397 1485 2464 tertius,
1510 2401 1623 2466 quartus
1649 2401 1677 2454 ει
1700 2395 1807 2466 quintus
1828 2389 1899 2448 tertia
1983 2401 1984 2408 ¹

236 2490 319 2550 simili
333 2489 416 2546 modo
431 2488 535 2546 eaedem
549 2486 694 2543 sententiar
704 2484 738 2540 ad
749 2498 870 2552 sensum,
882 2499 943 2554 quae
953 2484 981 2540 iu
992 2484 1060 2542 duo-
1101 2487 1188 2560 partis
1214 2486 1301 2544 libelli
1325 2487 1426 2558 prioris
1447 2485 1521 2556 apud
1543 2488 1699 2552 loannem.
1724 2481 1837 2552 exceptis
1858 2477 1899 2536 ine
1983 2543 1984 2552 ἵ

236 2579 288 2636 bns
308 2577 409 2635 libellis
432 2582 551 2644 ειειιιι,
575 2587 630 2632 uon
654 2588 764 2644 semper
786 2573 820 2630 ad
834 2573 918 2630 verba
935 2572 1059 2632 surdiose
1101 2575 1209 2632 articuli
1222 2575 1313 2646 quarti
1326 2575 1361 2631 ab
1376 2575 1420 2632 bis
1433 2575 1534 2641 verbis,
1558 2573 1680 2632 ιιοειειει
1703 2571 1822 2630 senona
1837 2581 1899 2630 utut
1983 2561 1984 2628 l

237 2673 410 2738 repetuntur.
1101 2671 1129 2722 et
1152 2665 1232 2722 initio
1250 2665 1402 2736 sequentis,
1418 2678 1480 2735 quae
1494 2662 1703 2722 lleditatiouum
1719 2656 1900 2718 consarcinator
1983 2693 1984 2718 i

272 2757 366 2813 Oratio
387 2755 531 2811 undecima
555 2752 583 2810 ιι
607 2753 704 2809 εοιιεε
717 2751 831 2808 ιοιιιιε
846 2765 897 2821 pro
911 2752 1059 2822 gratiarum
1101 2754 1230 2812 resecuit.

238 2847 347 2904 actione
371 2845 405 2902 de
429 2842 571 2900 benedcils
595 2842 706 2909 divinis,
731 2841 868 2911 incipieus
885 2841 919 2896 ab
938 2840 981 2896 bis
995 2855 1059 2897 ver·
1135 2843 1234 2911 Quinta
1248 2857 1312 2914 pars
1320 2841 1526 2899 lleditationum
1542 2847 1654 2898 constat
1667 2839 1756 2912 capite
1769 2835 1811 2902 38,
1822 2839 1900 2902 estque

237 2936 289 3002 bis,
313 2935 381 3006 Spes
403 2948 471 2999 creo,
497 2931 597 2988 obsiste
619 2932 699 2996 Deus,
723 2937 789 2997 etc..
814 2929 930 2985 babetur
948 2929 1059 3000 quidem
1101 2932 1189 2990 oratio
1204 2938 1298 2990 octava
1313 2933 1342 2988 in
1356 2931 1453 2989 codice
1466 2932 1588 2988 loannis.

235 3024 308 3094 apud
334 3021 513 3086 anselmum,
547 3029 644 3090 estque
676 3019 825 3088 alloquium
859 3017 899 3073 ιι.
924 3021 957 3074 dt
984 3025 1059 3074 certe
1135 3023 1216 3078 Sexta
1231 3036 1294 3092 pars
1309 3022 1434 3080 continet
1447 3019 1687 3091 capistrello
1708 3015 1901 3076 bedintionuu.

232 3111 331 3168 loanni
356 3111 449 3179 potius
472 3107 619 3164 tribuenda
644 3113 687 3162 εει
709 3121 791 3176 quam
810 3107 948 3163 anselmo.
973 3107 1004 3162 lu
1025 3097 1162 3181 eannae
1176 3111 1276 3167 desunt
1289 3110 1362 3180 apud
1372 3112 1515 3177 loannem,
1531 3114 1632 3179 praeter
1642 3121 1740 3166 versus
1753 3118 1805 3164 non
1820 3109 1904 3172 paucos

232 3199 369 3271 siquidem
392 3201 490 3254 auctor
513 3195 627 3267 gratiam
646 3209 661 3250 a
684 3197 741 3250 lieo
765 3195 886 3265 postulat
909 3194 966 3251 ioco
986 3211 1059 3252 com·
1100 3199 1199 3270 capitis
1223 3199 1268 3268 40,
1293 3199 1393 3270 quibus
1421 3198 1580 3256 consimiles
1607 3197 1741 3270 leguntur
1762 3196 1788 3254 lu
1810 3188 1903 3250 roconis

231 3289 323 3356 ιιιεει,
348 3286 376 3342 id
401 3293 444 3342 εει
466 3284 634 3340 ιιοιεειειιε
658 3283 772 3354 regendi
792 3283 861 3348 [narn
885 3283 970 3339 abbas
1000 3290 1059 3340 erat
1100 3289 1226 3346 oratione
1241 3288 1371 3346 secunda,

233 3375 360 3448 quisquis
373 3373 420 3430 ille
435 3373 497 3442 luit,
519 3379 548 3429 ut
563 3386 597 3428 ex
617 3371 752 3428 orationis
768 3372 841 3427 serie
855 3371 962 3442 liquido
977 3371 1058 3429 colli·
1135 3378 1257 3448 lienique
1272 3378 1389 3448 septima
1403 3391 1467 3448 pars
1485 3377 1683 3448 conplectitur
1696 3371 1821 3451 caputii
1838 3365 1906 3426 badi·

232 3464 331 3538 qltur).
355 3466 390 3520 At
411 3477 476 3519 vero
491 3460 635 3518 anselmus
657 3473 741 3516 unum
765 3462 902 3517 Becceuse
919 3465 1058 3518 monaste·
1100 3467 1244 3534 tatiouum,
1265 3476 1362 3538 estque
1386 3467 1481 3524 eadem
1501 3481 1563 3524 cum
1581 3466 1727 3525 ιιειιειιειε
1745 3461 1845 3522 εειιειε
1857 3469 1905 3514 ora·

232 3554 313 3620 rium,
328 3555 448 3610 loannes
463 3550 518 3608 duo
533 3549 734 3606 administravit
745 3548 840 3606 abbas.
857 3549 910 3606 Sed
924 3563 987 3606 cnm
1001 3549 1058 3608 iere
1100 3557 1175 3614 tione
1191 3557 1232 3624 15,
1253 3571 1316 3628 qum
1330 3555 1458 3614 anselmo
1472 3556 1502 3612 iu
1516 3555 1595 3612 libris
1607 3554 1694 3614 editis
1709 3552 1843 3614 tribuitur.
1983 3543 1984 3606 T

233 3642 354 3714 equales
377 3639 480 3698 luerint
502 3642 623 3697 loannes
645 3646 674 3696 et
697 3639 850 3707 anselmus,
870 3638 944 3696 lacili
961 3652 1058 3696 errore
1135 3647 1173 3702 px
1197 3645 1416 3702 pannonioque
1439 3643 1581 3704 manifesto
1606 3643 1757 3703 conficitur
1782 3639 1819 3707 id,
1846 3629 1906 3706 quoi
1983 3687 1984 3708 q

234 3746 296 3802 quae
312 3730 427 3789 alterius
441 3734 530 3798 erant,
546 3742 597 3790 nec
612 3730 734 3786 auctoris
748 3728 1056 3800 praeferebantnomeu,
1098 3733 1232 3790 hactenus
1259 3732 1503 3790 demonstrandum
1529 3733 1653 3801 suscepi,
1678 3730 1786 3791 scilicet
1811 3723 1906 3782 lledita·
1983 3731 1984 3794 l

234 3819 314 3876 ²¹20st
324 3819 443 3890 sulii¹⁰ni
458 3824 582 3889 ιθῑιθιθ·
1098 3821 1203 3879 tionum
1219 3822 1395 3900 collectorem
1410 3835 1445 3878 err
1458 3821 1541 3878 variis
1553 3821 1670 3878 loannis
1685 3816 1825 3891 opusculis
1836 3820 1905 3872 unum
1983 3803 1984 3820 ²

270 3909 301 3962 v.
330 3909 389 3962 lam
417 3921 482 3964 vero
510 3908 534 3962 si
564 3913 618 3962 tarn
647 3907 766 3977 priorem
793 3907 907 3963 loannis
935 3906 1057 3963 libellum
1097 3922 1200 3982 corpus
1223 3909 1430 3967 lleditatiouum
1456 3909 1638 3980 compegisse.
1665 3904 1906 3978 exceptamus

235 4011 315 4068 quam
348 3998 492 4069 remeantia
524 3997 656 4068 opuscula
688 3996 861 4054 conteramus
892 4011 953 4056 cum
985 3998 1057 4055 libro
1098 4001 1186 4057 altero
1201 3999 1340 4071 capitulis,
1355 4013 1388 4056 ac
1403 3999 1715 4069 proindeloaouecsse
1731 3995 1905 4068 posteriorem·

238 4086 443 4143 lleditationnm
467 4085 515 4155 qui
547 4086 599 4141 sub
626 4086 736 4142 nomine
763 4085 1058 4157 Augustinivulgatns
1097 4093 1193 4161 ltaque
1216 4091 1257 4147 sic
1280 4103 1325 4145 res
1351 4089 1518 4160 processisse
1541 4087 1662 4146 videtur.
1686 4089 1807 4144 loannes
1820 4097 1851 4138 ει
1869 4080 1908 4134 ia·

232 4179 285 4243 est,
301 4175 396 4232 eadem
409 4175 436 4231 in
454 4175 578 4244 utrisque
592 4175 627 4232 de
641 4174 726 4232 verbo
745 4174 862 4245 repetita
876 4175 1055 4245 inveniemus,
1098 4180 1196 4246 tribus,
1212 4179 1327 4235 maximo
1341 4193 1375 4236 ex
1388 4177 1540 4248 Augustino
1558 4181 1587 4234 ει
1608 4177 1748 4244 mnino,
1773 4167 1908 4232 εειιειιιιε

231 4266 326 4337 ltaque
352 4277 445 4337 operae
473 4263 591 4335 pretinm
616 4276 658 4320 me
681 4262 815 4320 iacturum
844 4264 955 4334 putavi,
984 4279 1058 4321 enm·
1097 4268 1292 4339 decerpendo,
1316 4267 1426 4324 libellos
1444 4263 1648 4336 precumduos
1669 4265 1795 4335 aliasque
1821 4258 1909 4318 oratio

231 4368 287 4426 que
310 4355 406 4410 barum
427 4353 635 4410 adnotationum
661 4351 779 4408 lructum
809 4352 874 4408 mibi
903 4353 1055 4422 proposui,
1098 4372 1148 4415 nes
1161 4357 1325 4427 composuit.
1340 4357 1406 4413 linc
1425 4363 1455 4412 ut
1474 4355 1510 4411 ad
1525 4367 1633 4412 manum
1650 4355 1778 4420 baberet,
1792 4349 1908 4410 εοιιιιιι

233 4449 265 4502 ιι
288 4452 349 4501 ιιει
367 4449 465 4499 auctor
480 4442 514 4499 ab
530 4441 617 4499 altero
632 4441 692 4498 bare
711 4446 850 4497 mutuatus
864 4442 910 4509 ειι,
923 4441 1054 4512 aperiam.
1065 4416 1169 4503 Dserie
1192 4446 1262 4503 male
1280 4446 1387 4518 digesta
1410 4447 1438 4501 io
1462 4457 1545 4501 uuum
1566 4443 1681 4516 collegit
1700 4442 1801 4514 aliquis
1814 4447 1909 4495 eousar

232 4533 315 4604 Atqui
335 4533 363 4588 in
382 4532 453 4588 librn
473 4531 679 4588 bieditationnm
694 4531 892 4602 augustiniano
914 4529 1055 4587 manuesta
1096 4537 1214 4592 cinator.
1239 4535 1303 4602 Quae
1327 4533 1466 4600 collectio,
1482 4533 1547 4602 qnia
1560 4534 1709 4604 Augustini
1733 4531 1840 4603 qemun
1856 4535 1909 4580 seir

232 4629 367 4693 apparent
395 4621 520 4693 plagiarii
546 4627 574 4676 ει
603 4619 835 4676 consarcinatoris
862 4619 975 4677 indicia.
1004 4620 1055 4677 tvt-
1096 4626 1252 4696 tenrlasqoe
1275 4623 1421 4689 referebat,
1441 4623 1593 4694 Augustino
1616 4637 1633 4678 a
1658 4623 1782 4694 posteris
1804 4615 1909 4683 ascripta

231 4712 330 4769 mirum
344 4710 390 4767 bic
406 4709 476 4766 liber
490 4709 616 4781 pluribus
630 4713 739 4765 constat
764 4707 887 4778 partibus
908 4709 978 4765 male
1003 4722 1053 4766 cn·
1095 4721 1147 4772 ast.
1167 4715 1235 4782 Quia
1257 4713 1286 4769 in
1309 4727 1339 4769 re
1366 4712 1460 4768 ιεεειο
1486 4725 1542 4784 quo
1559 4709 1615 4768 lato
1636 4711 1667 4768 id
1688 4709 1790 4769 loanni
1809 4703 1908 4766 accidit,

230 4801 401 4857 haerentibus
418 4807 447 4856 et
468 4799 603 4868 consutis,
627 4812 690 4869 quae
712 4795 824 4866 quidem
842 4797 958 4869 singuiae
982 4811 1054 4867 pre·
1095 4803 1170 4874 qnod
1184 4817 1219 4859 ne
1233 4801 1373 4858 accideret
1385 4799 1509 4858 studiose
1529 4806 1699 4870 precaveret
1713 4801 1743 4856 iu
1758 4793 1909 4856 Ριειιιιιιιε

231 4887 314 4948 clarae
328 4895 393 4947 suut
412 4891 491 4961 ivrxta
511 4903 543 4946 ac
565 4887 630 4960 plae,
652 4893 680 4943 at
701 4885 782 4943 simul
804 4885 940 4958 colligatae
954 4899 1055 4958 corpus
1095 4892 1158 4949 libri
1174 4891 1284 4963 prioris,
1300 4893 1432 4961 agnetem
1445 4892 1593 4961 buquatam
1607 4885 1826 4956 oblectamenti
1839 4882 1909 4944 darei

231 4978 302 5035 male
323 4983 481 5035 contextum
505 4981 732 5048 compactumque
757 4974 889 5032 eliciunt.
918 4977 984 5032 llam
1008 4974 1054 5031 di·
1095 4994 1206 5052 opernm
1222 4993 1256 5037 no
1271 4981 1334 5050 quis
1356 4977 1530 5037 librariorum
1545 4976 1648 5048 scripta
1662 4991 1718 5034 sua
1728 4975 1846 5040 vitiaret,
1860 4968 1909 5028 sive

229 5083 307 5126 versa
331 5068 495 5125 inconcinne
514 5067 542 5124 in
567 5079 650 5124 unum
674 5069 870 5137 congemnlur,
896 5079 958 5136 quas
981 5065 1053 5137 apud
1094 5070 1199 5142 aliquid
1214 5067 1357 5133 addendo,
1372 5081 1420 5124 εει
1442 5066 1716 5135 ειιιιιειιειιο,ειι
1729 5058 1908 5128 ιιειιιιειιιι

230 5155 366 5215 loannem
376 5157 429 5214 rite
441 5158 573 5228 inpartes
586 5155 733 5214 distributa
748 5159 820 5212 suut.
839 5156 943 5212 Deinde
957 5155 1053 5212 inlle·
1095 5175 1157 5232 qnae
1179 5157 1358 5215 nibilominus
1379 5156 1472 5216 omnia
1495 5169 1594 5226 passus
1614 5159 1657 5214 eat
1675 5169 1694 5212 a
1712 5151 1910 5214 lieditatlnuurr

230 5247 410 5305 ditationibus
433 5246 565 5304 nonnulla
585 5246 808 5302 intermiscentur
822 5245 891 5302 citra
905 5245 1052 5314 delectum,
1095 5247 1284 5319 compilatore.

231 5349 292 5392 cum
315 5336 507 5408 superioribus
528 5349 561 5393 ac
580 5335 812 5406 subsequentibus
826 5334 896 5391 male
913 5335 1054 5392 cobseren-
1130 5342 1165 5395 Αι
1186 5337 1250 5408 quis
1269 5335 1380 5394 taudem
1403 5335 1450 5392 ille
1471 5333 1658 5408 compilator?
1674 5331 1759 5392 certe
1774 5323 1911 5392 noniacile

231 5426 280 5494 tin,
295 5439 357 5497 qna
377 5427 476 5483 loanni
490 5425 600 5498 desunt.
616 5426 657 5482 ld
680 5425 741 5482 baec
755 5437 817 5496 qua
832 5424 963 5483 contiuua
981 5425 1054 5482 serie
1095 5433 1137 5486 εει
1159 5425 1284 5483 delinire.
1313 5425 1512 5482 lovanensium
1535 5437 1649 5483 censura
1673 5423 1737 5481 lraec
1763 5428 1838 5480 εει.·
1864 5419 1912 5473 le

232 5514 305 5587 apud
319 5517 449 5572 loannem
466 5516 604 5589 leguntur,
615 5515 713 5573 medlls
727 5515 842 5572 resectis
855 5515 967 5572 obtorto
981 5514 1054 5574 collo
1095 5523 1152 5576 ctor
1165 5521 1213 5586 ert,
1228 5515 1269 5573 rel
1290 5514 1677 5586 ianuamianuaim
1691 5513 1750 5584 eiua
1770 5511 1850 5568 libror
1866 5517 1912 5564 att

231 5604 377 5677 coniungit
399 5607 616 5664 consarcinator.
638 5606 762 5678 lienique
785 5604 951 5676 exemplaria
973 5605 1056 5665 lledi·
1094 5604 1260 5676 ιειιιιειειει
1283 5603 1354 5676 urit.
1383 5602 1465 5676 atqu
1485 5604 1542 5676 lam
1568 5601 1702 5676 superius
1725 5591 1913 5660 demonstrari.
