4034 6152
111 325 158 384 ott
621 315 778 378 lllslolltt
795 315 1071 377 dublobllililiSls.
1087 345 1125 372 r·-
1143 319 1207 377 LIB.
1227 318 1274 377 111.
1739 316 1793 384 042

110 452 181 520 ligno
204 447 278 516 ritae,
300 451 329 504 et
350 450 445 518 portas
468 445 588 502 civitatis
610 445 714 502 intrent
737 445 832 517 (apoc.
858 445 1093 510 maneamus.
1117 445 1187 512 Quin
1212 445 1294 501 etlam
1317 441 1384 515 qaid
1413 447 1525 502 sanctus
1555 457 1625 517 papa
1648 435 1796 522 Gregorius

115 538 204 609 13).o
234 539 303 594 Sunt
326 537 399 592 enim
426 534 560 603 maculae,
585 549 647 606 quae
672 534 731 590 sola
755 532 930 591 confessione
971 535 1100 592 Teostitae
1130 535 1293 605 patriarche
1307 533 1339 568 '¹'
1367 533 1396 590 in
1421 531 1551 592 canobiis
1583 533 1676 608 dicat,
1703 535 1796 597 audite

111 628 255 696 lavantur,
284 640 366 698 qaam
400 625 564 682 lavationem
598 624 757 695 supradicta
793 624 930 680 sententia
972 628 1024 695 (ep.
1040 637 1078 692 xr,
1104 622 1147 694 45)
1174 642 1181 679 :
1208 643 1222 677 a
1247 625 1316 680 sunt
1338 623 1449 695 quidam
1473 623 1521 696 qui
1544 623 1641 682 dicunt
1655 623 1798 700 religionis

112 717 246 774 lobannis
267 717 413 787 significat.
437 716 507 784 Qtrin
530 716 611 772 etiam
635 716 752 772 llomlno
783 717 932 770 attestante
972 727 1054 770 causa
1078 713 1206 786 conjugia
1229 711 1332 771 debere
1350 713 1430 772 solri.
1455 715 1555 772 Verum
1578 713 1720 775 sciendum
1743 719 1796 788 est,

112 805 174 863 andi
197 819 260 876 quae
284 806 466 876 coinquinant
489 804 640 861 bominem.
655 805 728 860 lit:
756 802 932 860 «lionenirn
973 802 1037 873 quia
1069 807 1097 860 et
1128 803 1152 859 si
1185 802 1239 860 boc
1272 802 1317 860 lex
1348 801 1440 860 dlvlna
1473 803 1629 875 problbrtlt,
1664 801 1709 864 lctr
1743 805 1799 864 ltu·

112 909 171 966 qum
199 895 359 951 intrantia
387 895 527 952 bominem
555 894 755 964 coinquinant,
789 892 838 948 sed
871 903 932 962 qna
973 903 1052 948 mana
1086 893 1223 950 concessit
1246 889 1288 950 ⁸²⁸.
1321 891 1375 950 Per
1399 905 1429 950 se
1457 890 1529 950 enlm
1558 891 1664 952 veritas
1696 892 1796 954 dicite

112 986 212 1040 exeunt
226 982 261 1038 dc
277 983 389 1039 bomine
405 981 521 1052 ¹(illailla.
535 997 580 1050 xv,
603 980 654 1052 ll).
676 1001 691 1032 ι
707 980 859 1048 adulteria,
880 980 933 1036 bo·
973 981 1052 1049 Quod
1082 983 1154 1038 Deus
1181 981 1344 1053 conjunxit,
1377 981 1460 1040 bomo
1490 993 1545 1041 non
1573 989 1694 1056 separet.
1728 981 1799 1055 Quin

110 1073 231 1140 micidia,
253 1073 374 1142 perjuria
396 1077 462 1128 sunt
484 1085 546 1142 qnae
570 1071 752 1141 coinquinant
773 1069 932 1135 bomincm;
974 1070 1056 1126 etlanr
1070 1069 1127 1126 alt:
1147 1071 1213 1127 vtro
1236 1081 1292 1128 non
1311 1070 1378 1128 licet
1392 1069 1532 1130 dimittere
1545 1084 1670 1143 uxorem,
1687 1079 1801 1147 excepta

109 1163 164 1218 seis
187 1161 272 1229 cuim,
297 1167 326 1218 et
349 1161 426 1230 satis,
452 1161 522 1216 ordo
546 1159 683 1216 clericalis
700 1161 730 1216 in
749 1159 817 1230 quid
831 1171 935 1230 pronus
974 1157 1166 1217 iomicationls
1190 1171 1281 1217 causa.
1307 1159 1373 1228 Quis
1396 1173 1462 1232 ergo
1485 1159 1550 1219 haic
1569 1161 1675 1221 coelcstl
1694 1161 1803 1237 legisla-

109 1252 146 1306 sit
169 1251 205 1306 ael
234 1250 405 1320 peccandum
438 1255 554 1321 propter
582 1245 823 1307 incontinentiam.
857 1247 935 1304 Unde
976 1249 1030 1306 tori
1054 1245 1248 1311 contradicat?
1271 1245 1378 1306 Scimus
1402 1251 1474 1307 eninr
1499 1251 1564 1323 qula
1587 1253 1801 1325 scriptumest:

109 1345 224 1398 sanctus
246 1341 395 1411 Gregorius
412 1339 440 1395 tn
464 1339 614 1396 llorclibus
632 1337 756 1410 Apostoli
771 1337 936 1395 sententiam
976 1339 1064 1395 lirunt
1087 1337 1143 1398 duo
1166 1339 1195 1396 ln
1222 1350 1304 1396 carne
1327 1351 1391 1396 nna.
1415 1337 1443 1396 st
1462 1335 1602 1413 igiturvir
1620 1343 1648 1399 et
1666 1355 1736 1401 uxor
1750 1354 1804 1400 ana

109 1429 230 1486 alflrmat
239 1429 338 1487 dicens
351 1430 445 1499 (xxxn,
455 1428 520 1499 dili:
535 1449 548 1479 ι
564 1429 600 1484 nt
611 1429 712 1485 Paulus
726 1441 788 1484 cnm
802 1426 936 1498 quosdam
977 1439 1042 1484 earo
1066 1433 1140 1495 sunt,
1165 1429 1193 1484 et
1215 1426 1359 1500 religionis
1381 1441 1463 1486 caum
1487 1429 1530 1486 rir
1551 1427 1672 1488 dimittat
1690 1443 1804 1490 uxorem

109 1521 137 1576 in
152 1521 273 1577 erotesis
287 1521 493 1577 incontinentes
506 1519 654 1590 aspiceret,
666 1517 804 1576 concessit
813 1515 936 1584 minima,
977 1517 1020 1574 rel
1046 1515 1147 1574 muller
1172 1517 1260 1574 virum
1290 1517 1318 1574 ln
1342 1515 1396 1575 hoc
1420 1511 1523 1576 mundo
1552 1525 1737 1578 remanentem
1761 1515 1804 1580 rel

108 1615 139 1666 nt
152 1611 260 1680 majora
274 1609 410 1666 devitaret
424 1607 466 1678 Ν,
487 1607 601 1665 dicens:
619 1609 764 1678 «Propter
777 1605 939 1662 fornicatio·
979 1604 1095 1664 iortasse
1119 1607 1153 1667 ad
1177 1605 1275 1665 llllclta
1298 1607 1471 1680 migrantem,
1488 1621 1550 1682 qnae
1569 1613 1611 1667 cst
1625 1611 1676 1668 ista
1691 1623 1806 1669 conter-

107 1698 153 1754 nis
166 1713 279 1755 cauam
293 1699 482 1770 unnsqmsque
494 1711 571 1754 suam
585 1711 699 1754 uxorem
714 1695 815 1752 babeat
836 1695 862 1766 (l
877 1696 938 1752 Gor.
979 1692 1060 1762 satio,
1076 1697 1104 1752 in
1119 1709 1173 1768 qna
1187 1709 1242 1753 nna
1256 1695 1407 1770 eademque
1431 1709 1495 1757 earo
1515 1711 1549 1756 ex
1568 1703 1645 1770 parte
1664 1702 1763 1758 transit
1777 1699 1806 1758 ln

107 1803 157 1857 mr,
177 1787 219 1856 2).
237 1807 251 1841 a
275 1790 342 1845 ltem
361 1790 390 1845 in
408 1788 536 1859 liegistro
551 1786 673 1843 secundo
693 1784 789 1842 dicens
807 1783 841 1840 ad
860 1781 1186 1854 Sabi-Beontlnentiam,
1202 1799 1236 1844 ex
1252 1793 1329 1857 parte
1344 1793 1467 1845 remanet
1480 1787 1509 1844 ln
1524 1784 1701 1859 pollutione?
1719 1809 1734 1842 a
1826 1811 1827 1816 κ
1876 1809 1879 1814 ·

108 1891 176 1935 num
192 1879 365 1948 episcopum,
382 1879 456 1934 inter
469 1877 571 1933 multos
582 1875 729 1933 verborum
745 1874 845 1941 nodos,
861 1887 940 1944 que·
1015 1871 1060 1930 27.
1077 1873 1130 1945 (26)
1145 1873 1211 1931 cnm
1231 1873 1263 1906 ‘¹⁰
1285 1879 1376 1932 autern
1397 1876 1541 1934 orantibus
1559 1871 1645 1948 partis
1663 1875 1808 1950 nidosque

105 1969 171 2024 darn
198 1967 231 2000 ⁸¹¹
267 1967 409 2039 sacrilegis
444 1967 574 2023 universo
606 1965 682 2022 clero
713 1963 838 2021 scribens
871 1961 940 2018 dixit
979 1959 1809 2038 landitermlnuslmponebatur,ecceqnaslexlrabelLan-

106 2056 195 2128 (127).
224 2073 239 2109 a
263 2056 368 2114 Praeter
391 2056 438 2113 illa
461 2069 525 2127 qne
545 2053 673 2126 superins
693 2052 761 2121 dixi,
782 2065 856 2109 curae
883 2055 939 2108 tua
980 2051 1072 2110 dullus
1096 2057 1230 2127 majorum
1254 2067 1358 2112 corona
1381 2053 1518 2112 luriallter
1535 2067 1716 2130 consurgens,
1731 2057 1808 2115 cultu

105 2146 145 2201 sit
171 2146 286 2203 cosdem
309 2145 408 2204 iratres
431 2152 543 2203 nostros
569 2143 716 2216 episcopos
739 2142 881 2210 adortari,
910 2145 941 2196 nt
982 2142 1085 2213 pallido
1100 2157 1132 2200 ac
1147 2142 1239 2213 lingua
1254 2143 1394 2210 stridenti,
1410 2143 1660 2216 clertctcutusdam
1676 2147 1805 2218 obiurga·

103 2233 231 2306 subiecti
246 2237 274 2293 ln
289 2235 518 2292 sacrisddellcet
532 2235 678 2291 ordinibus
692 2231 847 2300 constituti,
863 2228 939 2300 qnod
981 2229 1105 2288 tionibus
1120 2237 1292 2301 commotus,
1315 2245 1377 2288 cunr
1401 2245 1457 2303 quo
1480 2237 1610 2306 tanquam
1625 2229 1809 2292 canlsdcnta·

104 2324 164 2395 ipsi
181 2330 293 2382 serrant
307 2327 341 2381 ad
356 2324 563 2382 similitudinem
582 2322 672 2380 modis
690 2321 818 2378 omnibus
832 2331 941 2376 serrare
981 2317 1047 2376 liter
1069 2319 1174 2376 rixatus
1193 2319 1292 2388 iuerat,
1308 2321 1461 2378 orationem
1476 2319 1591 2378 tundere
1607 2323 1732 2394 cupiens,
1748 2335 1807 2381 onr-

104 2419 319 2470 commoneant.
344 2415 403 2470 lloc
422 2418 513 2468 tamem
528 2411 611 2468 modo
626 2411 745 2482 adjecto,
760 2415 792 2465 nt
804 2407 855 2475 hil,
871 2408 942 2463 sicut
982 2407 1064 2464 nibus
1079 2409 1164 2465 nimia
1186 2409 1247 2479 elus
1269 2409 1455 2466 commotione
1470 2407 1642 2476 vetantibus,
1667 2405 1806 2482 prosiluit.

103 2503 250 2558 canonica
273 2502 396 2558 decrerit
418 2501 587 2568 auctoritas,
613 2513 714 2557 uxores
738 2511 807 2570 quas
827 2495 940 2565 babent,
981 2496 1077 2568 ltaque
1101 2497 1291 2571 indignatione
1315 2499 1399 2556 nlmla
1422 2510 1454 2556 ac
1473 2495 1635 2573 iramagna,
1652 2501 1730 2572 quasi
1745 2513 1808 2558 ursa

100 2590 399 2660 irreprehensibiliter
412 2595 518 2661 regant.
535 2609 550 2642 o
569 2589 662 2646 ilicis:
683 2605 698 2640 a
721 2589 789 2644 cum
809 2585 942 2642 uxoribus
982 2588 1069 2658 raptis
1083 2587 1182 2644 catulis
1196 2594 1369 2659 commotus,
1394 2589 1514 2646 clamans
1528 2604 1557 2646 sc
1572 2589 1736 2648 clericorum
1751 2589 1809 2647 cul·

100 2683 168 2737 irco
189 2679 294 2737 servire
318 2691 374 2737 non
398 2680 560 2750 potestiss
586 2681 685 2736 Verum
700 2683 753 2745 cst,
768 2676 792 2732 si
807 2675 870 2747 plus
883 2675 940 2733 lieo
982 2676 1050 2734 tello
1074 2675 1144 2734 rcllc
1167 2675 1288 2735 interimi
1312 2675 1393 2750 (128),
1418 2675 1554 2736 furialiter
1567 2694 1603 2736 ex
1615 2673 1765 2738 secretario
1780 2677 1809 2736 in

100 2769 186 2825 illam
218 2781 383 2825 amaremus.
411 2767 491 2825 llnde
518 2769 578 2839 ipsa
606 2769 737 2824 Veritasc
760 2785 775 2819 a
798 2766 849 2834 Qui
868 2771 941 2822 amat
983 2766 1120 2823 theatrum
1145 2765 1312 2838 prosiliens,
1337 2765 1465 2825 omnibus
1488 2767 1648 2827 convocatis
1675 2767 1810 2840 plebeicis

103 2865 220 2930 patrem
235 2863 282 2914 aut
296 2862 409 2914 matrem
425 2863 472 2914 aut
485 2856 585 2913 iratres
595 2863 643 2913 ant
658 2869 768 2924 uxores,
779 2867 835 2912 non
847 2858 941 2911 estune
982 2857 1136 2913 orationem
1150 2855 1318 2913 incitativam
1338 2853 1503 2928 permultum
1518 2873 1603 2929 super
1617 2854 1730 2915 ordines
1744 2855 1809 2914 nni·

101 2950 215 3020 dignus
229 2947 335 3020 (dictita
351 2961 379 3015 x,
395 2946 461 3017 37);
481 2965 495 2999 s
516 2945 592 3018 qnod
607 2947 680 3003 enim
694 2945 783 3001 sancti
796 2946 893 3000 Patres
906 2943 941 3000 de
981 2957 1085 3014 versos,
1116 2949 1222 3002 astante
1246 2950 1337 3004 tamen
1365 2945 1573 3016 lleclembaldo,
1603 2943 1811 3005 lacrimabiliter

102 3037 374 3109 episcopaturum,
394 3040 424 3092 tn
447 3036 604 3093 inordinate
618 3037 773 3106 intorques.
792 3035 853 3090 lion
869 3033 941 3089 enlm
982 3033 1080 3091 edidit.
1104 3035 1162 3104 Quo
1188 3033 1293 3104 audito,
1314 3035 1507 3094 llerlembaldo
1530 3031 1677 3094 adortante
1696 3041 1724 3092 et
1742 3040 1811 3092 tarn·

101 3141 221 3194 sumus,
232 3126 308 3197 qnod
319 3126 471 3194 debemus;
487 3125 620 3181 sedenim
631 3123 700 3181 tales
710 3124 843 3181 nosllens
856 3125 937 3188 amat,
949 3113 971 3176 C
983 3138 1063 3195 quarn
1078 3137 1127 3181 rex
1141 3123 1304 3196 imperante,
1321 3125 1348 3181 in
1364 3125 1490 3182 manibus
1508 3123 1604 3197 populi
1623 3137 1707 3196 super
1721 3139 1811 3182 sacer·

101 3217 208 3288 quales
221 3215 307 3272 iuturl
321 3229 426 3283 sumus,
443 3227 497 3271 non
513 3213 608 3286 quales
620 3225 724 3282 snmus,
736 3212 808 3269 dont
819 3213 941 3282 lpseau-
980 3212 1060 3270 dotes
1075 3211 1150 3271 illico
1165 3211 1196 3270 tit
1210 3227 1371 3272 concursus.
1395 3214 1474 3284 Quod
1496 3215 1519 3272 si
1539 3211 1615 3286 ipsos
1637 3211 1667 3272 in
1687 3218 1806 3271 secreta-

100 3306 240 3379 gnstlnus
261 3305 290 3361 in
315 3303 386 3361 llbrb
410 3303 444 3360 de
466 3303 600 3360 Trinitate
620 3303 706 3359 dicit:
725 3300 852 3370 «Quales
867 3300 940 3357 enirn
980 3303 1022 3359 rio
1046 3309 1093 3360 aut
1106 3301 1139 3336 ⁶⁸⁰
1157 3301 1186 3360 in
1210 3303 1337 3372 ecclesia,
1361 3305 1390 3361 in
1413 3305 1514 3375 quibus
1538 3303 1640 3361 nullam
1659 3299 1807 3360 exibebant

100 3399 180 3452 amat
206 3397 292 3462 Dens,
312 3393 341 3450 in
361 3397 494 3450 aternum
518 3395 672 3449 conservat.
690 3409 705 3444 o
730 3391 798 3447 ltem
817 3391 877 3462 lpse
889 3391 941 3445 du·
981 3394 1173 3462 reverentiam,
1188 3393 1399 3464 comperissent,
1414 3391 1540 3465 proiecto
1562 3393 1625 3464 ipso
1647 3388 1693 3449 dic
1706 3385 1806 3464 gladiis

99 3485 241 3556 gustims
267 3503 273 3539 :
301 3501 315 3534 a
339 3483 372 3538 lit
386 3483 412 3538 sl
435 3481 557 3538 exterius
580 3479 719 3539 oderenda
742 3493 856 3536 munere
884 3490 940 3534 non
981 3485 1009 3539 ct
1022 3479 1141 3538 fustibus
1155 3481 1298 3538 universos
1312 3481 1342 3514 ⁶⁸¹
1362 3481 1592 3540 interranisscnt.

100 3575 211 3642 babeo,
229 3574 304 3630 intra
318 3573 509 3642 memetipsum
524 3576 615 3627 tamen
630 3569 741 3627 lnrenio
758 3568 832 3640 quod
850 3568 879 3623 ln
894 3580 941 3623 ara
1016 3571 1061 3626 28.
1080 3569 1140 3644 (27)
1162 3571 1210 3627 llei
1224 3567 1256 3602 “¹
1270 3569 1467 3641 omnipotentis
1485 3571 1574 3627 Patris
1588 3575 1616 3628 ct
1630 3565 1693 3628 ritti
1707 3577 1735 3628 et
1749 3565 1808 3644 Spig
1882 3553 1886 3568 '

102 3668 161 3721 tuae
178 3662 277 3720 landis
291 3663 413 3732 impono.
433 3660 500 3730 Quia
516 3659 563 3732 qul
582 3665 676 3717 nostra
692 3658 802 3714 datione
817 3669 873 3714 non
890 3669 941 3726 pa·
981 3657 1052 3717 ritus
1065 3659 1154 3716 sancti
1171 3667 1304 3732 regnante
1323 3659 1478 3728 clementia,
1494 3661 1609 3732 ejusque
1629 3660 1743 3718 dextera
1755 3660 1808 3718 vir

100 3753 208 3822 sceris,
239 3751 382 3812 oblatione
410 3750 503 3808 cordis
529 3750 629 3806 melius
656 3748 782 3819 placaris.
808 3763 823 3800 a
851 3743 942 3801 lilcbll
982 3749 1088 3804 tutibus
1111 3751 1139 3806 ei
1162 3745 1301 3805 miraculis
1324 3747 1420 3806 sedule
1443 3753 1471 3806 et
1489 3750 1707 3808 misericorditer
1727 3762 1807 3807 coru·

100 3843 215 3914 qnippe
242 3841 300 3898 lieo
324 3839 409 3897 didus
430 3838 571 3896 voluntate
594 3834 942 3906 nona.1temaagustinus
982 3841 1076 3894 scante
1099 3851 1183 3910 super
1205 3837 1332 3896 bomines
1353 3835 1575 3906 irrationabiles,
1600 3847 1629 3896 et
1650 3853 1734 3911 super
1757 3835 1806 3896 lloi

99 3939 208 3989 contra
235 3929 374 3987 lulianum
400 3930 427 3985 in
449 3929 522 3984 libro
544 3928 653 3984 tertio:
680 3943 695 3979 «
719 3925 750 3982 ln
773 3938 823 3982 suo
838 3923 941 3995 qnippe
981 3923 1140 3982 sacerdotes
1168 3925 1202 3982 ab
1228 3925 1302 3983 omni
1329 3925 1449 3984 humano
1476 3927 1603 3998 eumilo,
1634 3929 1683 3985 ltei
1716 3933 1807 4002 tanam

99 4033 212 4092 genere
235 4019 388 4076 curandam
415 4021 466 4084 est,
492 4015 567 4088 quod
593 4015 627 4073 ad
651 4013 750 4071 mellus
772 4025 828 4070 non
850 4012 942 4083 potest
982 4009 1069 4071 irctos
1092 4011 1205 4084 auxillo,
1230 4013 1391 4084 destitutos,
1416 4016 1548 4072 miracula
1566 4016 1654 4074 inrisa
1676 4021 1705 4074 et
1731 4019 1809 4075 inau-

99 4111 188 4183 erigi.
219 4127 237 4168 a
263 4108 388 4166 Dixisti:
416 4125 430 4160 a
454 4105 589 4163 sacerdos
613 4106 660 4177 qni
684 4103 792 4162 dnxerlt
816 4113 939 4170 uxorem,
982 4101 1040 4159 dita
1063 4108 1258 4175 apparuerunt.
1285 4103 1406 4172 Quadam
1431 4105 1505 4164 euim
1523 4105 1569 4164 die
1593 4121 1655 4164 cum
1678 4108 1828 4182 sacerdos.

99 4201 314 4272 deponatur.»
338 4199 411 4254 Bene
432 4196 513 4264 dicis,
529 4203 557 4252 et
574 4209 625 4268 ego
650 4194 724 4264 dico,
740 4193 763 4250 si
783 4197 845 4264 post
860 4203 941 4248 acce·
981 4192 1146 4264 liprandus,
1171 4193 1218 4265 qui
1236 4189 1398 4252 'bominibus
1412 4195 1505 4266 placiti
1524 4195 1573 4252 llei
1591 4197 1661 4253 male
1675 4195 1808 4254 nominati

100 4296 185 4360 ptum
203 4287 395 4346 sacerdotium
413 4285 524 4343 duxerit
542 4297 666 4353 uxorem,
682 4283 724 4340 sul
744 4283 850 4341 ordinis
864 4279 942 4353 peri·
982 4279 1153 4353 suspiciosus
1171 4289 1240 4350 erat,
1265 4288 1329 4339 ante
1351 4282 1448 4339 oculos
1471 4284 1652 4352 quorumdam
1672 4298 1809 4356 apparens

102 4383 172 4439 culo
187 4379 347 4449 sublaceat,
367 4375 410 4433 sin
424 4380 514 4432 autern
528 4375 557 4430 in
576 4373 732 4431 sacerdotio
752 4375 834 4431 unius
847 4373 941 4430 uxoris
983 4370 1018 4428 ad
1042 4369 1131 4428 sancti
1147 4367 1253 4428 Nazarii
1275 4369 1419 4428 ecclesiam
1443 4370 1577 4429 orationis
1602 4385 1686 4428 causa
1707 4372 1806 4441 abbat,

101 4473 199 4529 sirum
226 4467 378 4533 inveneris,
403 4465 470 4536 qnid
489 4477 601 4535 separas
623 4462 697 4534 quod
713 4476 767 4519 non
783 4462 869 4519 ltcetr
887 4441 973 4520 CurD
983 4461 1075 4517 serbis
1088 4456 1291 4516 nclandissimis
1304 4459 1474 4531 objurgatus,
1485 4453 1658 4529 fustibusque
1673 4463 1737 4530 post
1745 4471 1808 4515 cum

101 4563 183 4618 enim
201 4555 310 4616 diuidis
333 4559 457 4625 corpus?
478 4553 520 4609 Da
543 4551 609 4608 mibi
628 4551 801 4609 Ambrosium
820 4559 944 4608 sanetum
984 4550 1097 4608 summis
1120 4563 1182 4606 cum
1205 4545 1349 4606 latratibus
1371 4549 1514 4621 projectis,
1528 4549 1558 4604 in
1579 4561 1699 4606 concavo
1713 4547 1808 4605 altaria

101 4653 264 4708 doctorem
281 4651 415 4711 nostrum,
427 4643 475 4714 qul
490 4641 594 4699 dividat
606 4653 720 4698 uxorem
736 4639 843 4698 ordinis
857 4643 944 4699 nostri
985 4641 1074 4698 sancti
1097 4638 1203 4696 Nazarii
1222 4653 1305 4709 supra
1324 4640 1384 4710 ejus
1408 4653 1509 4709 corpus
1528 4637 1611 4694 nimia
1625 4638 1709 4694 animi
1723 4651 1809 4709 angu-

102 4741 216 4809 ariro,
241 4737 330 4794 altero
345 4735 475 4801 nolente;
501 4738 529 4789 et
552 4731 695 4789 credamus
719 4745 882 4802 semperque
901 4737 945 4790 tc·
986 4729 1038 4787 stia
1063 4726 1142 4802 rugit.
1167 4727 1245 4785 Unde
1265 4727 1456 4799 conquiram
1476 4725 1698 4797 mundissimus,
1720 4729 1811 4799 impu·

801 4909 914 4968 VARIAE
932 4909 1126 4968 LECTIONES.

141 5065 178 5100 ⁸⁸⁵
196 5057 463 5130 declinarentaolp.
501 5057 533 5092 ⁸¹⁸
588 5073 611 5116 ae
630 5055 721 5115 delli.
759 5055 857 5114 ”iimo
872 5051 1186 5125 rbeoettstapatrtciae.
1225 5049 1360 5110 ”noct
1377 5051 1496 5110 bumana
1519 5048 1667 5121 concessit,
1684 5045 1703 5110 1.
1724 5043 1810 5113 dta-

102 5151 174 5194 men
222 5133 359 5190 roblbnit.
381 5134 459 5202 drap.
498 5127 530 5162 ”⁹
572 5128 824 5186 'tolosa'aecrilitcm
840 5129 962 5196 Qualiter
981 5125 1104 5184 banduli
1121 5123 1247 5183 oratione
1266 5120 1475 5182 lierlcnabaldus
1494 5123 1521 5182 in
1541 5121 1703 5185 sacerdotes
1718 5125 1808 5184 insol·

101 5216 167 5267 turn
191 5151 292 5264 facere
311 5205 398 5260 voluit
443 5203 474 5233 ⁸⁵⁰
502 5203 598 5264 anit.
645 5200 675 5231 “¹
696 5201 776 5256 deest.
801 5199 846 5255 d*.
892 5198 924 5230 ⁸⁸¹
945 5197 1062 5256 Titulus:
1088 5198 1146 5254 lnc.
1167 5194 1340 5252 sacerdotum
1360 5196 1491 5253 miracula
1509 5197 1596 5270 digito
1614 5197 1664 5254 llei
1691 5205 1808 5269 patrata.

101 5285 154 5338 A*.
176 5278 244 5336 A*·.
266 5275 395 5334 lllracula
408 5275 509 5346 aliqua,
525 5288 587 5345 qnae
604 5273 633 5328 in
649 5272 841 5344 persecutione
854 5271 1030 5328 sacerdotum
1044 5273 1240 5341 apparuerunt.
1261 5269 1292 5324 n.
1308 5267 1351 5324 rat.

916 5427 1024 5484 NOTAE.

145 5529 244 5607 (127)
261 5529 363 5585 bocum
382 5527 456 5584 hunc
469 5524 570 5583 irustra
585 5523 709 5596 questu.

147 5601 232 5677 (128)
253 5599 414 5657 bandulium
432 5597 580 5669 aliquando
596 5611 611 5654 a
626 5597 729 5656 clerico
747 5597 918 5654 vulneratum
937 5611 1015 5667 esse,
1031 5595 1154 5654 andreas
1167 5608 1194 5652 c.
1209 5590 1332 5650 aretem.
