4108 6164
117 347 162 406 335
740 345 903 406 annmns.
923 377 959 389 -
976 347 1032 404 ΑΝ.
1055 345 1133 405 loto.
1729 353 1782 411 366

115 472 267 545 corumptul
281 470 377 528 baben
391 477 529 540 cerneret,
553 469 644 530 adbuc
665 470 823 529 induratum
838 471 1065 534 suumnetnllls
1086 487 1181 531 eorurn
1208 471 1237 529 in
1261 471 1291 530 ld
1318 471 1408 545 lpsnrn
1428 475 1633 545 consentaneis,
1655 467 1712 547 jam
1730 479 1781 538 all·

116 566 149 622 vel
162 561 238 620 mmet
253 567 416 632 attemptare
432 559 588 632 proposuit,
604 565 632 618 et
647 561 791 618 tresviros
805 561 916 634 religio·
957 563 1087 632 quamdiu
1106 568 1300 631 restauratum,
1314 575 1389 619 nunc
1403 563 1454 620 sub
1469 564 1675 624 testamentario
1695 570 1780 640 regiae

115 649 211 722 sossii)
224 649 311 721 ipsius
324 647 421 721 ungue
436 649 541 718 ideles,
562 663 735 724 quorumque
754 651 825 708 duos
839 652 872 708 ad
886 667 917 710 se
957 651 1108 722 malestatis
1132 655 1194 723 jure
1223 659 1251 709 et
1272 653 1424 725 scriptione
1447 652 1578 725 plenariae
1597 653 1734 713 libertatis
1749 657 1780 690 ¹⁸⁸

114 743 222 808 Reman,
245 745 341 810 utpote
357 739 467 796 caeteris
489 738 690 808 familiariores,
711 741 767 811 lam
782 741 866 808 misit,
882 739 916 796 ad
958 737 1128 796 omnifariam
1148 739 1260 798 domino
1278 741 1345 810 beo,
1374 747 1470 799 sancto
1493 743 1586 810 Petro,
1610 749 1706 802 sancto
1725 747 1780 802 bn-

113 845 165 888 eum
182 843 290 901 quoque
308 828 471 886 familiarius
489 829 693 901 adloquendum
706 837 734 886 ct
745 831 823 901 juxta
837 843 919 886 evan·
958 827 1027 884 relio
1042 835 1070 884 et
1096 835 1193 886 sancto
1216 829 1365 887 Benedicto
1381 831 1604 889 contradebatur.
1630 835 1664 890 Et
1686 836 1727 893 sic
1746 851 1780 893 ex

111 919 212 991 galleam
239 917 394 976 doctrinam
413 917 603 975 lucrifiendum
627 918 791 976 festinanter
814 918 919 991 legatos
958 921 1018 973 toto
1033 917 1210 987 proprietatis
1233 918 1342 975 illorum
1359 919 1515 977 absolutum
1541 921 1673 989 dominio,
1697 924 1779 982 solita

111 1007 219 1076 mmisit3
244 1009 348 1080 quique
372 1021 444 1077 enm,
466 1014 496 1064 ut
509 1014 551 1064 est
566 1008 727 1076 amicorum,
744 1009 877 1065 suasoriis
892 1015 920 1062 et
959 1003 1028 1076 legis
1050 1003 1233 1064 biemannlcae
1247 1007 1484 1066 abrenuntiatoria
1506 1010 1699 1070 testificatione
1728 1029 1780 1072 co-

109 1097 213 1154 secretis
225 1097 432 1169 suggestionum
441 1097 638 1166 incitamentis,
652 1109 704 1154 nec
714 1109 771 1154 nou
781 1097 876 1153 amicae
892 1100 920 1152 et
959 1107 1016 1150 rann
1031 1094 1126 1152 multis
1140 1097 1258 1152 testibus
1271 1097 1344 1167 apud
1360 1097 1476 1155 eundem
1492 1099 1593 1170 locum,
1619 1105 1647 1160 et
1670 1104 1698 1160 in
1718 1104 1778 1176 ipse

110 1199 176 1256 pura
194 1185 330 1243 libertatis
358 1186 556 1256 blandiloquiis
584 1185 619 1242 ad
645 1186 755 1259 dignam
783 1185 919 1242 scelerum
960 1185 1047 1240 saneti
1075 1184 1179 1242 burelli
1201 1186 1247 1243 dic
1269 1185 1351 1255 festo,
1371 1186 1540 1245 liberrimum
1561 1200 1701 1262 peractum
1716 1209 1732 1251 a
1750 1211 1780 1254 se

109 1289 209 1332 snorum
234 1275 424 1346 penitentiam
452 1275 610 1347 instigatum
634 1281 809 1345 revocarent,
829 1280 857 1331 et
876 1288 919 1343 ea,
961 1284 1075 1344 prorsus
1116 1273 1325 1344 emancipabant
1352 1273 1425 1347 (85),
1455 1284 1484 1333 et
1508 1277 1536 1334 in
1565 1281 1705 1339 servitium
1734 1285 1783 1343 liei

110 1365 222 1436 quamvis
240 1365 318 1423 dlctu
337 1365 485 1434 borrenda,
501 1365 601 1436 passim
616 1371 708 1423 tamen
723 1365 919 1438 vulgatissima,
961 1363 1052 1420 abbati
1068 1361 1234 1420 Willibelmo
1257 1365 1372 1434 ejusque
1390 1366 1598 1425 successoribus
1620 1371 1649 1426 in
1668 1371 1782 1432 liberam

108 1455 154 1526 ipsi
167 1454 266 1526 partim
281 1455 436 1514 enarrando
451 1459 651 1526 proponerent,
666 1460 695 1513 et
705 1455 745 1512 sic
759 1456 789 1511 in
804 1468 852 1511 ere
867 1453 921 1510 bo·
963 1456 1126 1523 potestatem
1152 1461 1180 1509 et
1203 1466 1306 1519 curam,
1332 1458 1360 1509 et
1387 1451 1518 1510 fratribus
1541 1455 1609 1513 inibi
1624 1459 1675 1516 sub
1690 1461 1785 1534 regula

109 1557 161 1600 rum
185 1544 271 1602 trium
299 1545 410 1603 testium
434 1551 520 1602 staret
538 1557 619 1602 omne
646 1544 770 1602 verbum.
797 1545 850 1601 Per
871 1543 923 1600 bos
962 1542 1114 1598 monastica
1146 1541 1260 1598 victuris
1287 1541 1315 1598 in
1344 1544 1527 1601 necessariam
1555 1550 1784 1609 sustentationem

107 1633 179 1689 etiarn
193 1633 248 1704 ipsi
263 1633 454 1691 indubitanter
467 1633 589 1692 intimari
613 1632 689 1701 fecit,
705 1634 728 1690 si
744 1647 792 1690 eos
806 1633 922 1690 seorsim
963 1629 1139 1700 destinatum,
1164 1627 1231 1686 satis
1251 1629 1384 1702 legittime
1403 1630 1612 1692 conmmabant.
1632 1637 1685 1693 Pro
1705 1642 1784 1710 cuins

107 1721 153 1777 sibi
166 1721 313 1793 loquentes
327 1736 383 1780 uon
397 1723 516 1791 audiret,
539 1721 615 1794 quod
629 1724 689 1793 ejus
707 1723 811 1794 flagitia
826 1721 923 1779 aeccle-
962 1717 1145 1776 institutionis
1159 1717 1307 1775 liberrimae
1327 1718 1457 1788 decretis,
1482 1721 1643 1791 apostolica
1658 1728 1782 1784 auctori·

105 1809 147 1865 sie
166 1811 358 1881 perordinem
375 1812 519 1883 propalata
547 1813 753 1882 innotesceret;
785 1811 809 1867 si
830 1808 1027 1869 autethatis
1050 1807 1194 1880 privilegio
1219 1807 1393 1876 roborandis,
1418 1808 1482 1866 dum
1505 1824 1568 1868 mor
1591 1814 1713 1882 ejusdem
1728 1815 1783 1874 loci

107 1897 251 1957 ecclesiam
267 1913 323 1958 non
349 1900 468 1970 audiret,
485 1901 544 1972 lpse
562 1915 623 1958 eum
642 1901 721 1972 guasi
736 1900 875 1958 ethnicum
895 1907 923 1956 et
963 1898 1048 1955 abbas
1074 1897 1258 1956 Willibelmus
1281 1898 1394 1954 Romam
1415 1900 1580 1968 perveniret,
1601 1907 1629 1959 et
1643 1903 1677 1960 ad
1691 1910 1784 1964 votnm

105 1987 276 2056 publicanum
290 2003 305 2046 a
320 1989 450 2046 membris
465 1990 648 2060 ejusomnino
663 1995 814 2061 separaret.
962 1999 1042 2043 snum
1056 1987 1129 2058 apud
1148 1986 1416 2058 papamGregorium
1431 1987 1459 2044 id
1479 1988 1637 2059 ellieaciter,
1662 2009 1713 2066 pro
1728 2011 1785 2067 que

133 2077 181 2144 Qui
199 2079 354 2136 Goslariam
378 2078 413 2136 ad
431 2093 523 2152 regem
543 2079 616 2136 cirea
631 2079 799 2136 nativitatem
814 2079 922 2137 Domini
964 2076 1078 2142 exterat,
1100 2079 1254 2146 perageret,
1279 2075 1344 2130 dnm
1367 2077 1518 2147 repatriare
1539 2079 1596 2148 jam
1610 2083 1785 2154 moliebatur,

102 2167 302 2236 pervenientes,
321 2169 398 2239 iuxta
413 2169 488 2239 quod
506 2167 633 2239 illisper
651 2169 848 2226 obedientiam
872 2169 923 2224 im·
964 2165 1099 2220 acerrima
1126 2163 1173 2220 illa
1201 2164 1329 2234 passione
1360 2163 1427 2221 ilico
1452 2165 1563 2223 invasus
1591 2168 1786 2242 afficiebatur,

101 2253 216 2322 positum
233 2261 304 2324 erat,
320 2264 406 2314 caute·
419 2257 509 2325 nimis,
538 2264 581 2314 εει
602 2271 657 2314 uon
677 2258 782 2328 absque
805 2257 923 2314 maximo
964 2267 1045 2325 quam
1059 2253 1139 2310 Greci
1164 2253 1298 2320 atentiam,
1316 2253 1345 2309 id
1360 2259 1402 2309 est
1417 2257 1598 2314 cessationem
1613 2261 1784 2329 nutrimenti,

100 2341 156 2400 vite
170 2359 232 2400 suae
260 2345 394 2416 periculo,
420 2353 594 2417 peregerant.
617 2347 692 2414 Quos
709 2346 755 2402 ille
772 2359 827 2402 uon
851 2345 924 2402 bona
964 2343 1071 2411 dicunt,
1091 2357 1153 2414 quae
1173 2341 1284 2413 quidem
1299 2357 1314 2398 a
1329 2341 1511 2400 diminutione
1532 2354 1560 2402 et
1574 2350 1707 2407 tenuitate
1720 2365 1784 2408 car·

99 2432 231 2500 pedenna
247 2433 414 2503 suscipiens,
430 2439 517 2489 totum
537 2434 612 2506 quod
631 2435 685 2505 ipsi
707 2441 817 2492 secreto
835 2435 864 2490 in
878 2448 925 2491 au·
965 2433 1009 2490 nis
1032 2445 1066 2489 ex
1090 2431 1181 2489 causis
1199 2429 1362 2502 quibusdam
1387 2439 1492 2489 naturae
1512 2433 1662 2494 latentibus
1676 2444 1703 2495 et
1719 2454 1788 2510 pau·

99 2535 150 2578 rem
166 2523 280 2580 elocuti
293 2521 411 2589 fuerant,
424 2535 487 2579 mox
499 2524 542 2580 ira
556 2529 584 2579 et
599 2523 788 2596 indignatione
803 2536 858 2579 neu
871 2537 926 2580 me·
965 2521 1041 2577 latim
1068 2515 1356 2578 reconvalescentibus
1382 2521 1492 2578 accidit.
1523 2523 1639 2594 iusuper
1666 2525 1789 2585 febribus

98 2610 184 2667 diocri
200 2625 368 2680 succensus,
389 2611 547 2668 convocatis
565 2611 623 2668 suis
647 2611 814 2668 consiliariis
837 2612 925 2682 palam
967 2609 1094 2680 planetis,
1124 2609 1276 2677 disinteria,
1311 2609 1487 2678 aemorroida,
1516 2611 1544 2668 id
1573 2619 1616 2670 est
1647 2617 1789 2688 sauguinis

98 2698 157 2756 feeit
173 2702 306 2758 enarrari
326 2701 499 2772 querelosus,
525 2715 568 2768 ea,
592 2707 623 2758 nt
646 2701 744 2770 fertur,
761 2702 925 2769 intentione,
966 2697 1064 2765 nuere,
1092 2696 1255 2767 tabefactus,
1284 2712 1336 2754 nec
1357 2711 1412 2755 non
1427 2699 1583 2772 inguinario
1598 2704 1717 2774 quedam
1746 2713 1790 2765 tu-

98 2795 124 2845 nt
142 2805 200 2848 non
213 2791 309 2847 solum
324 2790 422 2860 ipsius,
437 2797 480 2848 set
494 2795 521 2847 et
535 2805 599 2847 suas
613 2792 742 2862 proprias
754 2797 831 2848 tanto
841 2790 928 2862 magis
968 2800 1044 2843 more
1073 2798 1128 2844 uon
1147 2787 1287 2846 minimum
1307 2785 1341 2842 ad
1368 2786 1427 2842 baec
1442 2801 1496 2844 una
1515 2789 1662 2862 distentus,
1678 2795 1790 2852 circiter

99 2877 250 2936 defendere
267 2885 435 2936 conarentur
452 2893 558 2937 causas.
575 2881 607 2936 Et
624 2879 707 2946 mox,
732 2879 807 2950 qued
826 2887 927 2951 praeter
968 2874 1091 2946 quinque
1120 2887 1239 2943 menses,
1268 2875 1302 2930 ab
1330 2874 1399 2945 ipsis
1426 2875 1506 2932 etiam
1540 2879 1654 2938 medicis
1678 2885 1789 2941 omnino

98 2977 196 3026 cetera
213 2969 340 3026 domnus
358 2967 529 3040 apostolicus
554 2969 580 3026 ei
592 2967 750 3039 specialiter
773 2967 926 3036 interdixit,
968 2964 1140 3036 desperatus,
1174 2971 1217 3022 set
1244 2978 1300 3020 non
1333 2963 1409 3020 solus
1440 2979 1563 3038 suorum,
1597 2971 1791 3031 miserabiliter

99 3057 347 3114 excommunicatis
364 3071 397 3112 err
410 3056 503 3114 studio
517 3063 584 3114 tnnc
606 3057 787 3128 pervivaciter
802 3071 926 3114 commu·
968 3055 1153 3112 cruciabatur.
1173 3055 1285 3110 itemum
1309 3067 1385 3121 vero,
1414 3063 1559 3127 postquam
1588 3060 1644 3116 lieo
1663 3064 1790 3134 omnipo·

98 3146 208 3214 nicavlt,
231 3159 293 3203 non
312 3145 458 3203 attendens
481 3145 604 3202 caritatis
619 3153 646 3204 et
661 3145 876 3218 longanimitatis
891 3133 1037 3203 lactenti
1061 3143 1169 3200 medico
1195 3143 1352 3208 miserante,
1371 3147 1481 3212 tempus
1502 3144 1650 3206 miserandi
1667 3151 1789 3222 advenit,

99 3233 148 3290 llus
171 3240 304 3306 paternae
328 3235 512 3303 tolerantiam,
528 3249 582 3306 qua
603 3236 719 3293 salutem
743 3240 771 3292 et
792 3234 927 3292 bonorem
969 3231 1032 3290 oleo
1046 3245 1124 3288 sacre
1149 3245 1164 3288 a
1188 3230 1317 3288 fratribus
1331 3236 1454 3299 unctum,
1471 3237 1499 3289 et
1517 3248 1532 3290 a
1556 3238 1678 3306 peccatis
1693 3240 1792 3298 dimis-

98 3323 182 3394 ipsius
211 3326 242 3381 in
269 3323 378 3396 gremio
404 3328 507 3381 sanctae
530 3324 660 3382 Ecclesia
684 3340 714 3382 se
738 3325 926 3397 amplexurum
968 3335 1039 3388 sum,
1063 3321 1152 3378 oratio
1176 3319 1239 3378 fidel
1260 3320 1374 3378 salvavit
1394 3321 1542 3382 infirmum.
1572 3327 1616 3382 sic
1635 3326 1669 3382 ad
1694 3329 1790 3384 cellam

98 3409 151 3469 fore
167 3427 218 3485 per
229 3415 289 3471 bos
302 3413 377 3470 viros
390 3413 444 3469 sibl
453 3412 612 3471 fidelissime
624 3413 807 3482 demandavit,
818 3415 842 3472 si
855 3413 927 3472 resi·
968 3423 1055 3476 suain,
1069 3423 1133 3466 mox
1147 3410 1384 3480 reconvalescens,
1400 3427 1462 3469 cum
1472 3413 1615 3484 accubitis
1629 3414 1791 3484 apostolicae

99 3504 205 3573 pnerlt;
228 3517 288 3560 nec
308 3507 433 3559 metuens
451 3507 565 3560 econtra
579 3503 733 3560 severitatis
756 3503 831 3560 illins
854 3517 930 3560 com·
968 3498 1142 3556 liberalitatis
1164 3499 1315 3570 privilegiis
1338 3506 1366 3556 et
1388 3499 1630 3557 benedictionibus
1643 3502 1689 3559 vix
1713 3517 1793 3574 repa-

100 3591 279 3650 minatorium
297 3589 428 3663 gladium,
449 3605 530 3663 quem
551 3589 603 3662 ipsi
620 3591 732 3662 pariter,
748 3591 772 3647 si
786 3592 815 3648 in
834 3605 930 3648 errore
970 3588 1063 3644 triavit
1078 3585 1143 3657 (86).

98 3686 231 3739 consuete
257 3681 392 3753 pertinax
414 3687 442 3736 et
460 3679 635 3737 inoboedlens
654 3679 830 3751 perduraret,
856 3680 930 3736 inre·
1006 3675 1148 3732 ιιιειιειιει
1169 3674 1321 3731 leudensis
1343 3676 1478 3749 episcopio
1499 3677 1620 3748 ιιεεειειι,
1645 3680 1687 3736 cai
1705 3681 1791 3737 Han-

97 3765 270 3842 iragabiliter
281 3769 366 3826 nimis
380 3769 573 3826 intentaverat.
969 3765 1041 3822 ricus
1054 3763 1246 3821 viridunensis
1258 3766 1425 3836 praepositus
1436 3768 1569 3824 ειιεεεεειι.

131 3859 235 3918 Eodem
271 3865 401 3930 tempore
430 3857 580 3916 autumnali
613 3857 808 3930 ilirsaugiense
837 3870 931 3915 coeno·
1313 3855 1450 3912 ntxxvt

99 3947 180 4019 bium,
200 3952 238 4008 ab
255 3947 404 4008 Erlefredo
419 3948 538 4020 quodam
553 3947 640 4006 nobili
665 3953 692 4005 et
707 3947 837 4020 religioso
851 3962 930 4006 sena·
1006 3943 1152 4001 Heinricus
1166 3957 1215 4000 rer
1234 3940 1352 4001 natalem
1379 3945 1487 4002 bomini
1507 3946 1638 4007 Goslariae
1656 3951 1722 4023 egit,
1738 3952 1790 4009 Sa·

100 4041 155 4094 tore
175 4041 235 4110 jain
260 4037 344 4106 olim,
370 4044 400 4095 ut
427 4036 524 4105 femur,
550 4037 601 4094 sub
626 4037 742 4108 Pippino
771 4051 835 4110 rege
864 4036 928 4110 (84)
970 4033 1266 4104 renibusquamquam
1288 4033 1329 4090 illi
1353 4048 1408 4091 non
1431 4049 1526 4106 parurn
1550 4037 1665 4096 infensis
1684 4047 1712 4098 ει
1737 4055 1792 4100 non

99 4129 265 4198 regulariter
295 4127 363 4184 satis
394 4127 560 4196 institutum,
588 4131 631 4182 set
659 4131 832 4196 posterorum
856 4125 931 4182 illius
971 4123 1083 4178 omnino
1098 4121 1235 4190 fidelibus,
1256 4128 1351 4193 utpote
1367 4131 1420 4180 tam
1435 4139 1507 4182 saeva
1530 4133 1558 4184 et
1574 4129 1707 4198 injuriosa
1730 4132 1791 4188 ani·

98 4215 238 4277 invasione
270 4231 310 4275 err
337 4215 423 4273 multo
436 4217 491 4287 lam
507 4222 630 4286 tempere
645 4215 816 4272 destructum
836 4219 864 4272 et
888 4214 930 4272 di·
970 4213 1095 4270 inusitate
1110 4213 1197 4283 ipsius
1211 4214 1379 4284 majestative
1392 4217 1560 4286 suppressis.

99 4313 215 4378 raptum,
236 4307 378 4365 acomite
400 4304 560 4375 adalberto,
577 4318 661 4362 uxore
685 4307 745 4375 eius
768 4303 930 4362 wieldruda
1004 4301 1153 4373 Gregorius
1167 4315 1247 4373 papa,
1262 4307 1293 4358 ut
1311 4302 1413 4360 bonum
1430 4310 1567 4372 pastorem
1583 4311 1705 4377 oportet,
1721 4308 1793 4364 ovile

777 4475 888 4532 VARIAE
906 4473 1098 4532 monebas.

132 4577 164 4610 ¹⁸⁸
178 4577 313 4636 libertati
326 4575 354 4632 2.

904 4671 1013 4730 NOTAE.

102 4828 288 4959 timna
307 4823 869 4956 ⁰⁰⁸⁰trlrtbvru
886 4801 1698 4956 tt¹³rurrrrtetrcatttntraraluam

103 4969 160 5030 bae
174 4942 320 5044 episg'an
344 4983 435 5040 regem
451 4983 478 5023 vr
492 4966 522 5023 ld
535 4968 608 5036 ian,
624 4968 721 5025 indict.
749 4967 792 5036 li,
812 4967 885 5039 qued
904 4981 929 5023 a.
1011 4965 1066 5038 (84)
1083 4965 1139 5020 imo
1158 4965 1209 5020 sub
1224 4964 1362 5022 Ludovice
1389 4965 1437 5022 Pio
1461 4965 1526 5038 imp.
1552 4983 1624 5027 anno
1637 4969 1699 5039 830,
1713 4974 1796 5044 jacens

105 5043 171 5098 loto
185 5043 313 5108 indicat,
339 5053 394 5111 quie
416 5039 478 5100 baec
498 5029 563 5095 sunt*
576 5037 730 5096 referenda.
751 5040 812 5096 tiss.
828 5068 863 5080 -
879 5039 931 5096 Sed
972 5038 1006 5094 ab
1034 5034 1170 5093 Ertairldo
1194 5037 1294 5093 comite
1318 5037 1352 5092 de
1376 5037 1465 5093 Calua
1480 5041 1576 5108 primis
1591 5044 1712 5100 coennbii
1726 5043 1794 5102 fun-

103 5112 210 5172 Ῑῑῑῑθηὸ
226 5125 314 5184 Papa
337 5124 410 5168 anno
436 5109 505 5166 1075
518 5110 635 5182 scriptas
653 5110 747 5180 fuisse,
764 5123 798 5167 ex
812 5111 933 5168 unanimi
973 5108 1118 5166 damantis.
1142 5105 1203 5164 vid.
1228 5107 1299 5164 liist.
1327 5108 1418 5179 Nigrae
1436 5109 1516 5168 Silva
1536 5119 1604 5171 ιοιιι.
1629 5117 1652 5182 l,
1678 5130 1706 5187 p.
1727 5115 1792 5173 267,

102 5186 245 5244 lamberti
264 5188 296 5241 el
313 5181 455 5240 Bertbeldl
473 5181 630 5238 narratione
645 5187 763 5250 constat,
779 5184 825 5254 qni
841 5196 933 5254 regem
973 5183 1035 5238 iles.
1165 5248 1194 5263 Η

103 5255 210 5330 legmos
225 5253 366 5313 Goslariae
389 5254 462 5310 cirea
480 5253 648 5309 nativitatem
671 5252 779 5310 bomini
795 5255 933 5325 recepisse
1010 5249 1068 5323 (85)
1091 5247 1213 5306 Traditio
1241 5249 1302 5306 baec
1324 5247 1396 5306 iacta
1419 5256 1462 5309 est
1484 5253 1636 5328 Hirsaugiae
1660 5270 1685 5314 a.
1713 5255 1793 5326 1075,

104 5336 130 5384 et
147 5337 207 5387 tum
227 5326 392 5402 generalem
413 5325 569 5397 principum
594 5331 769 5393 conventum,
785 5327 934 5383 wormatia
974 5322 1072 5381 indict.
1092 5319 1134 5388 13,
1149 5319 1199 5378 fer.
1215 5319 1243 5388 2,
1258 5335 1335 5388 xriu,
1357 5320 1416 5378 Kal.
1436 5325 1517 5392 0ct.;
1543 5326 1714 5386 confirmatio
1730 5344 1796 5389 ,em

104 5401 130 5457 d.
165 5401 205 5456 24
240 5398 370 5454 ianuarii
403 5392 597 5454 celebrandum
639 5395 771 5452 indixisse
801 5398 933 5455 referunt.
976 5394 1098 5452 Heinrici
1125 5392 1168 5456 iv,
1191 5391 1254 5448 ced.
1279 5405 1373 5448 a.vr1.
1398 5393 1514 5452 ld.0ct.
1538 5397 1799 5461 cbartamexhpbgg

104 5471 270 5528 bernoldus
301 5481 393 5596 regem
425 5469 531 5524 litteras
562 5479 640 5608 fapae
660 5465 789 5524 liniendis
815 5468 937 5526 ianuarii
976 5464 1122 5523 Belsoldus
1152 5464 1265 5518 bocum.
1295 5471 1411 5520 monast.
1446 5467 1639 5542 wirtemberg.
1668 5478 1736 5530 tom.
1773 5474 1798 5545 l,

106 5545 261 5615 accepisse
279 5541 335 5596 scri
357 5541 387 5596 it.
402 5541 468 5624 Quae
482 5537 551 5594 alias
575 5550 618 5621 am
640 5537 669 5593 in
691 5541 855 5625 contrariam
871 5555 937 5624 par·
979 5552 1040 5680 pag.
1057 5535 1119 5618 ³¹⁸:
1141 5534 1324 5617 ballomirem
1346 5537 1469 5662 Gregorii
1489 5538 1545 5622 Vll,
1568 5555 1630 5626 pag.
1656 5542 1719 5627 333.
1737 5549 1797 5603 Uss.

104 5624 158 5672 tem
174 5616 329 5684 disputata
351 5618 425 5696 sunt,
437 5608 502 5694 rude
516 5606 676 5675 concidunt,
692 5607 766 5678 qued
785 5625 808 5666 ει
828 5626 876 5668 εει
891 5612 938 5695 ιιι·
1023 5605 1068 5677 86)
1090 5603 1194 5688 Similia
1217 5602 1273 5661 iiie
1288 5604 1371 5664 babet
1386 5609 1396 5663 i
1410 5623 1488 5680 eymo
1511 5623 1539 5666 in
1558 5627 1618 5683 epus
1638 5615 1708 5683 lita,
1725 5630 1753 5675 n,
1770 5617 1798 5687 4,

104 5693 179 5744 teras
195 5687 227 5741 d.
251 5683 272 5738 8
299 5683 417 5742 ianuaru
431 5689 548 5752 scriptas
570 5685 687 5738 exeunte
703 5693 796 5738 mense
810 5683 940 5742 Goslanae
980 5677 1053 5750 apud
1065 5676 1254 5744 stabilisse.
1272 5678 1313 5750 ill,
1330 5693 1358 5749 p.
1374 5693 1405 5748 n,
1417 5695 1443 5751 p.
1459 5680 1523 5738 727.
1541 5683 1601 5742 Uss.
