4024 6174
242 277 296 338 403
728 279 918 338 bnnvnotnl
939 280 1145 338 Pnnsnvtltltl
1163 275 1443 338 constantiensis
1874 273 1926 329 ml

243 418 368 478 regnum,
385 406 484 478 quoin
504 406 626 467 Romana
644 404 751 480 synodo
774 419 836 463 eum
852 407 927 478 iusta
950 403 1191 471 damna-afuerit
1221 405 1303 462 etiarn
1337 401 1416 459 cibus
1433 405 1462 458 ει
1488 399 1662 460 delectabilis
1684 397 1782 458 animm
1801 397 1924 458 refectio.

244 501 302 552 tum
330 495 467 556 sententia
495 493 620 566 privavit,
640 499 669 552 ει
687 493 727 550 sic
746 495 881 566 privatum
909 497 1066 554 anathema-
1105 494 1166 551 illio
1184 491 1298 550 conviva
1317 491 1443 548 cbristus
1456 503 1566 561 semper
1580 490 1607 547 in
1623 489 1792 561 pauperibus
1804 486 1927 546 officiose

244 583 345 651 ιιεεειι,
366 597 422 642 εεε
440 584 475 640 ab
494 597 527 640 eo
547 583 697 653 permissus
715 585 868 642 temeritate
887 589 963 642 tanta
985 586 1065 642 inve·
1107 581 1316 654 procurabatur.
1336 579 1414 636 Fecit
1431 592 1550 650 namque
1577 578 1631 634 sibi
1658 577 1763 634 amieos
1785 577 1821 634 de
1840 579 1926 634 mam}-

245 672 343 740 deret;
360 679 388 730 ει
401 673 516 743 ιεεεεεε
529 672 599 728 viam
614 675 642 728 et
661 671 772 728 ductum
787 672 821 729 ad
846 679 887 730 tot
912 674 1066 731 discordias
1106 683 1187 729 mona
1205 668 1369 741 iniquitatis,
1390 674 1421 725 ut
1440 681 1501 724 cunr
1526 667 1667 734 deiiceret,
1692 667 1721 724 in
1746 672 1849 724 ειειεε
1867 679 1927 723 earn

244 761 372 818 scismata
396 767 424 820 et
447 760 533 818 totins
560 760 637 830 regni
660 759 830 818 facinorosas
848 769 876 818 ει
894 761 1066 820 calamitosas
1105 758 1283 818 tabemaonla
1302 758 1469 828 reciperent.
1485 755 1621 826 Quicquid
1644 755 1718 814 enim
1742 754 1777 814 de
1800 756 1860 812 suis
1879 757 1928 812 ba·

245 849 399 906 simultates
426 848 631 921 componendas
650 852 825 920 contemptor
843 849 890 906 liei
910 855 937 906 ει
955 856 1065 921 εεεειε·
1105 849 1172 906 bere
1200 853 1309 919 poterat
1337 845 1520 918 patrimoniis,
1554 859 1617 915 quae
1649 844 1817 917 amplissima
1843 849 1929 902 unta

246 937 307 994 line
325 937 410 1000 sedis.
430 937 482 1008 ipsi
502 937 628 1009 pertinax
655 938 768 994 omnino
796 937 838 994 vel
866 950 940 995 nunc
969 938 1065 996 saltem
1106 950 1232 1008 persona
1251 935 1462 1005 responderant,
1479 937 1582 1004 praeler
1599 933 1758 992 manifestas
1775 933 1929 992 neeessha·

246 1024 399 1084 concedere
429 1025 606 1084 detrectaret.
625 1023 792 1082 Roudotfum
814 1039 879 1083 vero
902 1026 1066 1086 auctoritate
1105 1030 1159 1093 tes,
1174 1025 1289 1088 cottidie
1303 1025 1332 1081 in
1348 1022 1505 1094 huiusmodi
1524 1021 1647 1079 studiose
1666 1023 1844 1094 disperserat.
1869 1023 1933 1080 Bal·

246 1113 397 1184 apostolica
415 1114 443 1170 in
463 1127 576 1186 regnum
595 1113 775 1184 conirmavit,
795 1119 824 1171 et
841 1114 970 1172 omnibus
987 1115 1065 1185 regni
1105 1127 1219 1171 nearurn
1252 1112 1372 1170 fomenta
1404 1118 1433 1169 et
1465 1111 1618 1182 plumarum
1645 1111 1788 1170 mollitiem
1815 1113 1932 1170 ειιειεε

247 1203 435 1273 optimatibus,
455 1208 486 1258 ut
498 1203 552 1274 ipsi
567 1208 598 1258 ut
612 1207 723 1273 oportet
736 1202 794 1274 regi
813 1201 946 1268 faverent,
963 1202 1065 1260 firmis·
1106 1201 1253 1259 devitabat.
1274 1203 1393 1258 Stratum
1414 1203 1474 1271 ejus
1497 1199 1670 1271 frequentius
1698 1205 1771 1256 terra
1798 1199 1861 1268 luit,
1881 1213 1932 1258 seu

245 1291 314 1348 sime
347 1291 489 1362 praecepit.
524 1291 575 1346 Per
592 1289 779 1348 alemanniam
798 1304 908 1362 qnoque
922 1292 1065 1363 utriusque
1106 1290 1172 1362 quid
1191 1290 1266 1347 aliud
1285 1290 1320 1347 de
1339 1289 1509 1356 durioribus,
1525 1286 1739 1359 psiathioildd),
1750 1289 1855 1359 tapetio
1874 1288 1934 1346 alre

246 1379 333 1451 partis
353 1379 491 1438 bellicose
510 1378 591 1434 nimis
614 1378 643 1435 ln
661 1378 823 1438 alterutrum
850 1378 999 1451 phalanges
1026 1379 1067 1436 di·
1107 1379 1194 1452 paleis
1221 1378 1369 1436 rarissimis
1392 1382 1546 1449 preparata
1565 1375 1621 1446 “⁸;
1650 1383 1758 1436 etcum
1780 1376 1935 1449 paullisper

247 1469 334 1526 versis
353 1469 476 1538 undique
492 1468 622 1536 motibus,
637 1473 680 1524 εει
698 1467 773 1524 circa
796 1468 947 1526 Danubium
970 1467 1067 1539 praeci·
1106 1467 1415 1539 lragtleeorpuscnlum
1435 1464 1648 1524 dormitiuncula
1677 1473 1755 1537 rapta
1783 1466 1933 1536 reliceret,

246 1571 310 1628 pue,
326 1569 394 1626 pace
413 1569 528 1626 prorsus
542 1555 715 1623 conturbata,
731 1555 834 1627 pradis
848 1555 942 1613 itidem
961 1557 1067 1626 rapinis
1106 1555 1172 1614 ilico
1189 1556 1223 1612 ad
1242 1555 1350 1628 vigilias
1368 1555 1564 1625 orationesque
1585 1553 1682 1612 solitas
1705 1553 1787 1610 nimis
1804 1553 1935 1625 inpiger·

245 1650 273 1703 et
291 1644 429 1702 incendiis
441 1642 607 1707 insistendo,
628 1647 656 1700 et
674 1657 719 1701 res
741 1643 855 1712 alienas,
874 1650 918 1702 set
931 1644 1068 1704 ecclesia·
1107 1644 1176 1701 rima
1194 1642 1326 1700 fervebat.
1346 1642 1396 1699 cui
1415 1642 1540 1699 Christus
1558 1641 1587 1698 in
1610 1640 1706 1708 corde,
1729 1639 1850 1712 psalmrrs
1867 1655 1934 1698 ver·

244 1734 328 1791 stlcas
347 1732 498 1804 precipue,
521 1731 574 1788 sibi
598 1731 707 1804 publica
729 1733 871 1791 invasione
895 1729 1226 1806 usurpando,Bhumque
1241 1731 1317 1788 illius
1334 1745 1444 1801 semper
1462 1731 1490 1786 in
1510 1743 1559 1788 ore
1578 1729 1681 1786 sonuit.
1701 1727 1771 1798 Quid
1791 1733 1857 1786 tune
1877 1729 1933 1786 sibi

245 1834 389 1893 proposse
403 1834 453 1878 sno
469 1820 667 1878 debachantur.
1106 1820 1210 1878 laboris
1224 1819 1415 1891 insumpserit,
1430 1819 1491 1890 ipse
1505 1818 1582 1876 solus
1594 1817 1675 1875 testis
1689 1824 1717 1875 ει
1735 1817 1864 1876 εεεεειεε
1879 1825 1934 1886 ast,

279 1909 383 1966 Eodem
395 1916 519 1981 tempore
533 1913 624 1982 ignes
642 1909 802 1980 imperatrix
817 1908 894 1982 (tol)
909 1909 1066 1982 hujusmodi
1106 1922 1168 1965 curn
1183 1920 1238 1981 quo
1257 1912 1312 1966 tam
1326 1907 1422 1964 intime
1437 1905 1470 1940 ¹⁸⁸
1483 1913 1645 1964 conversata
1664 1911 1717 1964 est.
1741 1907 1842 1964 Omnes
1865 1919 1935 1962 suns

243 1998 396 2056 seditiones
412 2001 467 2070 jam
492 1999 539 2055 diu
563 1999 661 2057 sedare
684 2013 858 2070 summopere
884 1999 1065 2068 contendens,
1106 2003 1161 2055 tam
1181 1997 1253 2055 ultra
1271 1997 1382 2055 modurn
1401 1996 1449 2053 diu
1468 2000 1608 2067 noctuque
1630 1995 1781 2054 laborando
1804 1995 1936 2052 convice-

244 2083 319 2145 exttn
347 2086 421 2144 felici
447 2087 480 2141 19
499 2086 558 2144 dal.
581 2089 692 2145 ianuar.
712 2088 785 2145 diem
814 2088 938 2146 ultimum
957 2089 1065 2146 clausit.
1108 2096 1160 2157 rat,
1176 2087 1205 2143 in
1226 2086 1396 2144 vestimentis
1414 2099 1564 2158 pauperum
1585 2083 1711 2142 manibus
1724 2084 1938 2142 snisconanen·

243 2180 308 2246 Quae
323 2176 512 2248 duodeviginti
530 2176 599 2246 (165)
621 2191 654 2232 ex
673 2190 730 2247 quo
749 2190 830 2235 sacro
849 2177 983 2234 velamine
1003 2191 1067 2234 con·
1107 2176 1161 2246 dis,
1181 2176 1304 2246 ipsisque
1319 2173 1487 2246 pauperihus
1505 2174 1667 2240 sordidulis,
1689 2179 1732 2232 εει
1747 2187 1804 2244 praa
1823 2175 1937 2231 caeteris

243 2271 350 2323 saerata
366 2272 408 2322 est
422 2265 512 2331 annis,
526 2265 602 2338 regia
616 2264 705 2338 gloria
724 2271 752 2321 et
770 2247 824 2322 nna
843 2265 907 2323 vitas
922 2253 1067 2324 mundana
1107 2263 1252 2331 scabiosis,
1277 2263 1404 2334 leprosis,
1426 2263 1572 2330 ulcerosis,
1592 2262 1669 2320 sanie
1689 2261 1844 2332 produendi
1863 2263 1938 2320 tabi·

244 2354 416 2425 voluptuosis
434 2353 543 2410 deliciis
562 2367 612 2425 pro
632 2367 719 2426 regno
742 2355 791 2411 Ilei
815 2355 926 2426 spretis,
942 2355 1005 2412 vitae
1024 2369 1067 2412 re·
1106 2352 1160 2414 dis.
1189 2353 1245 2409 sive
1269 2352 1392 2424 qualibet
1419 2353 1549 2424 passione
1577 2351 1692 2420 iendis,
1725 2352 1936 2410 accuratissime

245 2443 351 2516 ligiosa
365 2442 484 2500 stadium
513 2442 639 2500 certatim
667 2457 796 2514 aggressa
823 2448 875 2500 est.
905 2442 1067 2500 Psalmodise
1108 2440 1289 2509 balneandis,
1318 2439 1516 2508 confovendis,
1550 2439 1701 2498 vestiendis
1731 2438 1937 2510 visitandisque

244 2540 273 2589 ει
291 2531 464 2589 orationibus
477 2531 522 2588 die
537 2545 569 2588 ac
584 2531 813 2589 noctelndelessa
827 2546 937 2603 semper
950 2531 1067 2600 iustitit;
1109 2544 1227 2602 operosa
1254 2531 1363 2588 Christo
1397 2530 1601 2598 ministraverit,
1636 2536 1664 2588 et
1695 2529 1825 2587 omnibus
1846 2531 1940 2587 serris

246 2633 357 2680 εεεεεει
374 2634 453 2677 suam
480 2633 541 2677 cum
560 2620 636 2676 vitiis
655 2625 684 2678 et
702 2621 945 2691 concupiscentiis,
972 2627 1068 2692 utpote
1109 2619 1159 2676 liei
1176 2633 1207 2676 se
1225 2625 1283 2676 tota
1308 2619 1464 2676 hnmilitate
1482 2618 1705 2676 humanissimam
1729 2617 1892 2676 exhibuerit
1912 2627 1937 2676 et

247 2721 310 2780 qua
328 2707 429 2766 christi
449 2721 543 2765 revera
562 2708 683 2765 secutrix
697 2706 790 2777 fuerit,
811 2710 957 2781 semetipsa
984 2709 1069 2767 veris·
1109 2707 1254 2765 liberalem
1282 2707 1459 2776 omnimodis,
1488 2707 1590 2765 chorus
1616 2706 1774 2778 hujusmodi
1799 2713 1828 2764 et
1855 2708 1940 2764 turba

246 2797 315 2855 sinte
334 2798 478 2870 abnegata,
505 2796 601 2854 sedula
620 2797 702 2854 nimis
717 2797 862 2857 orucidxit.
892 2799 948 2869 lpsi
966 2799 1069 2870 quippe
1110 2809 1160 2868 per
1178 2803 1267 2854 terras
1285 2796 1461 2868 inidipsum
1477 2795 1684 2866 conclamitans,
1706 2795 1862 2868 praedicare
1882 2809 1939 2854 non

246 2901 309 2947 oum
328 2885 507 2944 desiderabili
525 2885 618 2944 cordis
641 2887 852 2959 compunctione
878 2886 998 2944 lacrimae
1016 2887 1069 2944 sibi
1110 2885 1238 2957 quiescit.
1253 2885 1359 2957 Quippe
1385 2885 1514 2942 omnihus
1536 2885 1702 2956 ubicumque
1722 2899 1772 2956 per
1795 2885 1942 2942 aecclesias

247 2975 379 3034 divinitus
393 2976 465 3033 datae
478 2987 565 3045 panes
583 2974 694 3032 fuerunt
712 2976 772 3033 sine
790 2976 1013 3042 intermissione;
1029 2975 1070 3032 sic
1110 2981 1158 3031 aut
1172 2974 1338 3032 monasteria
1351 2975 1414 3032 vitae
1429 2974 1567 3046 religiosae
1587 2976 1723 3045 personis,
1739 2974 1941 3045 qualitercum-

248 3078 310 3122 cum
329 3063 444 3122 Ezecbia
462 3078 571 3136 semper
594 3063 750 3136 recogitans
778 3079 874 3122 ornnes
901 3079 988 3123 annos
1006 3056 1163 3136 vitaessque
1178 3063 1313 3136 largitatis
1328 3077 1386 3120 sum
1400 3063 1540 3134 inpendiis
1554 3064 1756 3120 communicare
1771 3063 1940 3132 conabatur,

249 3153 367 3210 intanta
381 3152 564 3209 amaritudine
582 3153 681 3210 animae
709 3167 776 3210 suae.
796 3155 902 3222 Quanto
921 3154 994 3212 enim
1013 3168 1069 3212 ma·
1110 3160 1138 3222 et
1152 3153 1193 3210 sic
1207 3151 1332 3223 privatim
1351 3159 1379 3209 et
1397 3153 1581 3210 communiter
1597 3150 1778 3210 fraternitatis
1796 3165 1899 3210 eorum
1914 3159 1942 3210 ει

249 3255 303 3314 gna
317 3240 369 3300 fuit
383 3242 410 3300 in
429 3240 524 3298 saeculi
540 3241 720 3314 magnalibus,
740 3247 816 3300 ianm
831 3257 860 3300 se
875 3243 1028 3301 humiliarit
1041 3243 1069 3299 lu
1111 3241 1266 3300 orationum
1281 3240 1428 3297 memorias
1445 3240 1622 3298 sedulissima
1644 3240 1837 3312 participabat.
1854 3243 1943 3300 llere·

250 3331 388 3388 omnihus.
410 3329 487 3388 Unde
507 3331 628 3402 respexit
646 3328 681 3387 ad
700 3331 830 3390 humilem
849 3338 878 3390 et
890 3333 990 3404 spiritu
1004 3347 1071 3406 pau·
1111 3331 1175 3388 tiois
1191 3334 1283 3386 εειεεε
1302 3335 1331 3386 ει
1348 3329 1493 3401 ypocritis,
1513 3336 1544 3386 ut
1560 3330 1666 3400 absque
1683 3341 1867 3400 personarunt
1893 3346 1941 3389 ac·

251 3420 390 3492 perculam
410 3420 528 3491 Spiritus
552 3426 674 3478 sanctus.
694 3422 787 3494 Regiis
810 3421 964 3494 insignibus
986 3422 1072 3494 depo·
1112 3419 1240 3490 ceptione
1251 3432 1356 3490 magnae
1366 3417 1499 3476 inomnes
1508 3419 1645 3478 libertatis
1654 3422 1684 3477 ει
1695 3418 1941 3488 ιεεεειιεειεεεει,

250 3512 321 3579 sitis,
338 3515 366 3568 et
379 3511 408 3568 in
428 3525 562 3581 pauperes
581 3510 682 3568 Christi
702 3518 731 3568 ει
754 3510 894 3569 aecclesias
912 3511 1073 3582 disperditis
1112 3507 1194 3564 nimis
1207 3520 1315 3578 aspera,
1335 3507 1500 3564 auctoritate
1519 3512 1547 3564 et
1565 3507 1745 3578 coargutione
1759 3508 1943 3580 magisteriali

249 3599 350 3659 vilibus
363 3613 412 3656 usa
431 3607 473 3656 est
491 3599 670 3668 vestimentis,
691 3599 758 3656 illud
775 3600 890 3658 maxime
905 3613 962 3660 uon
974 3601 1004 3658 in
1018 3601 1072 3660 boe
1112 3597 1180 3654 satis
1198 3594 1297 3654 infesta
1316 3596 1474 3664 resistebat,
1498 3602 1527 3652 ει
1545 3595 1661 3654 mammo
1684 3595 1824 3653 nicolaitis
1846 3605 1880 3654 et
1898 3613 1945 3670 ay-

250 3689 433 3755 solummodo,
462 3695 505 3746 sot
531 3689 560 3745 in
574 3687 703 3746 omnihus
726 3690 881 3758 attendens,
901 3695 932 3746 ut
950 3703 985 3746 ne
1004 3689 1072 3760 quid
1112 3683 1258 3742 montanis.
1279 3684 1400 3742 Primum
1429 3697 1546 3754 namque
1575 3697 1637 3740 oum
1664 3697 1680 3740 a
1698 3684 1841 3742 nonnullis
1862 3687 1945 3758 regni

251 3779 333 3838 nimis
350 3779 396 3835 sit.
412 3778 577 3836 cottidianis
591 3776 814 3836 confessionibus
832 3791 889 3837 non
903 3778 992 3836 solum
1006 3792 1073 3849 ope-
1114 3772 1276 3845 primatibus
1303 3771 1405 3830 obnixe
1433 3777 1588 3844 rogaretur,
1609 3772 1646 3830 ⁰1)
1673 3772 1723 3830 filil
1750 3773 1793 3830 8¹11
1821 3776 1945 3844 buerit!

250 3881 322 3934 rum,
356 3879 450 3924 verum
481 3881 593 3937 quoqne
625 3867 823 3939 cogitationum
856 3867 1072 3925 inordinatarum
1113 3863 1215 3921 dehinc
1228 3876 1293 3922 vero
1309 3862 1441 3934 iuvenilia
1465 3868 1555 3920 errata
1574 3863 1730 3922 coercenda
1753 3877 1804 3922 seu
1829 3870 1942 3936 tempo-

250 3968 302 4011 uec
316 3966 373 4011 nou
391 3953 600 4022 insomniorum,
620 3969 681 4012 sese
700 3956 742 4012 sui
758 3955 786 4011 ιε
806 3955 944 4026 εειεειειε
962 3969 1074 4014 accusa·
1114 3952 1210 4020 randa,
1230 3958 1261 4008 ut
1278 3953 1307 4008 in
1326 3951 1504 4009 theutonicis
1518 3951 1643 4022 partibus
1661 3951 1793 4010 monitrix
1816 3951 1899 4010 illius
1918 3961 1947 4010 et

250 4042 304 4098 trix
319 4055 472 4114 expurgare
486 4041 567 4100 solita
582 4047 633 4099 εει.
649 4044 711 4114 lpsa
722 4044 825 4116 quippe
840 4045 985 4117 magistros
999 4045 1074 4102 ohoe-
1114 4040 1267 4098 correctrix
1295 4045 1417 4098 materna
1445 4039 1593 4112 disciplina
1618 4047 1647 4098 ει
1671 4040 1798 4100 libertate
1827 4043 1947 4100 emtam

250 4129 514 4201 dientiarios,quos
538 4133 722 4203 praecaeteris
746 4133 934 4204 religiosiores
957 4139 985 4190 et
1009 4146 1074 4203 pru·
1113 4130 1254 4187 sollertior
1285 4135 1313 4186 et
1344 4128 1505 4188 familiarior
1538 4138 1703 4199 moraretur,
1737 4130 1946 4205 aliquantisper

250 4219 392 4280 dentiores
415 4225 537 4286 nouerat,
558 4233 667 4293 semper
686 4220 844 4278 individuos
862 4236 954 4280 secum
978 4222 1074 4280 soller·
1114 4218 1263 4276 consensit.
1279 4219 1392 4274 hemum
1408 4231 1472 4276 vero
1487 4232 1550 4278 cum
1568 4219 1624 4276 lilio
1648 4233 1699 4278 ano
1722 4221 1838 4291 alaeque
1862 4236 1881 4278 a
1904 4237 1948 4280 se·

251 4309 356 4368 tissima
389 4309 517 4377 babebat,
550 4322 667 4380 quorum
697 4310 848 4367 cottidiana
865 4309 995 4378 lectione,
1016 4311 1075 4367 col·
1114 4309 1198 4366 cretis
1212 4307 1244 4342 ¹⁸⁸
1261 4308 1414 4367 tantotiens
1431 4309 1617 4377 commonitis,
1632 4316 1660 4369 et
1679 4311 1754 4368 omni
1771 4317 1831 4368 arte
1851 4319 1883 4369 et
1902 4313 1947 4370 in-

251 4399 364 4466 latione,
376 4397 521 4469 disciplina
530 4404 557 4455 el
571 4399 743 4456 contuitione
757 4399 869 4456 salutari
880 4383 1197 4471 discretissinngenio
1212 4398 1360 4470 coargutis,
1381 4398 1544 4470 objurgatis,
1564 4399 1718 4456 obsecratis
1737 4405 1879 4471 oportune
1899 4417 1948 4473 pa·

250 4501 280 4544 se
296 4486 418 4558 undique
434 4487 592 4556 praemuniri
607 4488 745 4558 cupiebat.
760 4487 897 4560 Quicquid
908 4488 1024 4546 ἰἐειει
1035 4489 1074 4546 1111
1116 4487 1226 4544 ritaret
1240 4488 1399 4558 inportune,
1419 4493 1447 4543 ει
1471 4499 1523 4544 nec
1545 4487 1687 4546 minimum
1706 4487 1773 4562 quid
1792 4496 1947 4559 propterea

252 4575 346 4633 onerls
363 4587 415 4645 per
433 4574 627 4632 obedientlam
646 4574 834 4646 imponebant,
854 4577 914 4634 slne
928 4591 1005 4635 mora
1018 4579 1074 4636 lieo
1114 4577 1258 4645 correctis,
1270 4575 1353 4633 immo
1365 4575 1457 4647 potius
1467 4574 1605 4633 deteriora
1621 4576 1808 4644 molientibus,
1824 4579 1946 4636 omnino

251 4664 362 4721 subdita
376 4663 544 4722 voluntativa
570 4664 638 4720 satis
665 4665 855 4735 supportabat.
874 4666 982 4735 ieiunia
1000 4665 1075 4724 illius
1114 4665 1326 4723 abhominabilis
1346 4678 1397 4721 uec
1417 4677 1472 4722 non
1500 4664 1582 4722 etiam
1608 4666 1699 4738 gravis
1726 4666 1760 4722 ad
1787 4665 1944 4729 videndum

142 4791 150 4805 ι
252 4751 387 4823 simplicia
398 4757 426 4810 et
440 4765 495 4810 non
506 4751 710 4824 superstitiosa,
721 4753 810 4809 victus
819 4751 960 4810 modestus
970 4759 999 4811 et
1008 4756 1076 4812 satis
1115 4741 1946 4827 derectotinsolentlas,rapinas,invldlas,repugnantiam‚

252 4841 362 4899 sobrius
376 4847 405 4899 et
424 4839 588 4899 mirabiliter
610 4845 777 4913 temperatus
800 4848 869 4910 erat,
890 4847 918 4899 et
939 4843 973 4898 ad
998 4857 1075 4901 men·
1114 4843 1257 4901 vecordias
1276 4850 1303 4901 et
1322 4841 1484 4900 multifarias
1502 4855 1597 4900 eorum
1617 4843 1741 4902 insanias
1758 4841 1948 4916 unumpate

251 4928 338 4988 sulam
354 4931 415 5002 eius
427 4945 537 5002 semper
552 4944 585 4990 ex
600 4930 701 4988 divinis
715 4929 884 4990 renitahatur
897 4929 990 5001 lectio,
1011 4947 1073 5003 qnae
1114 4945 1255 4999 recusans,
1275 4945 1305 4988 se
1324 4933 1437 4990 Romam
1455 4931 1490 4991 ad
1508 4935 1633 4990 metum
1653 4932 1764 4992 listron
1777 4937 1806 4990 et
1820 4937 1865 4990 tot
1878 4947 1949 4990 san·

924 5047 1037 5105 VARIAE
1062 5047 1256 5108 bennonis.

285 5143 317 5180 ε·
336 5143 472 5220 quidquid
486 5142 514 5202 2.
552 5141 585 5178 “⁸
599 5149 783 5220 preparatum
801 5145 843 5204 ed.
881 5143 914 5180 ¹⁸⁸
931 5145 1029 5206 intimo
1043 5145 1071 5203 2.
1110 5141 1347 5210 ”murm

1032 5259 1141 5319 ΝΟΜ.

289 5357 358 5444 ilbi)
372 5359 494 5444 Virtutes
508 5358 568 5429 eius
585 5357 718 5444 praedicat
732 5359 815 5418 etiam
829 5359 926 5421 Petrus
939 5357 1072 5426 Damianl,
1116 5373 1146 5431 p.
1164 5355 1224 5416 115.
1244 5357 1306 5418 Usa.

253 5437 307 5486 mm
325 5445 355 5558 rn
375 5429 501 5516 epistolis
519 5430 554 5487 ad
574 5444 634 5488 eam
653 5429 727 5490 dans
739 5433 865 5574 {oppila
885 5430 1076 5570 ignatii&
1116 5427 1355 5562 laefaffigsf'vogu
1375 5435 1494 5562 gennis
1513 5429 1556 5492 vei
1581 5429 1651 5490 loon
1673 5430 1785 5490 bauan
1810 5433 1949 5491 mentalis

253 5500 719 5642 mliqffialfnbeggffffiolvbf
733 5509 763 5645 pf
785 5543 848 5641 dlt',
867 5515 931 5644 1seq.
956 5577 984 5629 ει
1000 5578 1020 5629 t.
1043 5571 1074 5642 v,
1151 5569 1220 5644 (ido)
1236 5544 1322 5634 parm
1334 5516 1427 5634 agree
1445 5571 1653 5636 monachorum.
