4036 6162
109 251 161 312 82⁹
616 256 770 314 HISTORIA
789 257 1063 317 amitomnnnsts.
1082 291 1119 302 —
1138 263 1236 320 tinnit
1257 265 1278 320 l.
1732 264 1786 323 830

109 379 167 436 iiiia
185 377 316 450 repletus,
340 379 388 451 qnl
410 379 523 438 Romam
550 379 572 413 '⁸
594 380 713 438 tendens
736 395 786 452 per
804 381 922 454 legatio·
933 383 1040 448 Aidem
1054 391 1167 444 sanctus
1185 387 1344 445 ambrosius
1356 402 1440 458 super
1451 388 1680 448 bancEcolesiam
1695 392 1786 450 dicta·

110 482 168 526 nem
186 466 207 499 ⁷⁸
221 468 295 525 beati
319 469 455 527 Ambrosii
479 476 507 526 et
529 472 590 541 ejus
608 469 773 528 ammonitus
795 471 924 541 scientia,
964 476 1036 531 ierit
1050 481 1078 532 et
1091 477 1179 534 sancti
1193 476 1299 534 Nazarii
1318 478 1450 535 honorem
1466 477 1640 546 versificavit,
1657 491 1705 535 are
1721 493 1785 551 pros

109 556 253 618 Ecclesiam
267 558 316 614 bei
339 565 368 616 et
382 559 455 616 beati
476 560 550 616 Petri
574 559 693 631 apostoli
712 559 805 616 multis
834 560 925 618 bmre·
966 565 1027 635 prio
1041 564 1179 622 audiendo
1194 579 1355 637 cognosco:

110 646 183 704 sibus
195 647 309 704 scissam
328 647 480 719 dispersam
504 655 588 720 atque
608 648 725 708 dinisam
743 649 777 705 ad
793 650 925 706 unitatem
966 653 1087 710 Condidit
1115 653 1268 711 Ambrosios
1303 654 1433 728 tempium,
1472 656 1631 728 homineque
1647 655 1787 727 tremosii

110 735 250 794 oatbolicm
265 735 330 794 fidei
350 739 507 805 revocavit;
533 739 567 795 de
586 753 640 810 qua
665 739 796 795 Dominus
820 739 927 796 dixerat
1002 744 1114 798 Nomine
1131 741 1285 815 apostolico,
1299 758 1415 812 munere,
1431 742 1557 815 reliquiis.
1724 783 1726 788 ·

109 825 141 882 ad
156 827 286 882 Petrum:
307 843 322 878 a
343 828 399 898 Ego
417 840 469 898 pro
484 835 510 884 tc
525 828 640 898 rogabo,
657 828 746 895 Perre,
767 841 802 884 ne
817 827 927 884 deiciat
966 831 1161 887 Foriiocrcm'e
1174 832 1294 904 templarii
1307 837 1355 902 est,
1375 833 1496 904 templum
1509 833 1619 890 victorio
1639 833 1747 901 christi,
1782 869 1785 878 .

110 913 174 972 tides
188 921 244 981 tua,
266 920 293 972 et
308 921 337 970 tu
356 914 504 987 aliquando
523 930 673 974 conversus
687 916 818 986 confirma
828 916 927 974 iratres
1003 921 1090 976 Sacro
1108 919 1266 993 triunphalis
1278 921 1365 990 siprim
1379 921 1465 991 imopo
1479 919 1573 978 ioccm.
1615 941 1617 946 ·

108 1001 199 1076 ,tuos'⁸
209 1003 281 1074 liam.
296 1019 362 1074 ixii,
372 1003 427 1074 32).
440 1027 453 1056 i
464 1005 515 1074 Qui
526 1005 574 1062 Del
585 1007 760 1078 Euangellum
772 1021 822 1077 pei·
831 1021 927 1070 omnes
967 1009 1001 1064 iri
1013 1009 1099 1079 cupite
1111 1013 1150 1064 est
1161 1010 1222 1064 cite
1233 1008 1470 1080 templi-Nozoriua
1484 1009 1572 1075 elme,

110 1093 235 1164 regiones
258 1093 335 1150 urbis
361 1095 456 1152 Romae
475 1094 668 1164 disseminans,
694 1095 768 1153 velut
791 1095 881 1154 bonus
899 1103 928 1153 et
1002 1099 1037 1154 lit
1051 1095 1160 1153 sublime
1173 1097 1257 1154 solum
1270 1098 1387 1155 martiris
1400 1099 1512 1154 ematis.

109 1187 236 1240 strenuus
258 1181 279 1212 ⁷⁷
302 1181 423 1255 agricola
446 1183 581 1256 colligens
605 1182 724 1241 iruetum
748 1186 927 1242 centesimum
967 1188 1041 1244 Crito
1054 1186 1098 1242 uhi
1110 1193 1243 1244 sumntum
1257 1191 1334 1258 copul
1349 1187 1444 1243 colchi
1457 1185 1520 1243 orbe
1538 1187 1639 1258 rehem

110 1271 276 1328 tricesimum
300 1275 329 1328 et
351 1272 559 1343 sexagesimum,
593 1272 695 1330 multos
722 1272 756 1329 ad
790 1273 927 1330 Christum
1003 1277 1061 1332 Hoc
1074 1280 1151 1346 copul
1165 1280 1203 1332 esi
1217 1275 1347 1348 templum,
1363 1275 1533 1348 Nozorioqoe
1546 1276 1648 1332 domm.

109 1361 295 1416 convertebat.
311 1362 386 1418 inter
411 1375 482 1432 quos
497 1361 608 1433 quidam
623 1362 807 1434 pbilosopbus
821 1363 862 1418 iii
881 1376 929 1418 sa-
969 1365 1019 1432 Qoi
1032 1364 1102 1435 sonet
1115 1369 1239 1422 eterriom
1253 1365 1335 1420 eicior
1345 1365 1444 1437 pietate
1463 1365 1584 1436 quietem,

109 1447 306 1518 pientissimus,
322 1450 433 1508 nomine
452 1451 621 1519 Victorinus,
638 1451 794 1508 divitiarum
814 1466 928 1524 magna-
1004 1455 1077 1510 Orac
1090 1454 1132 1508 cui
1143 1452 1234 1525 pulmo
1247 1453 1308 1524 [oh.
1320 1467 1387 1508 mua
1399 1453 1476 1508 etiam
1490 1452 1563 1508 mooe
1578 1457 1626 1508 cst.

109 1550 165 1593 rum
179 1537 301 1595 credidit
315 1537 388 1610 (39);
413 1553 494 1610 quem
518 1540 638 1608 Quirites
656 1541 771 1598 Romani
791 1539 822 1610 Β,
838 1548 868 1598 ut
887 1541 929 1598 di·
971 1541 1058 1598 Tertio
1071 1542 1117 1597 sed
1131 1541 1218 1597 medio
1233 1555 1303 1596 mors
1316 1541 1423 1611 impedit
1441 1540 1514 1596 editu
1528 1540 1698 1611 cormeill).
1784 1583 1786 1588 .

108 1637 174 1696 qnos
188 1631 259 1692 erat,
281 1640 332 1698 pro
351 1633 429 1699 patre
444 1633 472 1684 et
490 1627 604 1685 domino
619 1628 772 1702 diligebant
790 1635 873 1700 atque
888 1630 927 1686 ti·
1002 1629 1030 1684 7.
1049 1632 1108 1698 Quo
1135 1628 1156 1660 ⁸¹
1170 1630 1198 1686 in
1220 1634 1344 1700 tempore
1360 1629 1484 1686 notarios
1499 1627 1645 1694 ordinarit,
1662 1627 1709 1698 qui
1723 1640 1788 1684 aco·

108 1714 225 1772 mebant.
243 1716 313 1784 Quin
335 1716 416 1772 etiam
446 1716 586 1774 reuelante
608 1718 656 1774 liei
680 1719 768 1790 gratia
795 1718 1011 1790 reliquiasnliti
1027 1733 1113 1792 usque
1128 1719 1212 1776 bodie
1231 1724 1375 1787 iocantur,
1391 1719 1493 1790 quibus
1507 1718 1665 1789 magistrum
1682 1728 1789 1786 prepo-

109 1801 250 1861 beatorum
264 1806 452 1877 apostolorum
467 1805 541 1862 Petri
564 1811 592 1863 et
606 1805 682 1863 Pauli
701 1820 763 1864 cuin
777 1806 846 1863 iliis
859 1806 927 1863 reli·
968 1810 1024 1866 suit
1041 1809 1073 1864 ⁸⁸.
1092 1811 1126 1866 lit
1153 1810 1283 1876 lectores,
1299 1815 1330 1865 ut
1353 1808 1467 1876 invenit,
1483 1805 1655 1864 coniimaiit
1672 1804 1704 1873 ⁸⁸,
1720 1804 1789 1860 mule

107 1891 201 1962 glosis,
221 1893 270 1965 qui
292 1893 448 1950 cardinales
465 1895 645 1963 vocabantur,
667 1903 696 1953 et
719 1909 781 1954 cuin
800 1895 928 1954 omnibus
967 1904 1026 1956 tuin
1050 1898 1166 1956 laudans
1185 1904 1214 1975 et
1231 1911 1281 1955 eos
1299 1897 1487 1969 magnificans.
1511 1897 1545 1952 Et
1565 1893 1789 1966 quandoquidem

109 1980 238 2038 Romanis
251 1997 323 2054 quos
346 1983 482 2040 catholica
508 1984 576 2042 iides
591 1984 706 2044 devotos
725 1985 855 2052 babebat,
872 1985 926 2042 mi·
969 1988 1124 2058 permulta
1154 1995 1278 2059 tempora
1306 2001 1356 2057 pei
1377 1985 1480 2044 multos
1507 1985 1654 2056 episcopos
1677 1987 1791 2039 nouerat

108 2067 182 2126 ribce
197 2084 356 2144 summaque
370 2087 432 2130 coin
461 2072 607 2132 devotione
622 2073 748 2130 condidit
765 2080 793 2130 et
808 2074 926 2130 ornauit.
969 2091 1030 2134 cuni
1045 2078 1204 2148 primicerio
1222 2091 1273 2134 suo
1288 2076 1441 2144 ordinatos,
1456 2076 1548 2132 timuit
1566 2071 1670 2143 aliquid
1685 2071 1789 2138 dicere,

105 2159 257 2218 lterertons
284 2162 381 2219 beatus
408 2163 602 2232 Simplicianus
624 2162 659 2220 ab
688 2163 755 2220 urbe
778 2164 866 2219 itirma
893 2161 927 2218 ad
969 2169 997 2221 et
1011 2164 1170 2222 ooniortans
1194 2180 1243 2222 eos
1267 2165 1296 2220 in
1324 2165 1452 2221 omnibus
1474 2163 1577 2234 gratias
1599 2173 1683 2232 agens
1707 2160 1790 2217 bane·

102 2247 212 2306 boatum
231 2251 391 2323 magistrum
414 2260 441 2308 et
460 2252 718 2310 reverendissimum
741 2252 927 2320 Ambrosium,
969 2251 1039 2310 dixit
1052 2252 1083 2310 ⁸⁸.
1100 2255 1134 2311 ui
1152 2260 1244 2310 autem
1259 2252 1351 2310 omnis
1375 2258 1468 2308 essent
1488 2249 1619 2322 periecta,
1633 2248 1730 2305 decem
1747 2248 1791 2304 ri·

99 2337 286 2409 reliquiarum
322 2339 485 2410 particulam
521 2339 543 2370 ⁷⁹
576 2339 765 2409 apostolorum
798 2340 872 2397 Petri
901 2346 930 2396 et
970 2355 1016 2398 ros
1031 2341 1177 2414 religiosos
1190 2341 1212 2373 ⁸⁸
1226 2343 1306 2413 quasi
1320 2355 1370 2412 per
1384 2339 1546 2411 decalogum
1560 2336 1629 2408 legis
1646 2349 1730 2408 super
1744 2335 1791 2392 de·

97 2425 176 2482 Pauli
200 2426 318 2484 curiose
344 2440 504 2498 summaque
527 2427 674 2484 devotione
688 2427 715 2485 ei
738 2429 850 2486 obtulit.
870 2430 929 2497 Quo
969 2445 1029 2488 ceni
1045 2431 1158 2488 ordines
1180 2430 1201 2462 θ’
1221 2431 1373 2501 praeposuit
1388 2446 1395 2485 :
1411 2429 1433 2462 ⁸⁸
1450 2429 1479 2486 iii
1493 2426 1591 2498 primis
1605 2424 1791 2496 primicerium

98 2516 173 2573 iacto
191 2516 298 2574 beatus
320 2516 481 2573 Ambrosius
504 2529 610 2574 summo
642 2517 743 2589 gaudio
769 2533 929 2589 summaque
970 2519 1204 2592 presbyterorum,
1234 2521 1262 2576 iii
1290 2518 1414 2576 seeundo
1446 2516 1728 2587 archipresbyterum,
1762 2513 1791 2580 iii

101 2604 202 2662 latitia
216 2605 340 2661 omniurn
355 2605 471 2661 aliorum
481 2605 669 2676 apostolorum
684 2607 816 2678 reliquias
833 2606 855 2638 ⁸⁰
873 2613 930 2663 stu·
970 2609 1054 2665 tertio
1068 2608 1301 2675 archidiaconem,
1312 2608 1340 2664 in
1351 2615 1450 2679 quarto
1464 2605 1750 2666 archisubdiaconem,
1762 2601 1790 2658 in

105 2693 184 2750 diose
212 2693 369 2765 acquisivit.
400 2693 505 2762 Quibus
527 2693 685 2766 adquisitis,
708 2696 927 2752 honestissimam
970 2697 1068 2769 quinto
1094 2697 1263 2754 notariorum
1288 2696 1447 2768 magistrum
1471 2694 1503 2762 ⁸⁸,
1518 2695 1548 2751 in
1565 2699 1644 2750 seito
1663 2691 1792 2764 primice-

107 2783 247 2840 basilicam
269 2782 304 2839 ad
327 2783 439 2840 moduni
461 2783 554 2840 crucis
570 2785 601 2840 in
623 2785 745 2842 Romana
759 2790 838 2855 parte
857 2785 929 2843 inter
972 2788 1041 2844 rium
1056 2785 1077 2818 '⁰
1091 2787 1245 2854 lectorum;
1261 2787 1290 2842 iii
1310 2786 1427 2855 septimo
1452 2797 1600 2854 puerorum
1619 2781 1790 2853 magistrum,

110 2875 215 2942 portam
235 2883 316 2942 quaro
335 2871 486 2929 Romanam
509 2880 618 2941 vocant,
639 2880 668 2930 et
685 2885 779 2930 arcum
807 2873 854 2944 qui
869 2874 928 2931 ito·
969 2877 1017 2949 qui
1036 2876 1167 2948 magister
1185 2875 1322 2932 scolarum
1346 2873 1449 2930 dicitur
1472 2871 1503 2926 ⁸¹.
1524 2872 1553 2928 lii
1574 2875 1671 2928 octauo
1686 2867 1792 2925 bostis-

110 2975 203 3019 manos
228 2960 412 3032 triumphalis
433 2962 546 3030 dicitur,
566 2962 718 3020 bonoriilce
743 2962 879 3030 condidit,
899 2963 928 3018 iii
969 2966 1084 3032 riorum,
1101 2963 1148 3035 qui
1172 2963 1302 3020 custodes
1324 2969 1467 3019 vocantur.
1490 2962 1521 3016 ln
1540 2971 1615 3018 nono
1633 2970 1699 3015 reio
1718 2958 1792 3013 siros

110 3065 161 3124 qua
179 3050 301 3110 omnium
323 3051 511 3123 apostolorum
525 3051 657 3124 reliquias
670 3066 774 3109 summa
789 3067 850 3109 cum
866 3053 1030 3119 dili-crum
1054 3061 1083 3111 et
1105 3053 1249 3111 mulierum
1270 3054 1326 3109 beo
1347 3053 1506 3109 devotarum
1530 3047 1595 3118 (42),
1615 3047 1663 3120 qni
1678 3045 1791 3104 cottidie

110 3143 199 3213 qentia
212 3153 377 3212 summoque
400 3140 504 3210 studio,
529 3155 683 3214 magnoque
710 3155 793 3198 cursu
819 3142 928 3214 episco·
970 3143 1090 3201 olieiunt
1104 3157 1201 3214 panem
1212 3141 1353 3209 etiinum,
1368 3142 1472 3198 Nouum
1487 3145 1516 3196 et
1533 3139 1617 3195 Vetus
1634 3138 1792 3194 Testamen-

112 3244 214 3302 porum‚
239 3230 416 3300 clericorum,
439 3229 584 3300 laicorum,
609 3232 763 3296 mulierum,
786 3233 928 3304 juventam
970 3239 1027 3289 tuni
1042 3233 1248 3305 significantem
1269 3230 1309 3288 bii
1328 3229 1400 3288 enim
1415 3228 1436 3260 '¹
1452 3242 1486 3286 ne
1502 3225 1622 3298 popalus
1634 3237 1737 3280 vacuus
1755 3223 1792 3278 vi·

111 3319 167 3375 et⁸¹
181 3333 280 3377 sonum
294 3319 402 3379 urbium
415 3319 566 3378 vicinarum
585 3321 724 3392 apposuit,
744 3320 818 3378 unde
839 3334 925 3392 nsque
970 3322 1077 3389 dentur,
1094 3320 1208 3378 cottidie
1224 3332 1322 3390 panem
1337 3324 1365 3374 et
1380 3317 1471 3374 uinum
1484 3318 1540 3372 beo
1555 3312 1683 3370 oiierunt.
1700 3312 1730 3367 in
1743 3308 1792 3366 de·
1884 3313 1887 3322 ’

112 3409 189 3468 bodie
211 3409 328 3466 basilica
350 3409 537 3480 apostolorum
566 3416 681 3466 vocatur
701 3408 775 3482 (40).
806 3411 924 3480 Ecquid
966 3411 1038 3468 cimo
1070 3409 1243 3466 secularium
1276 3406 1398 3462 uirorum
1427 3401 1503 3475 (43).
1537 3401 1586 3458 llis
1614 3397 1635 3432 '¹
1663 3398 1792 3456 omnibus

784 3555 897 3612 (ΑΜΕ
923 3554 1116 3612 anemonas.

144 3682 164 3714 ²⁸
181 3683 287 3742 Eodem
300 3687 461 3753 tempores.
480 3681 509 3736 s.
529 3693 555 3736 a.
571 3693 597 3736 i.
622 3684 643 3737 t.
658 3693 691 3736 ac
709 3679 832 3738 oninium
854 3681 985 3737 virtutum
1008 3679 1155 3749 divinaque
1170 3693 1193 3734 i.
1209 3675 1298 3749 pratia
1315 3676 1428 3732 Romam
1443 3673 1474 3731 Β.
1512 3669 1533 3702 ⁷¹
1549 3672 1570 3726 t.
1583 3671 1662 3753 iussu
1675 3669 1705 3725 Β.
1721 3666 1793 3752 lado

113 3768 163 3826 qua
174 3786 210 3796 —
224 3763 291 3812 tuos
304 3752 396 3811 desum
414 3753 445 3810 Β.
482 3751 503 3785 '³
523 3757 551 3809 et
564 3766 589 3808 s.
605 3749 697 3808 desum
715 3751 745 3808 Β.
783 3750 804 3836 ⁷⁸.
818 3752 953 3836 tequemio
967 3753 998 3808 Β.
1016 3751 1055 3807 ho
1073 3749 1241 3806 deomtoch:
1261 3749 1302 3830 it.¹
1312 3746 1387 3803 velut
1403 3749 1508 3818 patroni
1525 3749 1554 3800 et
1568 3741 1710 3798 dominum
1725 3738 1792 3821 dili·

113 3823 1040 3980 lillliiiiib&elicitisPetilliilllillehis·
1061 3812 1794 3963 i.t.st·.¹3ai.tl.·.i:mamaccas

114 3966 740 4110 :ittisceleratissimam
754 3981 780 4094 2:
796 3968 946 4095 iluiul
962 3981 992 4095 l:
1006 3955 1792 4110 calciata?tabathatriticiam·

118 4109 284 4172 fundationis
298 4112 467 4170 memoriam.
506 4107 527 4142 '⁸
548 4111 586 4167 ito
608 4113 655 4168 hh
671 4109 803 4180 reliquias
817 4109 959 4214 &abactae
972 4107 1026 4166 Μ’.
1049 4107 1091 4164 Bi.
1129 4105 1150 4139 ⁸⁰
1164 4103 1310 4163 domim
1325 4101 1369 4160 Bi.
1406 4102 1428 4134 ⁸¹
1442 4102 1513 4158 deest
1530 4098 1587 4184 Bi..
1610 4098 1632 4183 ξ’
1653 4097 1752 4154 iitoiim
1766 4111 1794 4152 iii

118 4183 259 4242 coctile
283 4183 410 4250 notariis,
435 4181 586 4237 lectoribus
600 4180 784 4238 etxieiulis.
863 4181 898 4238 ini
920 4182 994 4238 osuit
1011 4179 1054 4236 Bi.
1091 4178 1113 4210 ⁸⁸
1127 4183 1155 4235 et
1174 4193 1199 4234 c.
1215 4175 1258 4233 Bi.
1296 4173 1317 4206 ⁸⁸
1335 4175 1369 4231 Et
1383 4189 1470 4256 qq—
1488 4171 1631 4228 benedixit
1653 4169 1744 4224 desum
1761 4169 1791 4223 Β.

117 4251 171 4312 “h
190 4271 215 4312 v·
229 4255 276 4314 Bl·
322 4253 343 4286 ⁸'
366 4252 493 4312 homines
513 4251 570 4308 Μ’.
595 4250 651 4312 Bl..
683 4197 920 4325 *proposuitbx
966 4251 988 4285 ¹·
1005 4251 1077 4307 deest
1098 4251 1141 4307 i·.
1186 4247 1208 4280 ’⁰
1230 4261 1254 4303 s.
1278 4245 1442 4302 collaudant
1465 4249 1493 4298 et
1515 4240 1686 4297 conbrmaiit
1705 4252 1732 4309 p.
1747 4236 1790 4294 Bl.

119 4323 138 4356 ’¹
152 4324 188 4382 ite
200 4328 260 4385 (ν’.
279 4327 309 4382 Β.
335 4325 407 4382 deest
427 4325 471 4381 Αἱ
491 4325 543 4380 llic
561 4325 607 4380 h*.
627 4325 688 4380 Μ’.
707 4324 824 4382 inierant
838 4341 848 4380 .·
863 4323 891 4380 8.
911 4325 948 4380 lle
962 4322 1153 4380 sacerdotibus
1166 4349 1203 4362 —
1216 4317 1306 4375 vocati
1321 4322 1395 4398 sunt,
1410 4328 1468 4386 quie
1481 4317 1572 4396 aperte
1589 4309 1646 4366 loco
1660 4323 1707 4392 erio
1722 4312 1791 4362 moto

119 4402 182 4454 itit.
196 4400 224 4458 Β.
238 4397 377 4470 aequitio
390 4395 497 4453 multum
509 4397 538 4451 iri
555 4395 658 4452 breniae
675 4397 817 4454 contremit.
854 4396 875 4428 ’¹
889 4401 918 4452 et
931 4397 975 4451 iit.
1011 4393 1032 4425 '⁸
1051 4392 1193 4464 Sequentia
1206 4392 1236 4447 Β.
1246 4391 1286 4445 ito
1299 4385 1402 4443 cohibet
1427 4406 1435 4440 .·
1458 4385 1492 4468 lli
1511 4395 1607 4439 omncs
1620 4379 1713 4462 debite
1727 4390 1793 4433 suos

118 4468 221 4528 ordines
238 4469 434 4534 observabant,
455 4473 483 4524 et
501 4465 686 4524 obedientiam
702 4467 840 4536 prioribus
853 4470 881 4523 et
896 4465 1058 4523 charitatem
1073 4462 1203 4520 tratribus
1220 4460 1372 4518 secundom
1387 4457 1541 4515 doctrinam
1559 4450 1679 4537 apostob
1693 4454 1790 4505 custo·

118 4537 222 4598 diehant
240 4561 249 4598 r
266 4555 295 4598 o.
312 4554 340 4612 p.
356 4553 382 4596 e.
398 4539 425 4595 iii
441 4541 471 4594 Β.
488 4545 517 4595 et
529 4538 549 4594 i.
565 4551 589 4594 o.
605 4542 633 4592 et
648 4551 675 4606 p.
693 4551 719 4592 c.
740 4551 763 4594 s.
781 4540 800 4593 i.
816 4536 932 4595 Dilectio
947 4537 1040 4607 itaque
1055 4541 1115 4591 erat
1128 4533 1184 4590 illis
1197 4547 1221 4589 s.
1237 4547 1261 4589 s.
1277 4544 1305 4588 o.
1326 4543 1404 4614 ¹¹¹·.²:
1420 4528 1448 4585 b.
1465 4533 1492 4584 et
1516 4524 1622 4595 reliqna
1640 4521 1791 4604 secundum

118 4609 264 4670 doctrinam
280 4610 399 4684 apostoli
418 4611 447 4666 iu
460 4609 555 4666 eadem
569 4607 697 4678 epistola.
711 4637 748 4648 -
762 4611 799 4664 ba
814 4609 982 4665 decumanis.
1000 4605 1101 4663 videns
1119 4613 1215 4690 postea
1235 4605 1265 4660 Β.
1281 4601 1473 4684 Simplicianus
1484 4603 1589 4667 septem
1598 4593 1792 4723 (predictorum

119 4681 237 4742 oidionrn
251 4683 365 4741 iabores
378 4681 472 4755 augeri
487 4694 521 4738 eir
534 4685 700 4752 commento
723 4679 846 4736 Ecclesie
866 4681 915 4736 bei
942 4679 971 4736 in
990 4678 1117 4734 manibus
1130 4691 1208 4747 eius;
1229 4682 1286 4732 tres
1300 4704 1336 4715 -
1354 4671 1551 4742 suscipiebant,
1568 4667 1601 4752 iii
1618 4663 1792 4748 edecument

119 4755 189 4822 quasi
203 4754 340 4814 decimani
359 4753 505 4811 adeoimis
526 4752 675 4818 dicuntum
696 4751 737 4808 iel
755 4751 820 4823 quia
841 4752 928 4808 totius
951 4749 1162 4822 metropolitane
1189 4746 1306 4806 ecclesie
1329 4742 1498 4828 regimenio
1518 4739 1618 4797 oidciis
1635 4736 1794 4820 ordinarios

119 4823 320 4897 coadjuvabant,
340 4825 404 4883 ideo
417 4823 560 4881 decumani
576 4823 654 4894 quasi
667 4822 754 4880 deciis
774 4823 918 4894 majorum,
938 4821 966 4879 id
990 4829 1033 4878 est
1050 4819 1254 4878 ordinariorum
1277 4831 1326 4874 sen
1350 4813 1541 4900 cardinalium,
1557 4816 1621 4894 sunt
1642 4813 1743 4865 iocati.
1758 4835 1792 4847 —

119 4893 152 4950 be
168 4896 264 4956 baculo
280 4910 342 4954 cum
365 4896 453 4954 corio.
473 4894 606 4954 Omnibus
618 4895 659 4952 sic
678 4894 824 4961 ordinatis,
848 4894 934 4964 polite
956 4923 993 4934 —
1011 4892 1212 4950 ostendendum
1231 4888 1352 4948 oiiloiuin
1371 4893 1418 4944 aut
1436 4885 1596 4957 dignitatem
1611 4894 1640 4938 iii
1654 4894 1691 4937 ni.
1708 4893 1734 4935 c.
1751 4877 1791 4944 d.,

120 4969 146 5021 ut
159 4981 185 5024 n.
203 4982 226 5026 s.
246 4983 271 5026 s.
287 4968 316 5026 iii
334 4983 360 5024 a.
376 4972 404 5024 et
418 4967 446 5026 b.
462 4980 488 5023 c.
504 4975 533 5025 et
546 4979 572 5025 o.
587 4965 738 5024 secundum
761 4965 947 5038 propbetam:
973 4983 988 5017 u
1008 4965 1203 5038 Virga-sunt
1222 4980 1252 5046 u..
1267 4960 1390 5046 ideoque
1415 4972 1448 5042 p..
1468 4971 1497 5027 p.
1517 4953 1647 5012 monebat
1665 4949 1792 5008 subditos

120 5049 259 5108 tter-mo.
274 5037 504 5112 srempissoytm
521 5051 597 5108 suos,
613 5038 731 5116 dicens:
749 5057 764 5092 ι
781 5038 842 5096 Non
856 5036 963 5094 iactatis
976 5035 1115 5107 sculptile,
1130 5049 1183 5092 nee
1192 5032 1399 5092 similitudinem
1413 5029 1532 5101 aliquam
1547 5023 1703 5098 ydolorum.
1724 5040 1739 5074 r

896 5161 1005 5219 NOTAE.

154 5259 197 5326 (³⁹
223 5263 255 5320 V·
268 5265 308 5320 Au
328 5261 412 5320 milui
425 5258 505 5320 coni.
522 5261 579 5316 titii
604 5259 633 5315 2·
974 5259 1018 5330 epi
1038 5255 1140 5316 rammi
1154 5254 1278 5316 reiciunt
1290 5253 1398 5320 demae,
1409 5249 1561 5309 Puiiceltus
1569 5245 1720 5304 adnotavit.
1735 5245 1793 5302 hd·

154 5327 197 5402 (iti
219 5334 271 5392 ira
332 5335 436 5393 tionem
468 5331 500 5388 io
526 5304 589 5388 uati
612 5331 733 5404 assignat
758 5331 818 5388 Kal.
844 5332 932 5390 siton.
974 5343 1019 5389 mo
1040 5344 1087 5386 uni
1105 5334 1253 5400 corruptus
1266 5339 1328 5384 esse
1345 5322 1464 5408 videtur.
1718 5388 1725 5402 ·

124 5400 149 5458 iii
162 5403 228 5460 lini.
246 5405 293 5464 ss.
312 5405 361 5474 lli,
379 5401 457 5463 abac.
472 5401 574 5462 moen
599 5402 681 5460 etiam
695 5402 765 5461 eccl.
784 5404 812 5460 s.
827 5401 933 5461 Naiarii
1011 5401 1066 5474 (42)
1080 5402 1108 5459 s.
1128 5399 1231 5458 seboim
1249 5399 1280 5455 Β.
1299 5395 1436 5454 ambrosii
1454 5406 1535 5465 quani
1548 5406 1574 5448 c.
1589 5403 1656 5476 sac.
1675 5403 1703 5446 ii
1716 5386 1794 5446 insti·

123 5473 275 5534 ΜΝ.
975 5478 1136 5532 tutantesso
1155 5470 1292 5529 existimat
1320 5464 1480 5539 Fomapalli.
1505 5466 1566 5522 bnt.
1587 5462 1644 5522 itii.
1665 5461 1712 5530 lll,
1727 5457 1791 5516 208.

158 5543 208 5618 (⁴¹'l
226 5547 304 5606 lliinc
331 5561 439 5607 versum
462 5545 535 5620 apud
562 5549 680 5606 eeteros
702 5549 841 5619 quotquot
865 5543 934 5606 illud
1011 5543 1066 5617 (to)
1080 5545 1103 5603 l.
1118 5558 1145 5602 e.
1160 5540 1411 5616 vicecomitem.
1426 5539 1461 5606 it,
1476 5535 1521 5594 35.
