4024 6174
262 317 316 386 aas
750 306 938 364 nnnrnonm
958 291 1168 370 rnmnrnm
1187 305 1467 364 consrmrrnnsrs
1868 317 1912 372 gg

263 444 386 518 quinque
404 437 519 497 millium
533 439 715 509 pugnatorum
738 431 911 504 pertingebat
930 444 1083 497 numerum,
1094 429 1244 508 Aoumque
1259 437 1287 488 et
1296 428 1555 501 quomodocumque
1569 435 1686 500 pmamt,
1695 431 1728 490 ad
1741 447 1769 490 sa
1783 447 1849 496 aare
1861 453 1912 509 suo,

262 530 385 589 unanimi
407 529 474 586 satis
497 521 708 589 consultatione,
728 533 784 578 non
807 521 893 578 visum
916 527 959 576 est
977 520 1018 577 eis
1039 534 1083 576 sa·
1122 519 1230 579 scilicet
1254 518 1444 591 jurejurando,
1474 518 1665 590 undecunque
1690 528 1867 594 coutmxerata
1891 538 1914 587 et

264 634 328 679 num
355 615 512 689 hujusmodi
541 611 745 684 congressionis
767 609 924 677 eonsilium,
948 617 990 666 set
1014 623 1082 679 prn-
1122 611 1163 666 sic
1182 608 1384 682 expeditionem
1408 609 1436 665 in
1462 609 1607 670 &neniam
1632 614 1726 668 contra
1751 626 1835 684 regem
1854 618 1915 674 hou-

262 709 340 767 denti
355 707 482 766 cautione
500 701 681 760 differendum
699 699 733 756 ad
755 705 862 770 tempus
881 697 1081 765 deliberabant,
1122 696 1237 762 dolium,
1258 702 1286 754 et
1304 696 1332 752 in
1347 696 1533 754 alemanniam
1552 703 1648 756 contra
1662 697 1744 756 duces
1762 701 1915 762 berhtoldum

261 811 406 872 quousque
420 795 552 862 deinceps
577 797 618 847 ιοι
640 787 814 846 militantium
838 786 974 860 myriades
997 787 1082 844 indu·
1123 791 1151 842 et
1174 784 1291 845 Welfum
1310 792 1338 842 et
1356 795 1473 842 caeteros
1497 785 1608 843 illorum
1632 785 1818 859 enliraganeos,
1835 792 1917 850 soller-

259 888 344 946 strius
366 884 558 952 undecumque
581 878 769 945 contraheret,
786 877 887 946 quibus
906 876 1010 946 absque
1029 877 1081 932 de·
1123 873 1227 931 tissime
1250 875 1424 945 disponebat.
1458 876 1491 931 Et
1519 874 1605 933 ferme
1630 874 1720 934 nullus
1745 876 1778 934 de
1799 881 1918 951 regnaris

260 977 390 1034 trimento
431 984 543 1028 snorum
585 967 757 1024 adversarios
793 978 859 1022 suos
895 966 1081 1036 oportunitate
1123 970 1192 1032 erat,
1217 969 1318 1036 praeter
1336 963 1575 1035 archiepiscopum
1592 965 1767 1022 iurarensem
1794 973 1820 1024 et
1843 971 1918 1027 comi-

259 1067 391 1137 adoptata
409 1060 538 1128 subdere,
564 1064 592 1115 et
613 1055 784 1114 omnifariam
807 1055 860 1112 sibi
884 1054 919 1115 ad
942 1053 1081 1110 servitium
1124 1058 1178 1111 tem
1203 1054 1340 1126 quendam
1358 1054 1542 1126 Eggebertum
1560 1053 1651 1127 (152),
1671 1056 1736 1126 quin
1756 1057 1919 1126 juxtarolnn·

260 1151 450 1222 constringere
474 1150 616 1220 majestate
642 1146 715 1216 regia
744 1145 909 1202 victoriosus
931 1140 1080 1200 sufficeret.
1124 1148 1207 1199 tatem
1236 1142 1311 1200 illins
1341 1143 1393 1213 ipsi
1422 1143 1564 1202 assisteret
1586 1150 1615 1200 et
1640 1144 1812 1202 consentiret.
1835 1147 1918 1204 Ειιιιιι

259 1245 321 1315 lpse
340 1247 430 1298 antem
446 1237 568 1310 quamvis
588 1234 686 1291 nolens
705 1241 732 1290 et
747 1233 858 1300 invitus,
878 1232 1002 1289 consiliis
1015 1231 1081 1289 illo·
1123 1238 1285 1302 tempestate
1305 1232 1416 1302 quidam
1436 1233 1553 1292 comites
1567 1233 1603 1290 de
1626 1232 1788 1302 alemannis,
1800 1237 1850 1306 lam
1872 1238 1919 1308 pri·

259 1347 319 1390 rum
336 1329 485 1401 acquievit,
506 1335 534 1384 et
555 1326 667 1382 dimissa
686 1337 702 1380 a
720 1337 750 1380 se
775 1322 920 1394 dignanter
941 1326 1083 1379 eontracta
1123 1321 1185 1378 dem
1206 1322 1279 1394 regis
1293 1322 1420 1380 Roudolil
1445 1322 1605 1383 electissimi
1627 1323 1744 1394 adiurati
1759 1324 1860 1394 milites,
1874 1334 1920 1383 tur-

261 1419 447 1486 multitndine,
472 1415 631 1486 intimisque
655 1413 713 1470 suis
735 1410 770 1469 ad
794 1411 939 1469 tuitionem
957 1411 1035 1481 regni
1054 1417 1083 1467 et
1125 1413 1168 1481 pis
1197 1411 1371 1469 lucricausa
1398 1412 1433 1468 ab
1455 1425 1490 1468 eo
1517 1412 1719 1483 apostatabant,
1748 1420 1775 1469 et
1800 1417 1921 1486 occupatis

260 1512 295 1568 ad
314 1507 507 1566 inminentium
526 1503 660 1560 bellorum
681 1501 855 1558 inmanitates
873 1499 1008 1558 cavendas
1023 1499 1084 1556 dili·
1124 1499 1287 1570 quibusdam
1307 1499 1484 1558 castellorum
1510 1500 1658 1573 praesidiis,
1679 1501 1788 1572 praedis,
1806 1503 1921 1560 incendiis

262 1598 421 1672 gentissime
448 1593 630 1667 premonitis,
646 1592 740 1662 quiaa
760 1589 922 1661 primatibus
946 1589 1083 1644 8ιιιοιιιιιιι
1124 1594 1152 1645 et
1171 1589 1238 1646 totis
1260 1588 1418 1660 rapinarum
1437 1595 1465 1647 ct
1489 1590 1684 1661 pervasionum
1701 1589 1889 1662 direptionibus
1899 1593 1921 1648 in

263 1687 364 1745 obnixe
392 1686 459 1742 satis
485 1682 668 1748 invitabatur,
696 1680 843 1750 assumptis
873 1692 966 1736 seeum
996 1678 1084 1735 tribus
1124 1677 1266 1735 dominum
1288 1691 1378 1744 suum,
1401 1678 1431 1734 in
1454 1677 1552 1736 ducem
1569 1678 1735 1746 weltonem,
1754 1681 1782 1736 iu
1800 1679 1865 1736 bona
1880 1695 1922 1737 ec

264 1775 416 1847 episcopis,
442 1773 604 1840 Patarieusi,
629 1768 834 1834 wormatiensi,
862 1747 1281 1840 herbipolitanossclesiarum,
1306 1779 1358 1824 nec
1386 1779 1443 1825 non
1469 1766 1498 1824 in
1522 1779 1619 1824 omnes
1644 1781 1660 1824 a
1689 1782 1720 1824 se
1746 1767 1920 1834 discordantes,

265 1877 394 1922 necnon
422 1859 556 1918 cardinali
583 1857 742 1930 apostolica
765 1857 849 1925 sedis,
866 1870 927 1913 cum
946 1855 1087 1913 nonnullis
1127 1855 1193 1912 totis
1218 1855 1323 1920 viribus
1348 1861 1376 1912 et
1403 1855 1509 1914 artibus
1537 1855 1758 1912 inhumanissimi
1785 1869 1831 1926 per
1855 1862 1921 1912 tohu

263 1953 482 2010 necessariorum
506 1961 618 2006 suorum
637 1961 653 2003 a
671 1945 796 2012 seeretis,
813 1946 842 2002 in
865 1946 1010 2002 saxoniam
1033 1946 1086 2002 iter
1126 1943 1305 2015 provinciam,
1322 1948 1404 2013 prout
1428 1948 1565 2014 poterant,
1586 1944 1705 2015 grassati
1727 1949 1800 2001 suut.
1818 1944 1922 2014 Undique

262 2055 342 2098 suum
356 2037 527 2096 acceleravit.
544 2039 627 2104 ercm
643 2034 751 2092 totis¹¹⁸
770 2033 853 2106 regiae
868 2033 1085 2091 honoriticentia
1126 2031 1210 2104 igitur
1233 2032 1390 2103 hujusmodi
1418 2039 1510 2090 motus
1537 2047 1587 2105 per
1616 2034 1772 2105 provincias
1794 2047 1879 2092 omnes
1897 2033 1923 2089 ab

263 2129 417 2202 insignibus
440 2134 467 2183 et
489 2125 671 2182 laudamentis
698 2121 897 2196 gloriosissime
920 2123 987 2179 satis
1010 2121 1086 2180 salu·
1127 2121 1270 2192 utriusque
1286 2121 1372 2192 partis
1389 2121 1574 2179 sectatoribus
1589 2124 1757 2194 promiscue,
1777 2125 1844 2180 utin
1860 2121 1925 2179 bellis

264 2225 349 2275 tatum
364 2223 392 2274 et
405 2215 597 2288 glorificatum,
614 2218 644 2269 ut
658 2216 686 2268 et
703 2224 795 2282 regem
810 2217 837 2267 et
851 2211 993 2268 dominum
1007 2226 1086 2268 sunm
1126 2210 1217 2276 solet,
1247 2224 1297 2280 per
1325 2215 1414 2268 totum
1441 2224 1542 2267 annum
1571 2210 1648 2268 illum
1680 2213 1835 2284 agebantur.
1863 2211 1924 2268 Unde

263 2307 404 2378 oportuit,
434 2303 508 2360 omni
537 2299 719 2372 subjectionis
743 2305 771 2356 et
798 2300 960 2357 reverentiae
987 2300 1086 2372 digna·
1126 2296 1211 2354 lomes
1225 2311 1281 2356 nun
1296 2298 1417 2368 minium,
1434 2305 1462 2356 et
1476 2300 1542 2371 quia
1557 2304 1630 2356 terra
1645 2300 1770 2358 lructum
1790 2314 1861 2358 suum
1881 2312 1924 2356 nou

263 2395 339 2452 tione
363 2401 392 2450 et
411 2391 554 2449 conamine
578 2387 791 2460 acceptissimun
810 2402 871 2445 eum
890 2389 1086 2460 congratulari·
1127 2385 1251 2454 dederat,
1267 2393 1296 2445 et
1313 2387 1378 2460 quia
1402 2388 1543 2457 predictis
1557 2388 1701 2446 violentiis
1723 2395 1842 2461 raptores
1857 2395 1882 2445 et
1896 2389 1926 2444 la

263 2489 307 2541 ter
326 2481 536 2558 magnificabant
554 2483 583 2535 et
597 2477 720 2534 venerati
738 2483 812 2534 sunt.
833 2477 885 2533 Ubi
905 2478 1042 2548 aequitatis
1059 2483 1087 2534 et
1128 2479 1222 2532 trenes
1250 2476 1342 2535 omnia
1369 2483 1616 2547 consumpserant,
1646 2492 1700 2548 per
1726 2485 1816 2549 paries
1838 2483 1926 2534 nodraa

265 2578 440 2642 paternarum
460 2568 536 2624 illius
559 2566 650 2638 gentis
670 2563 761 2636 legum
784 2565 888 2621 arbiter
908 2565 1085 2636 iustissimus,
1127 2562 1234 2630 edecta,
1250 2563 1351 2620 multos
1364 2565 1561 2622 contabescere
1576 2571 1604 2622 et
1622 2566 1818 2624 miserabiliter
1833 2566 1926 2622 interne

264 2661 368 2732 absque
392 2670 570 2728 personarum
594 2654 756 2726 acceptione
781 2654 901 2712 omnium
931 2655 1087 2726 proclama·
1127 2659 1265 2724 coegerat.
1290 2652 1393 2710 Divinae
1413 2654 1516 2724 pariter
1531 2659 1561 2710 ιιι
1575 2659 1604 2710 et
1622 2655 1765 2712 seculares
1782 2654 1864 2727 legum
1876 2667 1927 2710 con

265 2751 356 2807 tiones
381 2747 669 2820 querimoniarumque
688 2744 875 2801 incusationes
895 2743 1085 2803 sollertissimo
1126 2741 1286 2798 stitutiones
1306 2754 1358 2800 nec
1377 2741 1590 2800 nominabantur
1608 2742 1709 2800 saltem
1730 2745 1773 2802 bis
1786 2745 1883 2810 diebus,
1895 2748 1928 2798 set

262 2839 378 2911 iustitiae
403 2819 539 2894 scrutinio
559 2831 838 2904 judicialiter‘coram
853 2847 883 2888 se
901 2831 1021 2890 diffinire
1035 2848 1085 2891 eo·
1127 2831 1326 2901 unusquisque,
1343 2836 1425 2901 prout
1450 2837 1568 2901 poterat,
1584 2832 1621 2888 ita
1642 2847 1677 2889 se
1694 2833 1787 2903 judice
1801 2840 1827 2889 et
1839 2845 1927 2888 comec-

264 2935 345 2987 natus
368 2932 420 2984 est.
436 2924 514 2981 Unde
535 2936 591 2980 non
610 2923 750 2990 inmerito,
775 2935 837 2978 curn
860 2920 907 2978 ille
935 2921 1012 2992 prior
1034 2935 1086 2993 pro
1127 2924 1188 2975 tore
1224 2919 1376 2976 victitabat.
1417 2919 1542 2976 inaudita
1578 2920 1718 2978 hactenus
1753 2921 1928 2978 discordiamn

264 3023 340 3072 motu
361 3015 404 3069 sni
423 3012 528 3082 libitus,
544 3011 574 3068 in
592 3011 656 3067 illos
678 3024 788 3080 semper
811 3008 948 3078 elieratus,
972 3011 1085 3082 pradis,
1098 3007 1265 3120 Cscismata,
1285 3005 1421 3064 iraudinn
1440 3008 1584 3078 turpisque
1603 3015 1729 3081 quaestur
1750 3009 1894 3082 ignominia,
1908 3011 1928 3061 et

265 3102 370 3171 rapinis
384 3107 411 3157 et
426 3100 554 3158 omuibus
578 3112 768 3170 pressurarum
791 3099 882 3156 modis
899 3099 1086 3170 grassabatur,
1128 3097 1156 3153 in
1171 3096 1239 3168 ipsis
1254 3097 1335 3154 etiam
1351 3095 1495 3164 aecclesiis,
1513 3111 1569 3168 qno
1583 3097 1619 3156 ob
1633 3112 1715 3168 spem
1730 3096 1930 3170 pacisetdelen·
1990 3125 1991 3178 3

264 3189 317 3246 iste
329 3191 403 3261 juste
415 3187 553 3258 iudicans,
565 3200 628 3244 cum
643 3186 735 3257 rigore
748 3186 863 3256 iustitiae
879 3201 960 3258 prava
969 3203 1087 3260 quaeque
1127 3185 1215 3242 sionis
1240 3199 1284 3242 res
1307 3199 1371 3242 suas
1394 3187 1597 3244 conseruandae
1619 3200 1720 3246 omnes
1747 3193 1929 3262 congesserint
1990 3201 1991 3206 ’

264 3277 292 3334 in
308 3276 413 3334 directa
432 3275 596 3342 reformans,
612 3275 647 3331 ab
667 3273 794 3332 omnibus
813 3275 917 3346 pariter
934 3277 1085 3334 amabatur.
1128 3288 1144 3331 a
1163 3274 1401 3345 contemptoribus
1414 3274 1463 3330 Dei
1478 3275 1621 3334 innumera
1635 3277 1710 3334 clam
1724 3284 1753 3335 et
1766 3279 1849 3350 palam
1863 3275 1931 3332 sauri

263 3369 338 3425 Uxor
354 3363 433 3439 (151)
454 3371 545 3422 autem
565 3362 639 3436 regis
657 3364 685 3420 in
706 3370 797 3434 partes
816 3363 982 3436 Burgundiae
1000 3367 1086 3422 alu·
1128 3363 1199 3436 legia
1227 3363 1357 3435 plorabili
1382 3364 1524 3434 maiestate
1551 3366 1705 3437 imperioso
1732 3368 1831 3440 passim
1851 3377 1931 3422 come

263 3471 330 3528 rego
353 3455 509 3522 divertens,
534 3453 563 3509 in
582 3451 701 3524 quodam
724 3450 838 3509 castello
862 3466 931 3522 suo,
959 3454 1089 3524 plurimas
1128 3454 1258 3526 gnabant.

263 3544 488 3618 Burgundionum
509 3541 567 3598 illic
588 3553 702 3613 passura
721 3541 848 3612 iniuriat,
864 3541 927 3612 plus
940 3555 1022 3613 qnam
1036 3558 1089 3600 an·
1165 3545 1213 3600 ilis
1236 3543 1356 3613 denique
1375 3541 1493 3602 domnus
1515 3541 1689 3614 apostolicus
1711 3545 1822 3614 audids,
1845 3545 1932 3602 litteras

264 3647 330 3692 nnm
352 3631 498 3691 dimidium
522 3629 691 3687 morabatur.
707 3630 813 3701 Quippe
836 3630 1003 3700 basiliensis,
1019 3634 1088 3690 Lau-
1130 3631 1202 3704 (153)
1217 3631 1376 3704 specialiter
1389 3631 1489 3702 legatis
1504 3634 1563 3690 suis
1576 3646 1629 3690 nec
1643 3648 1703 3692 non
1723 3635 1848 3694 omnibus
1858 3633 1932 3705 quiin

265 3723 410 3781 sennensis
429 3729 457 3780 et
475 3721 643 3793 argentinus
665 3719 858 3791 antiepiscopi,
874 3735 936 3777 cum
961 3723 1089 3780 omnibus
1128 3723 1305 3780 theotonicis
1328 3721 1453 3792 partibus
1474 3727 1549 3790 sunt,
1572 3724 1728 3793 majoribus
1744 3729 1773 3783 et
1790 3724 1931 3788 minoribus,

266 3826 338 3883 qnos
363 3811 398 3868 ad
425 3825 455 3867 se
479 3814 658 3877 attraxerant,
683 3823 746 3866 mox
769 3808 872 3880 praedis
897 3809 1036 3868 incendiis
1060 3819 1088 3868 et
1130 3811 1341 3877 transmittebat,
1365 3815 1425 3868 toto
1448 3811 1510 3868 nisu
1538 3824 1634 3868 revera
1666 3813 1932 3886 percupientissimus,

268 3900 434 3958 omnimodis
462 3898 669 3970 persuasionum
693 3901 721 3954 et
748 3897 983 3970 impugnationum
1007 3915 1087 3972 pres·
1129 3906 1159 3958 ιιι
1178 3899 1303 3971 quolibet
1316 3899 1427 3970 ingenio
1442 3905 1546 3970 posset,
1562 3900 1668 3958 nostris
1682 3903 1709 3959 ei
1732 3901 1933 3974 mammutius

267 3990 340 4046 suris
354 3995 453 4046 cuncta
465 4002 527 4058 quan
541 3987 575 4042 ad
591 4000 683 4058 regem
698 3987 873 4059 pertinebant
887 3988 1088 4048 studiosissime
1129 3989 1328 4060 componenda
1342 3989 1419 4059 pacis
1433 4003 1516 4046 causa
1524 3990 1553 4046 in
1565 3989 1637 4046 banc
1652 3992 1772 4061 patriam
1786 3991 1933 4064 perveniret.

269 4079 456 4145 devastabant,
480 4090 624 4148 quousque
648 4083 733 4133 totam
757 4075 841 4134 lerme
868 4077 943 4134 illam
972 4079 1087 4150 patriam
1129 4080 1159 4137 ln
1188 4079 1241 4146 his,
1266 4078 1389 4149 inquam,
1413 4077 1514 4135 litteris
1540 4077 1638 4151 legatis
1663 4083 1725 4139 suis
1753 4083 1888 4154 pracepit,
1913 4081 1935 4133 ut

268 4167 322 4225 sibi
337 4169 450 4239 regique
469 4179 520 4222 suo
539 4164 732 4234 subiiciebant.
757 4166 804 4222 Set
822 4180 877 4223 non
897 4168 1000 4240 absque
1016 4170 1088 4227 malo
1129 4173 1276 4240 utrumque
1295 4181 1387 4240 regem
1410 4167 1564 4224 firmissime
1588 4179 1806 4241 praemonerent,
1825 4170 1935 4243 quatinus

268 4261 296 4312 et
311 4253 475 4311 detrimento
494 4264 555 4310 sno.
576 4253 621 4310 iiis
635 4254 737 4325 quippe
751 4269 767 4309 a
779 4253 913 4312 militibus
928 4257 1001 4330 regis
1014 4259 1088 4314 iiou·
1129 4258 1182 4316 sibi
1197 4257 1266 4314 viam
1285 4271 1347 4314 cum
1370 4269 1437 4329 pace
1459 4261 1487 4313 et
1511 4259 1661 4316 securitate
1685 4262 1714 4318 in
1739 4261 1790 4319 has
1812 4267 1897 4332 partes
1915 4262 1936 4312 et

268 4343 334 4402 doli
348 4343 423 4412 victi,
439 4341 503 4398 caesi
518 4347 546 4398 et
559 4339 645 4413 iugali
659 4349 724 4399 sunt
738 4343 961 4414 Burgundionum
976 4353 1083 4417 turmae,
1094 4347 1191 4438 Dhos,
1207 4347 1236 4403 in
1259 4345 1361 4416 quibus
1382 4343 1522 4402 conhdere
1544 4353 1647 4416 posset,
1668 4349 1801 4407 ductores
1819 4345 1937 4408 concede·

267 4447 329 4506 quae
353 4439 445 4506 partes
467 4429 657 4488 alemannicas
680 4431 844 4502 predaturae
867 4433 972 4504 impetu
991 4435 1085 4494 hostili
1130 4443 1202 4502 rent,
1235 4441 1266 4492 ut
1298 4435 1354 4490 Deo
1385 4431 1491 4491 lentore
1523 4439 1578 4490 ιιιιι
1610 4436 1770 4509 praecipuas
1800 4436 1937 4495 discordias

264 4523 461 4594 superbissime
471 4519 503 4552 ¹⁸⁸
521 4519 687 4576 invaserant.
1128 4525 1247 4582 sedaret.
1272 4525 1305 4579 Et
1327 4522 1404 4580 illum
1424 4524 1471 4593 qui
1495 4523 1548 4580 sibi
1572 4525 1600 4581 in
1625 4525 1677 4584 hac
1696 4541 1781 4585 causa
1800 4533 1827 4584 et
1844 4522 1937 4584 ceteris

300 4614 358 4670 lies
382 4615 472 4667 antem
496 4608 641 4665 Heinricus
664 4608 698 4664 ab
722 4608 797 4664 iilma
816 4622 847 4664 se
869 4610 898 4665 in
927 4611 1087 4686 l‘agoariam
1128 4615 1205 4686 regni
1245 4611 1460 4683 sapientioribus
1484 4618 1512 4668 et
1539 4612 1703 4672 melioribus
1736 4617 1889 4675 consentire
1916 4619 1938 4668 ei

264 4701 412 4772 proripuit,
437 4706 466 4756 et
489 4696 584 4753 divisis
610 4696 682 4753 luter
710 4710 775 4753 suos
799 4703 826 4752 et
854 4698 933 4754 ducis
952 4700 1030 4756 Welll
1058 4709 1086 4760 et
1126 4703 1252 4761 oboedire
1279 4701 1376 4767 nollet,
1401 4700 1510 4771 publica
1538 4705 1825 4764 excommunicatione
1847 4705 1878 4759 ab
1895 4715 1937 4756 rer·

263 4797 426 4848 caeterorum
444 4787 497 4843 sibi
520 4785 711 4842 rebellantium
734 4785 876 4842 beneflciis
894 4793 922 4842 et
941 4789 1082 4848 aecclesia-
1125 4793 1218 4851 cleslae
1241 4789 1371 4847 membris
1393 4789 1550 4847 damnatum
1578 4793 1692 4850 omnino
1717 4799 1893 4866 separarent,
1916 4789 1937 4845 el

263 4893 324 4938 rum
351 4879 442 4947 bonis,
457 4880 501 4934 set
527 4875 643 4932 mamma
671 4873 849 4943 Pataulensls,
869 4887 965 4934 omnes
995 4893 1081 4950 quos·
1123 4889 1214 4940 antem
1238 4879 1286 4952 qul
1311 4876 1458 4949 oboediret,
1478 4879 1555 4952 regni
1580 4881 1772 4942 monarchiam
1800 4880 1937 4955 apostolica

939 5053 1052 5114 11111111
1075 5056 1268 5117 111011οΝ118.

297 5157 330 5192 ¹²⁸
348 5155 434 5216 totins
448 5152 491 5212 ed.
529 5149 563 5186 ¹¹⁸
580 5149 738 5224 superbisse
752 5149 780 5208 2.

1050 5305 1159 5366 NOTAE.

276 5457 377 5586 gibi)
393 5453 552 5521 adelheida,
563 5450 760 5512 sorornerttrae
775 5463 790 5505 r
835 5463 877 5508 uae
893 5449 987 5510 uxoris
1001 5453 1083 5512 licin-
1160 5451 1230 5542 (liii
1243 5453 1312 5514 Vide
1326 5454 1396 5512 inira
1410 5453 1466 5542 ecl.
1481 5453 1545 5524 lot,
1560 5457 1623 5517 402.

260 5545 301 5587 ιιι
330 5531 373 5598 lV,
392 5529 479 5585 altera
497 5522 608 5584 liudold
632 5522 743 5594 coniux.
765 5521 795 5580 vt
818 5565 825 5578 .
850 5520 884 5578 ad
908 5536 972 5580 ann.
1002 5524 1079 5584 rma.
1158 5525 1230 5610 (103)
1244 5527 1285 5584 Ex
1306 5528 1431 5599 Gregorii
1450 5529 1495 5586 1111
1519 5530 1629 5602 liegest.
1650 5531 1695 5599 lv,
1711 5531 1760 5602 zi,
1776 5533 1811 5592 ad
1831 5535 1939 5590 Bernar-

260 5603 320 5660 tiss.
1121 5596 1186 5656 dum
1200 5599 1346 5658 draconum
1361 5606 1390 5658 et
1404 5599 1573 5660 &ruendum
1585 5602 1726 5661 ιιιιιιιοιι.
