4108 6164
188 279 241 338 tat
749 275 896 334 somnes
913 267 1122 330 lnufflbrlsc.
1142 270 1310 328 noronte.
1821 267 1869 326 188

219 425 257 480 De
286 427 382 478 sancto
410 421 501 477 Marco
525 419 645 477 medium
669 417 766 474 testum
795 416 899 486 agitur,
926 399 1093 476 audien
1108 411 1249 484 processio
1264 425 1324 469 curn
1344 401 1422 474 347
1442 426 1524 470 cruce
1536 417 1564 469 et
1578 409 1753 470 ceroferariis
1772 409 1806 468 ad
1825 427 1871 470 ec·

184 494 258 567 quod
282 493 381 550 iesium
405 493 429 548 si
457 493 487 547 io
511 491 602 562 aliqua
626 489 766 546 Dominlca
795 492 859 557 post
882 491 1004 542 octavam
1048 485 1157 541 clesiam
1182 485 1272 539 Sancti
1291 485 1405 540 ioannis
1427 499 1488 540 cum
1513 499 1593 554 capsa
1621 485 1695 540 beati
1719 482 1814 539 Laudi.
1838 485 1870 540 in

186 567 298 624 Pascite
322 565 454 629 evenerit,
481 569 566 619 totum
587 561 682 618 iletde
702 559 782 624 testo,
799 558 1006 614 commemoria
1048 565 1123 612 motu
1152 555 1337 626 processionis
1363 556 1479 626 incipiat
1506 563 1603 612 cantor
1627 557 1694 628 qo
1722 555 1780 621 ius,
1805 569 1868 612 cum

187 641 221 696 de
247 638 388 693 Dominiea
411 643 439 692 et
461 636 544 690 missa
567 631 729 696 matutinali,
754 635 782 685 et
804 629 832 684 in
857 630 1006 685 crastinum
1047 643 1128 684 versu
1143 635 1171 684 et
1186 627 1287 684 Gloria.
1308 628 1338 682 ln
1362 627 1478 684 introitu
1493 627 1618 684 ecciesiae
1641 627 1734 683 Sancd
1756 628 1870 684 ioannis

187 710 330 782 processio
354 713 382 763 ei
401 707 554 778 jejunium
578 705 601 760 si
625 704 652 757 in
673 703 741 772 ipsis
759 702 864 757 octavis
883 701 1006 766 Paschae,
1049 703 1161 770 nister
1175 704 1261 754 auios.
1279 698 1368 755 Finito
1388 700 1564 769 responsorio
1589 699 1665 768 prior
1682 699 1819 768 vesperas
1832 700 1872 755 in·

187 781 330 853 processio
341 781 368 834 in
380 778 427 834 iilo
447 791 518 833 anno
534 791 567 832 er
580 779 638 830 toto
653 773 812 840 dimittitur,
828 771 928 828 iestum
941 783 1007 826 vero
1049 772 1144 841 cipiet,
1160 785 1222 840 que
1243 770 1373 826 dicuntur
1384 771 1481 826 eodem
1500 771 1583 826 modo
1599 784 1654 840 quo
1668 784 1762 840 supra.
1778 771 1871 826 Scien-

188 859 252 924 post
264 856 375 908 octavas
389 849 499 906 Paschae
514 860 574 902 cum
590 845 686 916 primis
700 847 829 914 vesperis
839 844 1005 899 celebratur.
1049 843 1114 899 dom
1129 841 1202 912 quod
1219 855 1320 910 corpus
1334 842 1406 898 beati
1419 842 1502 898 Laudi
1517 841 1600 898 debet
1612 841 1650 898 ibi
1665 842 1768 898 morari
1782 855 1870 912 usque

224 923 264 980 Ad
288 924 408 988 missam,
428 920 550 976 bilicium
570 917 724 982 Protrahit,
741 922 795 970 etc.
817 917 881 971 Post
900 917 1008 970 Seritam
1049 920 1112 984 post
1136 914 1270 968 crastinas
1293 914 1438 982 vesperas,
1461 919 1489 969 et
1512 914 1597 969 debet
1619 913 1751 970 continue
1775 925 1870 969 coram

189 995 254 1050 durn
277 993 377 1049 iratres
395 993 423 1048 in
443 990 634 1046 dormitorium
650 1001 751 1057 cappas
766 986 880 1042 iuduere
896 992 1009 1056 propter
1050 999 1132 1055 capsa
1147 985 1244 1040 ardere
1260 998 1356 1040 cereus
1379 998 1395 1041 a
1419 985 1580 1056 presbytero
1604 986 1728 1054 ejusdem
1742 984 1870 1041 ecciesiae

189 1067 393 1138 processionem
409 1061 590 1133 perrexerint,
604 1061 770 1115 secretarius
794 1071 877 1113 unum
901 1059 935 1113 dc
954 1071 1009 1112 ma·
1050 1063 1230 1126 praeparatus.
1246 1056 1331 1111 Dictis
1345 1057 1472 1125 vesperis
1486 1062 1637 1112 conventus
1651 1056 1720 1112 nibli
1735 1055 1871 1112 maundo

186 1138 296 1208 loribus
309 1133 394 1206 signis
409 1141 451 1187 ter
465 1129 602 1187 modicum
618 1131 727 1202 puiset;
753 1129 852 1186 deinde
871 1137 932 1198 post
945 1143 1010 1198 pau·
1050 1129 1206 1185 revertitur.
1223 1129 1287 1182 Post
1300 1128 1525 1197 completorium,
1543 1127 1616 1184 iacto
1632 1128 1708 1183 brevi
1727 1127 1872 1184 intervallo

190 1205 395 1264 iuiumcunctls
416 1204 443 1258 in
464 1203 578 1259 chorum
603 1203 734 1264 reversis,
751 1202 871 1271 primoa
895 1207 1009 1256 cantore
1051 1200 1176 1269 pulsetur
1199 1199 1344 1254 classicum
1374 1199 1408 1254 ad
1437 1201 1607 1255 ilatutinum.
1636 1199 1824 1256 indistorium
1856 1212 1873 1254 a

189 1278 338 1347 antiphona
361 1277 493 1344 Easurqe,
514 1275 633 1341 Domine,
658 1274 823 1344 imponatur.
853 1273 1009 1328 iiebdcma-
1050 1276 1178 1340 quatuor,
1204 1277 1231 1326 et
1254 1276 1355 1325 caetera
1376 1271 1448 1326 sicut
1472 1272 1500 1327 in
1524 1270 1667 1327 trinitate.
1687 1270 1872 1327 Omnesantl·

188 1350 295 1414 darius,
319 1348 390 1402 sicut
409 1353 451 1402 est
475 1347 502 1400 in
526 1359 613 1414 cappa
636 1359 700 1411 sua,
727 1357 840 1413 asperso
864 1343 1009 1414 principaii
1051 1344 1150 1412 pitouae
1174 1355 1235 1396 cum
1262 1348 1408 1411 pneumate
1431 1343 1571 1398 liniantur.
1596 1342 1716 1397 iiomiiia
1735 1343 1763 1397 in
1782 1355 1871 1412 cappa

188 1420 277 1486 altari,
293 1425 457 1475 conventum
482 1418 564 1472 etiam
589 1416 686 1472 ordine
715 1421 850 1471 corisueto
870 1421 1007 1485 aspergat,
1049 1414 1137 1470 serica
1155 1413 1271 1482 legatur,
1288 1419 1315 1468 et
1337 1427 1409 1469 nona
1424 1412 1506 1468 lectio
1521 1413 1648 1468 similiter
1659 1413 1687 1468 ln
1700 1425 1787 1483 cappa
1802 1425 1872 1468 can-

188 1497 284 1562 postea
308 1491 382 1546 dicat
405 1503 512 1544 versum
538 1489 649 1544 Ostende
671 1486 756 1555 nohis,
776 1487 894 1553 Domine,
910 1487 1010 1541 muen-
1051 1485 1171 1541 dolabris
1186 1484 1378 1554 praesentibus.
1394 1485 1434 1540 lid
1458 1484 1574 1550 Laudes,
1591 1485 1624 1540 ad
1640 1483 1797 1540 Benedictus
1812 1489 1869 1540 ant.

188 1563 305 1619 cordium
328 1567 408 1617 tuom.
434 1560 558 1615 Dominus
577 1559 716 1626 schacum,
742 1563 769 1613 et
793 1560 946 1614 orationem
975 1557 1009 1612 de
1050 1558 1174 1627 Apertum
1189 1560 1227 1611 est
1241 1561 1284 1610 ter
1298 1555 1414 1624 canitur,
1430 1557 1517 1626 primo
1541 1569 1628 1626 usque
1651 1558 1687 1612 Di
1704 1555 1870 1627 prophetavit

185 1635 302 1705 jejunio.
327 1634 403 1687 Tunc
427 1631 552 1686 ordinata
577 1631 752 1700 processione
777 1629 890 1698 incipiat
914 1634 1011 1684 cantor
1051 1628 1149 1683 dicerm
1178 1627 1248 1682 Psal.
1278 1626 1443 1696 Benedictus,
1470 1628 1622 1698 incipitur,
1652 1627 1695 1682 bia
1722 1626 1874 1697 imponitur

187 1705 365 1774 antiphonam
389 1705 421 1757 iu
443 1702 546 1757 nondam
560 1702 673 1766 Domini,
697 1705 724 1756 et
744 1699 810 1755 alias
833 1701 1008 1770 antiphonas,
1053 1700 1146 1770 priori.
1165 1700 1309 1754 Processio
1324 1698 1358 1754 ad
1373 1699 1469 1754 altare.

189 1781 321 1846 wantum
344 1787 415 1844 opus
437 1773 529 1838 luerit,
555 1787 641 1842 usque
664 1772 697 1827 ad
722 1773 863 1827 introilum
884 1772 1009 1828 ecciesiae
1088 1771 1168 1825 iiissa
1183 1769 1351 1826 matutinaiis
1365 1769 1399 1825 ad
1423 1770 1509 1826 altare
1528 1770 1621 1826 Sancti
1635 1768 1749 1827 loannis
1762 1769 1873 1838 deipso

189 1847 280 1902 Sancti
298 1845 421 1901 ioannis.
438 1847 468 1899 in
487 1846 602 1899 introitu
618 1845 743 1898 ecclcsiae
758 1844 910 1912 praedictae,
928 1860 951 1912 tq
967 1846 1010 1898 in·
1050 1841 1106 1898 ilat.
1122 1841 1248 1896 lliilcium
1268 1843 1359 1897 iaetus
1381 1846 1409 1897 ui
1430 1841 1533 1913 pulmo.
1557 1842 1651 1898 Oratio
1665 1839 1793 1908 Concede,
1804 1853 1874 1911 qute-

188 1923 228 1974 ter
245 1921 320 1972 notos
335 1915 479 1972 raulieaunt.
503 1916 613 1970 interim
635 1915 766 1971 sacerdos
789 1922 816 1970 et
839 1915 955 1970 ministri
975 1914 1009 1969 ad
1049 1927 1147 1967 summ.
1168 1912 1290 1981 Epistola
1313 1914 1423 1968 Faciunt
1445 1918 1484 1968 est
1504 1912 1609 1968 amman
1634 1913 1738 1968 Dotnini
1757 1911 1794 1966 od
1821 1924 1873 1979 rae,

189 1990 298 2044 missam
323 2002 352 2043 se
376 1987 507 2044 velociter
523 2001 578 2056 prae
600 1993 678 2042 arent
697 1986 899 2042 celebrandam.
920 1986 1010 2041 Finito
1051 1985 1149 2040 dimus.
1174 1983 1308 2040 Graduale
1322 1985 1411 2040 iustus
1428 1987 1456 2038 ut
1473 1983 1574 2054 pulmo.
1595 1983 1872 2053 libidinisque.

189 2061 366 2130 responsorio
392 2059 465 2114 dicat
489 2072 567 2114 sacer
588 2071 619 2113 os
642 2071 749 2113 versum
769 2059 830 2113 Fuit
853 2058 928 2112 homo
950 2057 1010 2112 nu's·
1050 2054 1225 2126 Evangeiium
1250 2055 1323 2110 llicit
1338 2055 1488 2110 Zacharias
1504 2055 1540 2110 od
1554 2055 1682 2124 unqeium.
1699 2054 1875 2111 Diicrtorium

187 2163 242 2216 sus,
264 2155 292 2205 ct
316 2148 468 2204 orationem
489 2149 600 2213 Proeto,
621 2161 776 2218 quaesomus,
797 2137 874 2208 345
895 2147 1009 2216 omnipo·
1051 2148 1084 2200 ia
1106 2145 1210 2208 uirtute,
1235 2143 1396 2200 communio
1418 2143 1544 2208 Posuisti,
1573 2143 1691 2199 Domine.
1721 2133 1800 2206 348
1832 2142 1874 2199 rid

190 2225 246 2277 teas
269 2220 350 2286 Deus,
372 2223 400 2274 ui
421 2217 534 2290 fartilia.
559 2217 683 2274 Oillcium
699 2218 843 2273 Eanudiut‘t
858 2218 890 2272 de
905 2216 1007 2288 iertpio.
1051 2217 1179 2282 Tertiam,
1196 2222 1253 2270 ant.
1269 2215 1423 2280 turmioni,
1447 2221 1500 2270 etc.
1526 2216 1701 2286 Quacumque
1716 2215 1761 2271 die
1779 2227 1876 2270 evene·

188 2290 278 2347 Oratio
307 2293 418 2357 Praesto,
444 2303 598 2374 quesumus.
628 2292 665 2346 De
694 2290 722 2345 S.
751 2290 855 2344 loanne
886 2289 930 2343 ilat
956 2301 1011 2343 me·
1051 2287 1097 2354 rit,
1113 2287 1254 2356 processio
1276 2286 1365 2342 datin
1385 2287 1600 2356 capplssericis.
1619 2286 1659 2343 ild
1684 2287 1793 2342 missam
1810 2283 1875 2342 Dili-

189 2363 275 2418 moria
299 2375 361 2417 cerm
385 2367 511 2417 oratione
536 2361 679 2432 predicta,
703 2361 737 2416 de
761 2359 889 2416 omnibus
907 2360 1010 2415 sanctis
1051 2359 1123 2415 cium
1145 2361 1184 2413 De
1205 2362 1303 2413 ocutrc.
1323 2358 1425 2428 ii'qrie,
1452 2359 1641 2430 camupctem.
1670 2358 1765 2414 oratio
1793 2359 1873 2424 Deae,

75 2485 84 2503 ‚
189 2433 321 2490 memoria
340 2447 402 2488 cum
421 2433 547 2488 oratione
571 2433 698 2497 Concede,
714 2447 869 2502 quesumus,
889 2437 943 2486 etc.
969 2431 1008 2486 lid
1051 2431 1277 2555 quisroeecntem.
1303 2429 1563 2498 epistolunculae,
1586 2427 1676 2485 issue
1701 2429 1729 2484 ln
1747 2427 1874 2499 palpito;

187 2504 258 2560 itanc
282 2505 391 2559 missam
417 2505 508 2559 omnia
531 2503 649 2572 quelli
673 2502 706 2558 ad
731 2503 871 2558 seruitium
887 2507 950 2557 sunt
964 2515 1012 2557 ne-
1050 2515 1099 2572 qra
1121 2501 1183 2556 uaie
1197 2503 1353 2571 Pnusquom
1376 2505 1401 2556 te
1422 2499 1810 2570 iormoren..liieiuiu,1nier
1827 2513 1876 2554 no-

188 2575 308 2632 cessaria
322 2575 463 2630 secretarii
488 2574 645 2644 provisione
664 2573 731 2630 iiiuc
754 2575 857 2631 dehent
871 2587 931 2630 esse
945 2580 1009 2629 ante
1051 2577 1101 2628 tos.
1124 2572 1300 2643 Evangeiium
1320 2570 1457 2627 Elisabeth
1475 2571 1608 2642 impletum
1625 2576 1673 2628 est.
1697 2569 1874 2628 Odertorlum

189 2645 288 2703 delata.
314 2646 427 2715 Expleta
452 2648 534 2701 missa
558 2647 650 2701 statim
669 2645 725 2701 duo
748 2643 847 2701 iratres
866 2645 895 2700 in
918 2646 1010 2701 medio
1050 2647 1139 2700 iustus
1158 2644 1194 2699 od
1211 2642 1311 2715 pulmo.
1332 2643 1493 2699 communio
1510 2645 1549 2698 Tu
1564 2657 1640 2714 puer.

189 2723 294 2774 stantes
308 2717 430 2772 litaniam
444 2717 604 2787 incipiant:
629 2717 748 2784 Domine,
765 2717 873 2788 defende
892 2731 949 2773 nos.
966 2719 1011 2772 in·
1086 2716 1153 2771 Post
1166 2717 1301 2786 vesperas
1324 2713 1357 2770 ad
1383 2713 1527 2771 ecclesiam
1552 2715 1644 2771 &mcii
1667 2715 1781 2770 ioannis
1805 2711 1875 2770 nihii

187 2789 268 2846 terim
282 2787 413 2844 sacerdos
429 2793 456 2844 et
472 2788 589 2844 ministri
602 2802 632 2844 se
647 2788 826 2858 expedientes
841 2789 868 2843 in
884 2789 1009 2844 ordinem
1051 2786 1186 2842 canmndo
1202 2785 1343 2855 processio
1357 2786 1508 2856 gradiatur,
1525 2785 1619 2855 ibique
1634 2801 1650 2842 a
1668 2785 1777 2841 dnobus
1790 2797 1876 2854 capsa

188 2875 268 2917 suum
282 2859 408 2915 redeant.
425 2861 557 2917 Cantores
573 2873 634 2914 cum
649 2860 888 2930 pronuntiaverint
910 2880 916 2914 ι
941 2861 1011 2915 Son-
1051 2870 1114 2914 cum
1133 2869 1250 2928 corpore
1273 2863 1369 2912 sancto
1394 2863 1512 2927 sumpta,
1533 2858 1623 2913 statim
1647 2861 1742 2913 maior
1758 2855 1877 2926 incipiat

187 2935 227 2988 cic
240 2933 355 2987 ioannes
371 2933 503 3001 Dopit'sto,
519 2945 567 2986 oro
580 2945 630 3002 pro
644 2930 728 2996 nobb,
746 2931 840 2986 redeat
855 2930 1008 3001 processio,
1051 2945 1075 3000 n
1094 2930 1118 2985 0
1136 2943 1195 2983 uere
1213 2927 1359 2999 spirituale,
1379 2941 1441 2984 cnm
1459 2943 1540 2984 versu
1554 2935 1583 2984 et
1596 2927 1698 2985 Ginaia.
1713 2927 1743 2983 in
1757 2927 1875 2983 introitu

188 3003 283 3058 litania
297 3015 362 3057 vero
378 3002 528 3056 secundum
544 3001 724 3072 quantitatem
745 3001 852 3056 itineris
872 3002 1009 3072 produca—
1053 2999 1178 3056 ecclesiae
1202 2999 1317 3056 Obeute
1337 2999 1452 3070 mesni,
1474 2999 1575 3055 Laude.
1600 2999 1619 3061 ri
1644 2999 1699 3056 Oro
1720 3011 1769 3070 pro
1788 2997 1873 3054 nabin

189 3077 234 3128 tur
247 3072 290 3127 rei
304 3071 453 3127 brevietur.
470 3073 520 3138 Qui
535 3085 594 3127 eam
616 3073 770 3140 precinunt
790 3073 818 3127 in
839 3071 930 3128 medio
946 3085 1010 3128 con·
1020 3064 1041 3125 G
1052 3072 1155 3137 Oratio,
1171 3073 1223 3138 Do,
1240 3085 1394 3141 quesumus,
1410 3073 1581 3143 omnipotens.

186 3149 268 3199 ventu
298 3142 378 3197 simui
407 3143 545 3197 incedant.
578 3142 667 3196 Finita
696 3143 808 3209 litania,
844 3143 878 3197 ad
909 3144 1010 3213 gradus
1086 3144 1116 3197 in
1131 3141 1201 3198 iesto
1218 3143 1247 3197 S.
1270 3142 1380 3198 Eusebil
1397 3143 1575 3210 contessoris,
1594 3142 1629 3198 ad
1644 3141 1802 3198 liatutinum
1818 3145 1875 3197 tres

188 3213 265 3271 chori
294 3211 368 3269 dicat
397 3213 527 3269 sacerdos
550 3211 571 3271 i
599 3213 656 3266 voa
679 3211 785 3279 laetitios,
806 3217 834 3269 ct
858 3217 1010 3270 orationem
1051 3215 1195 3269 lectiones.
1216 3215 1272 3268 iiac
1291 3214 1337 3269 die
1351 3213 1380 3269 in
1396 3214 1517 3284 capitulo
1532 3212 1604 3285 lien,
1620 3211 1781 3286 capitulum]
1803 3214 1876 3270 sicud

187 3283 335 3342 chaumes
355 3285 390 3339 od
414 3289 448 3351 le,
468 3285 585 3338 Dorninc.
602 3285 677 3338 Tunc
692 3285 825 3354 depositis
840 3287 935 3356 cappis
951 3286 1011 3356 pui-
1051 3286 1079 3340 in
1099 3284 1190 3354 vigilia
1215 3284 1318 3340 ivataiis
1337 3286 1445 3340 Domini
1469 3285 1584 3341 honeste
1600 3285 1684 3342 debet
1704 3285 1873 3356 preparari:

187 3362 264 3413 setur
286 3356 320 3412 ad
343 3357 458 3411 Nonam.
484 3356 513 3411 in
539 3353 686 3411 refectorio
708 3355 791 3412 lectio
816 3357 880 3424 Quis
898 3363 1010 3412 oestrum
1051 3355 1246 3426 pronuntiante
1270 3355 1375 3411 lectore
1396 3357 1525 3412 Dorroitio
1544 3362 1643 3412 sancitu
1656 3357 1762 3423 Mene,
1780 3367 1875 3412 omnes

187 3425 291 3483 habehit
306 3428 426 3482 animm.
442 3427 597 3482 Notandum
614 3425 699 3496 quod,
716 3428 826 3496 quando
843 3428 896 3484 boc
912 3427 1011 3484 testum
1051 3429 1079 3483 in
1095 3435 1196 3482 terram
1216 3441 1245 3482 se
1259 3433 1443 3497 prosternant,
1460 3428 1640 3484 recordantes
1654 3435 1682 3484 et
1695 3441 1790 3485 secum
1806 3441 1872 3498 per-

187 3499 258 3555 inira
273 3497 473 3554 hebdomadam
489 3499 643 3569 paschalem
659 3497 791 3566 evenerit,
809 3499 935 3555 dliiertur
951 3501 1010 3569 ejus
1051 3503 1202 3554 tractantes
1216 3507 1318 3568 quauta
1331 3498 1403 3554 bona
1419 3499 1552 3569 perhanc
1571 3499 1719 3570 gloriosam
1735 3499 1873 3570 virginem

186 3571 328 3627 servitium
352 3584 439 3641 usque
463 3571 490 3625 in
506 3569 601 3626 leriam
618 3571 876 3640 poecilenstoam·
897 3585 1010 3642 proces-
1051 3571 1216 3640 accepimus.
1243 3571 1308 3627 Post
1327 3570 1525 3640 aliquantulum
1542 3572 1671 3640 spatium,
1687 3571 1751 3626 dato
1766 3571 1845 3641 signo
1859 3582 1875 3625 a

186 3643 227 3699 sio
242 3656 307 3699 vero
325 3643 386 3711 ipso
401 3641 446 3698 die
462 3656 517 3714 quo
536 3640 635 3697 iestum
650 3644 772 3698 evenerit
787 3642 943 3698 celebratur
957 3644 1010 3700 boc
1052 3642 1167 3712 praelato
1182 3647 1304 3712 surgant,
1321 3648 1350 3697 et
1371 3641 1460 3698 lector
1474 3655 1536 3712 quae
1551 3649 1658 3698 restant
1671 3648 1873 3712 prosequatur;

188 3714 280 3771 modo.
305 3714 435 3769 ordinata
460 3714 637 3784 processione
661 3715 752 3769 statim
777 3713 832 3771 duo
851 3714 885 3770 ad
909 3715 1010 3785 gradus
1051 3721 1146 3784 postea
1171 3713 1279 3783 legatur
1303 3713 1385 3768 lectio
1410 3712 1444 3768 de
1469 3713 1617 3784 Evangelio
1632 3712 1770 3770 Daioiicnt
1788 3727 1875 3769 uocem

185 3785 319 3854 incipiant
342 3784 431 3852 Scire,
454 3785 521 3855 sesto
548 3785 613 3852 dies,
640 3793 790 3840 conventus
815 3799 865 3855 per
887 3786 1010 3856 singulos
1051 3785 1171 3855 quaedem
1185 3783 1286 3839 mehe.
1303 3786 1333 3839 in
1349 3785 1403 3840 iine
1418 3798 1483 3841 vero
1503 3785 1627 3854 capituli,
1644 3791 1698 3840 mm
1718 3785 1801 3854 nujus
1818 3783 1874 3840 diei

186 3887 282 3928 versus
297 3877 404 3940 repetat
419 3885 493 3927 nunc
503 3869 594 3937 Salac,
608 3886 682 3927 nunc
697 3875 755 3940 Qud
769 3875 849 3936 Deus,
871 3864 948 3935 346
973 3875 1009 3929 ita
1051 3870 1133 3925 quam
1149 3864 1213 3911 0⁶1⁰
1229 3856 1467 3925 svllsevvessfivms
1489 3855 1598 3912 divam?
1618 3857 1737 3928 P⁸³¹¹¹¹¹¹⁸
1754 3855 1876 3912 4444Μο

186 3940 324 4000 canendo
347 3942 499 4010 procedant
516 3941 551 3996 ad
567 3942 712 3998 ecclesiam
727 3944 819 3999 sancd
833 3945 955 4000 ioannis.
979 3945 1009 4000 ln
1051 3934 1128 4005 349
1149 3944 1298 4012 mutuum,
1325 3959 1412 4000 omnes
1439 3949 1542 4015 qmtee,
1572 3945 1671 4002 exinde
1694 3943 1785 4018 uigilia
1813 3957 1874 4000 cum

186 4014 302 4070 introitu
330 4013 456 4068 ecciesiae
481 4030 504 4084 tq
527 4015 602 4068 Inter
630 4018 720 4080 notos,
752 4028 813 4070 cum
840 4029 920 4070 versu
949 4017 1008 4070 Fuit
1050 4029 1148 4084 magno
1170 4016 1271 4086 gaudio
1293 4015 1460 4082 celebretur,
1484 4019 1695 4087 prostrationes,
1719 4017 1816 4088 psalmi
1833 4015 1873 4072 ia·

137 4115 141 4122 ·
186 4085 271 4152 hono,
288 4083 456 4140 eiuratione
475 4085 587 4150 Praesto,
608 4099 763 4155 quesurnus,
780 4091 807 4140 et
822 4090 888 4140 tunc
904 4085 1006 4142 ibidem
1051 4086 1173 4141 miliares
1198 4088 1426 4143 intermittuntur.
1458 4090 1611 4160 sequentes
1640 4091 1720 4146 iiorae
1749 4089 1784 4144 dc
1812 4089 1873 4158 ipsa

187 4157 269 4212 missa
291 4169 347 4211 non
372 4153 537 4221 celebratur,
563 4156 611 4210 sed
637 4155 709 4211 iacto
725 4157 910 4226 qualicunque
925 4157 1010 4212 iuter·
1051 4159 1161 4228 virgine
1176 4157 1312 4226 dicautur,
1329 4159 1435 4214 etiamsi
1451 4160 1591 4216 Dominica
1612 4159 1658 4227 sit,
1676 4173 1737 4216 cum
1758 4158 1875 4216 collecta

189 4227 272 4294 valio,
297 4227 423 4283 ordinata
452 4226 629 4297 processione
654 4233 781 4284 cantores
805 4229 833 4283 in
857 4228 1009 4296 redeundo,
1051 4229 1202 4299 derigiiia.
1220 4229 1385 4286 admissam
1404 4230 1527 4287 Officium
1548 4231 1639 4298 Seiae
1654 4237 1747 4287 sonmo
1760 4233 1872 4287 Porcus.

184 4299 232 4356 ubi
257 4299 333 4370 prius
357 4298 493 4366 dnierant,
513 4299 687 4369 incipientes,
709 4301 849 4356 residuum
868 4313 1006 4368 lemnum,
1050 4301 1184 4356 Graduaie
1210 4301 1360 4369 Benedicta,
1387 4303 1421 4357 ad
1447 4303 1552 4358 Gradus
1575 4303 1603 4358 in
1624 4303 1720 4374 cappis
1739 4303 1835 4358 seriois
1859 4313 1875 4356 a

187 4377 320 4442 quantum
342 4384 412 4441 opus
435 4369 527 4438 iuerit,
544 4377 758 4441 prosequuntur,
775 4373 876 4441 quibus
897 4371 924 4426 in
943 4372 1161 4451 cbo-Dduobus
1176 4379 1320 4440 cantetur;
1346 4373 1369 4429 si
1385 4374 1525 4431 Dominica
1547 4373 1640 4440 luerit,
1660 4372 1786 4442 Albiuiu,
1808 4373 1873 4430 Posi

186 4457 246 4498 rum
270 4443 388 4498 reversis
403 4444 533 4498 sacerdos
556 4441 590 4497 ad
614 4443 715 4513 gradus
737 4444 810 4500 dicat
825 4457 932 4498 versum
952 4445 1009 4498 voa
1049 4448 1174 4516 permar,
1204 4443 1330 4500 similiter
1358 4445 1386 4500 in
1415 4446 1511 4515 cappis
1536 4459 1552 4500 a
1583 4445 1681 4502 tribus.
1716 4445 1874 4515 Sequentia,

186 4513 293 4571 lutitiae.
310 4515 403 4571 Oratio
414 4517 526 4580 Praesto,
539 4529 693 4584 quaesamus.
1051 4515 1133 4572 Credo
1153 4521 1181 4570 et
1205 4515 1330 4586 praelatio
1355 4515 1482 4584 [scilicet‚
1509 4517 1631 4586 propria]
1656 4529 1712 4572 non
1735 4516 1873 4573 dicantur.

221 4587 259 4642 De
283 4585 418 4656 apostolis
440 4584 568 4668 Philippo
582 4586 735 4654 etiacobo,
757 4585 790 4642 ad
811 4587 1009 4670 secundasve·
1050 4586 1224 4669 Euangeliou
1243 4589 1352 4670 Pactum
1375 4593 1422 4670 est,
1447 4601 1504 4642 mm
1528 4587 1684 4672 loqueretur,
1707 4600 1768 4643 cum
1788 4587 1876 4643 cereis

183 4659 502 4800 invisibilii:
518 4657 1008 4854 tl..{titillantibus
1051 4658 1874 4801 titilius.iltltdlllli.validitate

184 4805 293 4860 exeant.
309 4799 428 4870 indeque
443 4814 505 4857 curn
520 4802 596 4870 antip
618 4813 671 4856 ona
690 4800 725 4857 de
744 4802 920 4871 martyribus,
933 4801 1010 4858 Filio
1051 4800 1085 4857 ad
1109 4801 1223 4858 Nonam.
1248 4803 1277 4856 in
1300 4800 1449 4858 reiectorio
1471 4801 1554 4859 lectio
1568 4805 1678 4859 Fwtum
1694 4806 1743 4870 est,
1766 4815 1824 4858 arm
1838 4799 1876 4856 io·

184 4867 341 4936 innoba,
359 4872 386 4925 in
402 4871 515 4928 chorum
530 4873 655 4928 redeant.
680 4873 710 4926 in
734 4872 872 4929 Laudibus
897 4887 1009 4944 proces-
1052 4876 1184 4943 quartur.

187 4941 229 4997 sio
246 4939 281 4996 ad
297 4938 466 5008 crucifixum,
483 4944 512 4998 in
532 4943 622 5000 reditu
635 4943 669 4999 de
691 4945 856 5014 martyribus
879 4945 1010 5002 memoria
1086 4945 1152 5000 llaec
1174 4943 1334 5001 solemnitas
1352 4945 1387 5000 ad
1411 4945 1618 5003 similitudinem
1642 4944 1746 5001 Natalis
1764 4943 1874 5001 Domitd

186 5013 245 5068 Luc
256 5014 396 5085 perpetuu,
409 5017 462 5066 etc.
1051 5016 1135 5072 debet
1157 5017 1302 5073 celebrari.
1326 5016 1366 5072 dd
1383 5017 1516 5087 vesperas
1539 5024 1596 5074 ani.
1624 5019 1690 5074 Toto
1708 5015 1820 5088 pulchre
1835 5029 1874 5071 ee.

222 5084 261 5139 De
275 5085 303 5139 S.
319 5084 423 5139 toanne
439 5083 560 5152 Baptista
575 5087 787 5158 duplexiestum
807 5087 901 5156 primae
921 5087 1011 5159 digni·
1051 5087 1122 5142 Psal.
1152 5089 1281 5155 Luudote,
1305 5088 1391 5159 pueri,
1417 5089 1564 5155 Dominum,
1587 5095 1642 5145 etc.
1671 5089 1772 5144 Omnes
1800 5085 1876 5142 antl-

186 5154 259 5237 tatis.
288 5153 328 5211 Ad
354 5155 488 5224 vesperas
509 5161 566 5210 ant.
592 5159 740 5214 Descendit.
768 5158 867 5214 Psalmi
896 5157 930 5214 de
953 5159 1009 5216 die.
1051 5158 1152 5228 paona
1175 5159 1209 5215 ad
1234 5161 1377 5230 vesperas,
1401 5161 1580 5228 iiatutinum,
1606 5165 1634 5216 et
1661 5158 1770 5216 Laudes
1788 5169 1876 5228 pneu-

185 5224 343 5296 ilnttpbona
367 5229 490 5297 inqream
520 5225 562 5282 bis
591 5230 742 5300 imponitur
770 5235 797 5286 et
825 5237 868 5285 ter
891 5231 1008 5286 canitur.
1053 5231 1150 5286 matice
1178 5230 1320 5286 liniuntur.
1349 5231 1505 5302 antiphona
1533 5232 1657 5288 Ascendit
1680 5231 1802 5288 Christus
1831 5229 1875 5285 bis

185 5295 258 5352 Psai.
287 5299 444 5382 dioqnillcot
473 5298 502 5353 iu
532 5300 657 5370 utrisque
682 5303 827 5372 vesperis,
852 5301 1010 5370 Palatinis,
1052 5301 1203 5372 imponitur
1229 5315 1244 5356 a
1270 5310 1442 5372 praecentore
1470 5302 1596 5374 praelato,
1626 5307 1724 5360 atter
1756 5301 1875 5370 canitur,

186 5380 367 5439 processione
389 5368 538 5436 claustrali,
555 5375 584 5426 et
604 5375 797 5443 pneumatibus
838 5387 869 5428 er
892 5372 1012 5444 singulas
1053 5373 1144 5428 omnia
1159 5373 1255 5429 altana
1271 5375 1457 5432 incensantur.

185 5439 353 5509 antiphonas
370 5442 465 5498 codem
482 5441 564 5497 modo
579 5441 609 5496 iit
623 5444 695 5500 sicut
709 5446 736 5500 in
752 5387 836 5501 irini)

183 5512 287 5568 tinatur
303 5511 389 5568 altare
405 5515 496 5570 Sancti
511 5513 635 5580 loannis,
656 5521 684 5570 et
705 5518 845 5586 juncatur.
871 5515 1014 5586 inprimis
1075 5515 1209 5574 niscatur.
1233 5518 1420 5575 invitatorium
1436 5531 1452 5575 a
1466 5526 1585 5591 quatuor
1608 5520 1637 5575 in
1660 5519 1767 5589 cappis.
1784 5517 1879 5574 iiomi·

181 5583 311 5653 vesperis
328 5595 384 5640 non
404 5583 434 5641 dt
458 5584 601 5654 processio
616 5584 651 5640 ad
676 5585 772 5645 altare.
799 5590 865 5646 Post
878 5589 1015 5658 vesperas
1055 5531 1093 5644 fia
1107 5587 1136 5645 in
1151 5601 1237 5660 cappa
1250 5591 1340 5646 serica
1353 5590 1470 5662 legatur.

829 5450 894 5501 tate.
921 5446 1014 5500 incor—
1088 5443 1129 5500 dd
1158 5446 1316 5502 liatutiuum
1344 5449 1433 5518 primo
1457 5448 1549 5504 omnla
1573 5448 1651 5519 signa
1675 5446 1703 5503 in
1728 5445 1875 5502 classicum
