4106 6178
83 303 148 362 1257
852 307 1012 364 candian.

84 434 161 488 lama
179 437 242 489 tuos
255 429 385 501 perbibet
398 435 558 492 constanter
572 432 673 504 ubique
693 431 857 502 triumphus,
912 437 940 496 A
984 433 1017 488 lit
1031 430 1126 503 perdis
1140 436 1234 488 sontes
1248 432 1324 490 caede
1343 438 1458 504 repente
1472 434 1556 492 uiros.

116 524 191 591 Quos
210 535 270 578 mea
289 534 344 578 uon
364 523 468 591 patitur
485 521 657 579 dissimulare
677 521 746 593 lyra.
947 521 1054 578 Occidit
1068 521 1113 578 bic
1125 521 1228 592 jaculo,
1245 523 1325 578 tlatus
1338 522 1403 580 buic
1418 525 1511 595 cuspis
1525 525 1637 593 ademit,

85 609 132 679 Qui
151 623 238 682 genas
252 624 269 667 a
282 624 377 681 regum
396 611 534 667 contraxit
547 611 643 680 stirpe,
660 610 787 682 probaris
982 612 1103 668 Obrutus
1117 617 1145 668 et
1159 611 1222 667 telis
1236 610 1360 682 pluribus
1375 612 1422 668 llle
1436 615 1519 684 perit.

119 699 265 756 Guaimarii
285 701 376 770 magni
396 699 469 756 illius
484 713 544 756 esse
564 699 653 756 ducis.
948 701 1008 756 Non
1024 700 1118 769 clipei,
1139 713 1193 758 non
1210 699 1303 756 loricae
1318 701 1469 757 munimina
1485 717 1587 773 corpus

87 791 171 860 liujus
185 789 212 844 in
228 788 345 858 irnperio
360 803 422 859 quae
437 802 510 845 nunc
525 794 568 844 est
582 802 674 859 parea,
689 788 819 844 salernus
984 788 1129 845 Cumodina
1145 789 1236 845 valent
1248 789 1323 860 quod
1342 791 1426 846 semel
1442 804 1508 848 ense
1523 790 1598 848 ieris.

120 880 262 950 Praecipua
281 878 350 936 Latii
365 878 450 937 ditior
464 880 532 936 urbe
551 878 612 936 luit.
949 878 1084 946 Qnaelibet
1098 878 1206 934 insidiis
1222 893 1277 936 non
1289 887 1331 936 est
1351 880 1400 936 tibi
1415 895 1480 936 cura
1499 880 1648 952 gerendis;

88 971 222 1037 Lucanus,
242 969 460 1036 Beneventanus,
479 969 604 1036 Calaber,
624 969 779 1038 capuanus,
985 967 1081 1023 Omnia
1095 968 1135 1022 vis
1154 968 1246 1034 audet,
1263 966 1337 1024 lraus
1357 968 1406 1024 tibi
1426 968 1501 1025 nulla
1516 970 1615 1040 placet.

122 1058 245 1129 Appulus
259 1057 324 1115 lruic
338 1057 412 1115 bello
427 1059 543 1129 quisque
558 1057 688 1114 subactus
706 1061 774 1114 erat.
950 1055 981 1110 ιι
1001 1061 1117 1125 pereunt
1136 1056 1239 1126 plures,
1254 1055 1365 1128 fugitet
1383 1063 1446 1127 post
1466 1059 1544 1115 turba
1564 1065 1714 1129 superstes,

89 1148 255 1218 Principium
275 1146 343 1219 lyris
358 1147 422 1220 (cic)
440 1145 491 1203 init
506 1148 573 1203 urbs
591 1153 618 1202 et
638 1147 711 1218 regia
730 1145 810 1202 bnis:
987 1145 1020 1200 Et
1038 1145 1102 1201 data
1115 1146 1214 1201 victori
1226 1152 1290 1202 sunt
1309 1146 1381 1202 bona
1402 1153 1501 1202 cuncta
1521 1147 1580 1203 tibi.

123 1239 183 1295 Non
198 1240 289 1295 ιιιιιιι
303 1236 358 1295 boc
371 1237 412 1294 nti
426 1235 579 1293 sulliciebal
593 1237 628 1292 ci.
950 1233 1021 1302 Quid
1036 1235 1136 1290 meruit
1151 1234 1250 1300 laudis,
1267 1237 1311 1291 cui
1331 1243 1423 1292 tantus
1438 1243 1559 1294 cesserat
1574 1236 1662 1294 bostis

90 1326 191 1384 Ειιιιιιιι
206 1325 276 1382 banc
295 1325 417 1398 Babylon
437 1325 590 1396 peregrinis
604 1324 697 1390 rebus,
713 1327 741 1378 et
755 1335 822 1378 auro
988 1323 1126 1380 llactenus
1140 1323 1268 1390 invictus,
1284 1325 1331 1394 qui
1348 1325 1430 1382 modo
1449 1328 1538 1382 victus
1552 1326 1651 1383 adest?

124 1416 238 1486 sphaera
250 1415 352 1486 quibus
365 1415 433 1471 solis
452 1415 554 1470 succidit
572 1413 661 1484 ampla
675 1411 754 1470 locis.
953 1412 1039 1482 liuius
1052 1425 1122 1468 onus
1141 1419 1239 1482 coeptae
1255 1411 1305 1468 luit
1320 1421 1348 1470 et
1367 1416 1546 1485 presumptio
1563 1429 1671 1488 pugnae,

92 1504 194 1560 AEmula
215 1506 344 1560 Romanae
359 1503 472 1558 nimium
487 1501 622 1572 Carthago
642 1499 739 1556 salutis
989 1501 1042 1558 Sed
1057 1501 1152 1562 vitium
1167 1502 1264 1570 virtus,
1283 1503 1372 1572 palma
1392 1505 1502 1575 repellit
1521 1518 1602 1562 onus.

128 1593 245 1649 Plurima
261 1606 311 1662 pro
332 1592 406 1664 pacis
420 1591 524 1648 loedere
544 1592 616 1646 darn
636 1589 723 1646 dedit.
954 1591 1031 1646 Nunc
1050 1590 1176 1646 residens
1194 1592 1247 1647 alta
1264 1592 1324 1662 pale
1347 1593 1410 1664 (ric)
1429 1594 1511 1649 castri
1529 1595 1617 1651 victor
1632 1593 1661 1650 ln
1676 1593 1737 1650 aula

92 1679 253 1736 'lbeutonicl
265 1693 344 1750 reges
358 1679 452 1736 donati
471 1693 545 1748 sape
560 1677 636 1734 luere
990 1679 1081 1736 Taedia
1093 1681 1149 1750 jam
1164 1681 1260 1750 patriae
1275 1681 1347 1738 unde
1362 1680 1491 1754 lugentur
1505 1683 1599 1740 trabes.

129 1768 323 1839 llagniilceque
338 1769 381 1824 sui
396 1767 566 1838 ponderibus
581 1767 672 1837 pretii.
926 1761 1037 1838 BSpem
1054 1769 1135 1834 modo
1153 1767 1243 1826 iecisti
1258 1772 1332 1841 ‹yund
1349 1772 1456 1841 possint
1470 1778 1569 1830 caetera
1584 1771 1667 1840 rinei,

94 1859 160 1914 'lum
179 1856 335 1915 medicinali
351 1863 456 1913 tantum
476 1856 591 1912 florebat
606 1857 634 1911 in
646 1861 717 1920 arte,
994 1858 1027 1912 Et
1041 1857 1122 1913 subdi
1141 1860 1214 1927 quod
1236 1873 1290 1915 non
1309 1861 1393 1917 credo
1409 1859 1492 1916 luisse
1511 1875 1601 1918 suum.

130 1947 226 2001 Posset
240 1951 271 2002 ut
289 1947 334 2001 bic
350 1945 441 2002 nullus
456 1945 572 2015 languor
586 1943 688 2000 babere
707 1943 809 1999 locum.
961 1945 1063 2002 Sicilia
1079 1947 1161 2002 tellus
1179 1948 1297 2004 Arabum
1316 1949 1432 2004 miratur
1450 1964 1590 2016 acervum,

95 2034 147 2090 sed
163 2039 306 2106 postquam
327 2033 423 2104 patriae
443 2039 520 2104 pater
533 2039 561 2088 et
575 2039 639 2088 tuus
656 2039 719 2088 ante
734 2044 846 2088 suorum
996 2038 1070 2104 Quos
1086 2043 1150 2092 tuus
1163 2036 1222 2106 ipse
1238 2037 1315 2093 dedit
1330 2039 1413 2104 ensis,
1430 2044 1458 2094 et
1477 2039 1554 2094 basta
1570 2039 1643 2095 neci.

131 2125 183 2179 Ora
202 2124 421 2194 propinquorum
436 2121 596 2180 confoditur
609 2121 718 2193 gladiis,
960 2125 1092 2181 Gentibus
1106 2131 1134 2180 et
1148 2125 1246 2180 validis
1265 2127 1357 2195 timor,
1376 2133 1403 2181 et
1419 2140 1488 2183 nova
1500 2141 1582 2182 causa
1597 2128 1715 2194 timoris,

95 2213 234 2283 Quidquid
250 2212 351 2269 babere
367 2213 443 2283 prius
461 2211 551 2268 iuerat
570 2209 629 2268 baec
643 2211 699 2266 rita
713 2209 833 2276 decoris,
998 2213 1032 2267 ιιι
1043 2211 1132 2268 lucrat
1146 2212 1259 2267 Macedo
1274 2215 1408 2269 maximus
1423 2213 1470 2268 ille
1486 2227 1565 2283 puer.

132 2302 269 2358 liemcule
285 2301 376 2372 periit,
396 2299 487 2356 iumrrs
501 2305 529 2356 et
543 2300 639 2356 umbra
657 2296 719 2354 luit.
962 2288 1014 2357 Fa'c
1028 2300 1113 2370 igituir
1125 2301 1217 2356 riorus
1232 2302 1415 2372 quodcunque
1433 2307 1578 2374 repugnat,
1594 2307 1622 2358 et
1636 2303 1720 2358 instat

98 2391 164 2445 Nam
187 2389 262 2446 velut
285 2403 338 2446 una
364 2389 423 2446 lues
446 2401 576 2459 pecorum
592 2386 663 2444 solet
677 2386 805 2442 amnibus
824 2397 920 2454 agmen
997 2388 1117 2450 civibus,
1133 2395 1161 2445 et
1176 2390 1295 2458 perimas
1309 2404 1427 2460 quaeque
1440 2390 1537 2446 nociva
1553 2395 1643 2461 putas.

133 2480 201 2534 bere
221 2485 352 2549 corrupto
371 2477 516 2535 debilitare
536 2476 635 2543 modis,
962 2480 1034 2535 Laus
1048 2484 1076 2534 et
1090 2478 1179 2534 bonos
1199 2479 1332 2548 equitum,
1352 2479 1452 2547 Guido,
1468 2486 1496 2536 te
1515 2479 1617 2536 nobilis
1637 2493 1703 2536 usus

99 2568 144 2623 Sic
156 2581 224 2638 gens
236 2568 374 2625 Gallorum
390 2579 536 2622 numerosa
551 2564 629 2621 clade
644 2562 761 2630 Salerni,
999 2570 1143 2623 Armorum
1162 2564 1244 2622 faciet
1258 2568 1374 2624 casaris
1390 2581 1450 2624 esse
1467 2583 1569 2640 parem.

135 2658 262 2728 Principe
281 2656 422 2722 delunuto,
443 2655 562 2727 perculit
579 2667 660 2710 omne
679 2653 778 2709 solum.
964 2658 1021 2712 lam
1043 2655 1119 2725 prius
1133 2662 1249 2726 augusto
1265 2656 1379 2713 dederat
1395 2663 1439 2712 tua
1456 2659 1532 2714 curia
1547 2670 1668 2726 nomen;

98 2747 159 2803 Non
174 2747 234 2803 sinc
249 2747 342 2804 divino
358 2751 425 2802 nutu
445 2744 561 2800 tortasse
581 2742 681 2799 tiebat:
1000 2745 1056 2800 Nos
1071 2757 1182 2814 quoque
1197 2744 1330 2800 debemus
1345 2746 1398 2802 nce
1413 2746 1464 2801 tibi
1479 2759 1591 2813 nomen,
1612 2759 1708 2816 eques.

136 2836 247 2891 Viribus
267 2842 296 2891 ιιι
315 2835 394 2891 lieret
408 2833 507 2892 tortior
521 2835 580 2904 ipsa
600 2833 665 2888 tuis.
964 2836 1049 2902 Quam
1060 2847 1189 2903 cuperem
1205 2849 1301 2905 posses
1311 2837 1428 2906 (poteris
1440 2837 1519 2907 puto)
1533 2838 1635 2904 Caesar,
1647 2841 1677 2891 ιιι
1688 2835 1793 2891 orbern

96 2925 222 2994 Denique
237 2923 280 2979 bis
299 2924 393 2980 novies
404 2923 513 2994 juranis
529 2929 575 2978 ιιιι
595 2922 696 2978 nubilis
715 2926 781 2978 atas
1000 2924 1254 2994 Constantinopolis
1268 2925 1387 2981 subdere
1402 2939 1485 2996 regna
1501 2925 1560 2981 tibi.

136 3013 217 3078 Solis,
233 3020 263 3066 ιιι
282 3010 421 3068 anfractus
435 3016 555 3068 verterat
568 3016 596 3067 el
611 3009 727 3076 reditus,
966 3012 1099 3082 Tempora
1113 3011 1260 3067 Caesarium
1276 3021 1407 3082 quantum
1423 3022 1469 3069 tua
1484 3019 1613 3084 posceret
1627 3025 1722 3068 aurum

96 3103 184 3157 'lotos
203 3101 231 3156 in
246 3114 320 3156 arma
339 3101 406 3168 ruis,
423 3114 513 3171 neque
528 3107 554 3157 te
570 3100 622 3156 nisi
638 3112 759 3171 congrua
773 3097 854 3153 bellis
935 3092 956 3150 G
1001 3101 1114 3170 Sceptra
1128 3114 1235 3168 manus,
1251 3100 1381 3158 humeros
1396 3116 1528 3172 purpura,
1539 3115 1645 3174 gemma
1661 3100 1755 3170 pedes.

136 3189 250 3246 Praemia
265 3189 413 3257 delectant,
429 3190 590 3260 militiaeque
604 3189 678 3257 loei;
965 3191 1004 3244 Tu
1023 3190 1117 3244 satisa
1132 3190 1239 3244 Parthis
1253 3189 1375 3246 auferres
1389 3191 1515 3246 concitus
1529 3191 1622 3246 armis.

100 3280 232 3348 impetus,
248 3279 298 3342 ira,
315 3276 401 3346 luror,
424 3278 511 3345 labor,
527 3276 708 3348 impatientia,
724 3276 821 3340 uirtus,
1002 3278 1119 3348 Pignora
1134 3280 1290 3334 damnorum
1306 3285 1408 3348 quanta
1429 3279 1544 3348 pudoris
1558 3277 1671 3333 babent.

138 3366 255 3423 llotlbus
270 3366 313 3422 lris
328 3367 409 3423 etiam
429 3366 554 3437 proxima
568 3367 591 3422 si
606 3381 660 3436 qua
675 3371 794 3421 manerat.
966 3371 1040 3434 Quos
1054 3379 1143 3435 neque
1157 3364 1295 3435 pestilerae
1309 3375 1450 3421 servarent
1465 3367 1520 3420 tela
1535 3365 1671 3434 pharetrae

102 3457 196 3524 llasta,
211 3456 316 3512 micans
330 3456 418 3526 galea,
434 3456 557 3526 clypeus,
574 3455 669 3522 lorica,
687 3455 826 3524 pharetra,
1002 3457 1058 3510 Nec
1078 3463 1196 3526 punctus
1215 3455 1304 3524 rapidi
1317 3457 1431 3526 grandia
1446 3468 1543 3533 cursus
1558 3455 1632 3524 equi.

138 3545 261 3615 Suntque
281 3551 346 3610 tuae,
367 3545 490 3614 sonipes,
506 3558 597 3612 arcus,
611 3549 638 3599 et
657 3542 741 3610 ensis,
759 3555 836 3611 opes.
966 3546 1080 3612 Jamque
1098 3543 1167 3609 vale,
1184 3544 1231 3598 sed
1251 3544 1286 3598 ab
1300 3544 1344 3599 bis
1356 3544 1439 3598 rebus
1454 3543 1588 3599 desistere
1601 3543 1669 3598 noli.

101 3633 167 3700 Quis
182 3632 263 3690 modo
282 3633 446 3705 Phillyrides
459 3632 534 3689 relul
548 3639 611 3688 ante
627 3631 743 3688 docetur
756 3627 856 3685 debilli
1005 3631 1139 3706 Eyigilent
1152 3633 1272 3689 studium
1287 3635 1380 3690 Graeca
1395 3633 1520 3702 tropbaea
1535 3639 1622 3688 tuum.

139 3723 322 3779 instrumenta
337 3724 388 3779 tibi
407 3723 523 3780 luxuriae
540 3722 656 3778 tribuitt

104 3811 151 3867 llir
164 3811 297 3868 citharam
312 3819 404 3870 tantus
418 3812 484 3870 lorti
500 3812 626 3883 pulsabat
640 3811 759 3877 inanem,
1268 3882 1273 3894 ἱ
1327 3777 1439 3894 mm·

139 3902 223 3968 Quam
239 3915 371 3958 sensurus
386 3910 445 3958 erat
464 3904 567 3959 llectcr
581 3907 609 3958 et
627 3901 686 3972 ipse
706 3913 796 3957 manu.
1122 3882 1165 3937 M
1184 3883 1284 3952 G⁰⁸l¹²l
1302 3897 1450 3953 ‘illidium
1467 3883 1641 3938 dimidium·

103 3991 164 4047 Non
178 3989 248 4046 adeo
264 3991 354 4062 potuit
370 3997 476 4048 ιιιιιιιιιι
491 3991 598 4047 diversa
613 3990 740 4047 uoluntas
1042 3987 1145 4045 Goslrit
1160 3988 1320 4058 pontidcum
1336 3987 1439 4044 letitiae
1459 4002 1557 4058 penus,

138 4080 159 4133 Α
174 4079 259 4135 semel
274 4080 395 4150 incoepta
409 4088 436 4136 te
457 4080 605 4150 probibere
620 4081 672 4134 via.
1045 4078 1196 4148 Perlongus
1210 4078 1302 4134 valeas
1316 4092 1402 4148 usque
1418 4079 1468 4135 tibi
1484 4077 1554 4134 mala

104 4166 217 4224 Publica
236 4170 367 4227 continuo
382 4184 462 4240 quarn
480 4173 542 4241 jura
558 4170 651 4226 labore
665 4169 734 4224 tueri
1151 4167 1261 4223 Possint
1280 4167 1355 4222 nulla
1370 4179 1481 4224 nocere.

142 4259 237 4314 Vivere
256 4271 311 4316 non
336 4266 458 4328 prestat,
478 4260 521 4315 rel
540 4259 647 4315 ratione
661 4256 725 4313 lrui.
1044 4258 1187 4327 Nunquam
1206 4255 1277 4312 liuor
1291 4257 1370 4321 edax,
1387 4257 1438 4324 ira,
1453 4256 1593 4327 superbia,

105 4348 165 4402 lloc
179 4347 270 4403 anime
285 4347 381 4416 sedet;
402 4347 606 4419 interdumque,
622 4347 658 4404 sit
677 4346 744 4402 utile
759 4343 893 4417 quamvls,
1044 4346 1191 4402 Fmdarere
1211 4351 1286 4401 tuum
1302 4351 1399 4414 pectus
1412 4344 1552 4399 amoribus

143 4436 258 4493 Privatis
272 4435 391 4493 studium
406 4447 462 4493 non
481 4437 613 4494 adbibere
629 4435 728 4506 placet.
938 4419 964 4476 D
1152 4437 1185 4490 Et
1200 4436 1301 4490 virtute
1315 4433 1460 4504 repletum.

105 4525 240 4582 Omnibus
253 4539 390 4582 armorum
411 4526 534 4595 quesitis
549 4525 632 4580 rebus
650 4523 684 4580 ad
700 4536 788 4589 usum,
1044 4522 1117 4578 Nulli
1133 4535 1249 4592 namque
1266 4523 1351 4593 magis
1365 4535 1445 4592 quam
1462 4519 1511 4576 tibi
1527 4518 1647 4576 charitas

144 4615 277 4670 llostilern
292 4629 388 4672 versus
402 4614 479 4684 signa
494 4627 587 4671 moves
601 4614 699 4668 aciem.
1046 4613 1079 4667 Se
1095 4612 1199 4682 prodit,
1220 4611 1326 4667 meritis
1345 4611 1423 4682 cujus
1443 4611 1477 4666 ab
1496 4609 1600 4681 impetu

104 4704 175 4759 Sunt
190 4705 218 4760 in
239 4706 348 4760 Lucana
363 4709 460 4774 portus
479 4705 592 4774 regione
608 4688 706 4767 velini,
1154 4703 1189 4757 ils
1203 4701 1275 4758 liber
1289 4703 1428 4757 vitiorum.

142 4793 200 4860 Qua
216 4794 400 4850 britianorum
414 4792 493 4848 rallls
506 4805 613 4848 emoena
625 4793 718 4862 jacet;
1046 4793 1131 4847 Nemo
1151 4797 1178 4846 te
1194 4791 1323 4861 cupidum
1338 4789 1408 4845 dixit
1424 4790 1595 4860 episcopum,

107 4883 196 4949 darre,
216 4883 346 4954 quoniam
362 4883 442 4952 longe
457 4881 556 4949 luerat,
576 4879 710 4936 ditissima
726 4889 829 4942 rerum,
1046 4881 1102 4936 Nec
1118 4879 1192 4936 dicet
1211 4880 1338 4948 penitus:
1361 4897 1374 4926 u
1397 4877 1498 4934 l’raesul
1513 4891 1611 4934 avarus
1624 4889 1665 4944 cs,
1682 4895 1697 4930 a

143 4969 311 5029 subdiderat
326 4973 437 5043 penitus
451 4985 519 5042 gens
532 4970 643 5026 inimica
661 4968 725 5024 sibi.
1156 4969 1223 5023 llum
1238 4968 1273 5022 sit
1287 4968 1342 5023 rita
1354 4974 1504 5037 superstes.

107 5061 159 5117 llic
174 5069 222 5118 ιιιι
240 5062 381 5132 precipue
397 5061 486 5131 patuit
503 5058 578 5130 quad
593 5058 706 5115 dextera
721 5059 835 5126 possem
1048 5055 1093 5112 Sic
1109 5056 1171 5112 vitae
1188 5055 1312 5125 placidus
1331 5056 1454 5113 moribus
1469 5055 1590 5127 undique

103 5131 108 5140 ⁵
145 5151 280 5206 ilostibua
297 5149 358 5206 baec
372 5149 450 5206 duris
468 5161 565 5219 magna
579 5147 658 5204 ruina
673 5144 744 5212 ιιιιι;
1050 5145 1182 5215 Suspicis,
1202 5145 1285 5200 veluti
1301 5159 1384 5215 quum
1401 5145 1514 5201 rutilum
1529 5144 1595 5215 ligat

105 5239 229 5308 Quorum
246 5240 326 5296 turba
345 5245 393 5296 luo
413 5237 588 5295 numerosior
601 5236 709 5307 agmine
725 5232 821 5298 multo,
1155 5237 1257 5290 nurum
1272 5233 1387 5289 sardina
1401 5246 1517 5304 gemma.

145 5329 181 5385 Ει
200 5328 250 5384 tibi
265 5341 321 5386 non
336 5327 416 5385 miles
434 5333 563 5384 strenuus
577 5326 667 5382 omnis
687 5328 755 5380 erat.
1050 5321 1221 5390 llesplendes
1236 5322 1313 5391 pario
1329 5335 1464 5377 marmore
1481 5321 1587 5390 purius,

104 5419 194 5474 Parra
209 5426 301 5475 manet
314 5418 407 5474 socios
421 5418 480 5474 laus
498 5417 527 5471 in
546 5414 695 5472 certamine
714 5417 811 5477 tanto;
1050 5407 1169 5480 Etialges
1184 5423 1265 5466 roseo
1278 5409 1337 5466 sole
1353 5409 1509 5464 micantius.

144 5507 193 5562 Est
207 5505 337 5564 diuturna
357 5507 438 5564 nimis
456 5505 543 5578 gloria
558 5509 659 5562 cuncta
679 5502 739 5559 tibi.
1155 5500 1238 5566 Quam
1253 5499 1291 5554 sis
1309 5511 1392 5554 earne
1411 5497 1540 5554 decorus.

103 5595 195 5651 lrruis
209 5596 282 5653 inter
297 5602 348 5664 ιιι,
364 5598 438 5653 sicut
454 5594 510 5662 leo,
530 5594 615 5651 millia
629 5591 716 5658 sulus,
1052 5589 1132 5644 Extra
1145 5590 1186 5644 sie
1201 5589 1324 5646 renitens
1343 5587 1486 5658 pulcbrior
1504 5587 1579 5642 intus
1594 5599 1624 5642 es
1641 5605 1647 5642 :

220 5703 478 5766 armenorum.
1703 5689 1739 5744 ⁴⁰
