4024 6174
133 279 181 334 loti
764 280 928 338 annates.
947 309 984 322 —
1001 279 1056 336 att.
1080 275 1158 334 1078.
1755 271 1809 330 tto

133 401 244 468 norlbus,
264 399 425 467 mendaciis,
442 399 594 470 promissis,
614 401 855 470 assentationibus,
870 404 1038 473 que-Asue
1059 400 1269 466 sollicitudinis,
1289 403 1318 457 et
1339 395 1512 456 dilliultlonis
1531 397 1620 456 fidelis
1638 403 1667 456 et
1685 397 1809 470 prudeus

132 490 246 547 dmoniis
268 488 417 557 flebilibus,
444 503 496 546 aec
515 503 570 548 aoa
594 491 667 548 omni
691 497 751 548 arte
774 498 802 548 et
820 492 942 562 iugenio,
985 492 1168 549 misteriorum
1188 491 1234 548 bel
1250 489 1437 559 dispensator,
1462 486 1652 544 sollertissime
1676 488 1806 556 ponebat.

132 579 166 636 ati
188 579 213 636 in
234 577 390 647 hujusmodi
416 579 647 649 experientissimi
670 584 759 646 erant,
784 593 800 636 a
824 580 944 637 minimis
1019 581 1048 636 ln
1073 579 1169 636 eadem
1187 579 1294 651 syuodo
1319 578 1400 649 legati
1417 576 1490 648 regis
1508 575 1630 632 lleiurici
1649 575 1762 632 multum
1778 576 1806 632 iu

129 667 243 740 adusque
263 667 405 733 maximos,
421 673 577 737 corruptos,
593 667 715 736 delusos,
731 666 866 726 deductus
880 683 943 726 oar·
983 673 1035 736 tot,
1056 683 1127 739 quos
1150 669 1202 725 sibi
1227 667 1464 740 qualitercumque
1488 664 1666 732 assciverant,
1691 662 1807 721 lautori-

129 757 188 814 nino
206 768 302 812 omues
321 755 348 812 ia
368 754 488 812 favorem
511 757 554 812 sui
578 757 652 828 regis
676 757 815 814 attrahere
834 770 944 828 semper
983 756 1035 814 bus
1057 756 1169 814 animati
1190 763 1218 814 et
1236 755 1345 822 conisi,
1360 756 1389 812 in
1410 753 1506 824 primis
1519 751 1690 811 omnifariam
1705 751 1807 808 domno

128 858 177 902 noa
198 845 352 912 cessabant,
374 850 403 901 et
425 858 440 900 e
460 843 569 902 diversa
589 845 616 902 ia
641 845 734 904 adiuta
750 851 778 902 et
791 845 943 904 calumnias
982 845 1137 915 apostolico
1161 845 1378 910 oboedientiam,
1407 849 1435 900 et
1462 857 1521 900 eam
1549 841 1807 913 quomodocumque

127 931 247 990 lloudolli
263 933 336 1003 regis
351 932 543 1002 permaximas.
983 933 1164 1003 probandam,
1190 947 1225 990 ox
1247 941 1325 1004 parte
1347 933 1451 990 domiai
1474 934 1517 990 sui
1541 930 1651 1002 publice
1670 929 1807 1001 promise·

157 1021 279 1092 synodus
301 1020 402 1078 debinc
424 1027 527 1078 statuto
552 1027 676 1092 tempore
701 1021 788 1094 (172),
804 1023 833 1080 id
857 1021 940 1079 est3.
984 1027 1055 1078 rant.
1079 1020 1199 1078 Tandem
1222 1035 1313 1078 causae
1338 1021 1412 1079 illius
1435 1021 1549 1091 injurias
1566 1019 1619 1090 ipsi
1640 1029 1806 1090 magnopere

124 1111 189 1166 lion.
210 1109 310 1172 liartii,
335 1109 432 1166 ordine
457 1110 591 1168 canonico
614 1110 721 1168 initiata
743 1117 797 1180 est,
811 1126 873 1183 quae
891 1111 943 1169 fuit
982 1110 1012 1166 ia
1031 1109 1138 1180 primis,
1153 1109 1255 1166 debinc
1269 1110 1356 1167 totius
1378 1109 1526 1168 audientiae
1541 1123 1697 1176 consessus,
1717 1105 1807 1164 modis

124 1195 176 1254 lere
198 1197 235 1252 to
254 1199 448 1268 episcopomra
469 1196 556 1268 (173),
581 1199 609 1256 in
631 1200 732 1270 quibus
745 1207 807 1257 erat
823 1200 943 1258 albanus
983 1199 1111 1256 omnihus
1129 1207 1157 1262 et
1181 1199 1344 1255 commeatis
1357 1198 1391 1254 ad
1407 1200 1460 1255 boc
1474 1198 1689 1265 instructissimi,
1704 1199 1733 1253 et
1746 1209 1808 1252 ora-

124 1287 266 1358 cpiscopus
285 1285 374 1358 llil),
394 1286 443 1357 qui
458 1300 528 1344 unus
546 1288 581 1345 do
604 1287 744 1356 iratribus,
770 1289 864 1360 quiin
885 1291 943 1361 epi·
983 1288 1054 1346 toria
1077 1288 1145 1344 satis
1168 1287 1384 1359 proclamatione
1408 1287 1538 1359 linguosi,
1557 1301 1613 1346 uon
1637 1285 1807 1358 ineptissime

123 1382 231 1444 scopata
248 1375 419 1442 Florentino,
445 1376 473 1432 in
497 1375 559 1433 loco
578 1376 625 1446 qui
644 1385 761 1435 vocatur
779 1377 862 1435 Vallis
876 1381 943 1436 Ura-
982 1377 1129 1448 conquesti
1154 1381 1229 1434 suat.
1253 1379 1338 1444 Quam
1361 1377 1440 1448 quasi
1462 1378 1640 1446 justissimam
1658 1375 1691 1408 ¹⁸⁹
1713 1374 1808 1432 cuncti

123 1461 199 1518 brusa
213 1463 778 1534 commorantur,perignemethammam
796 1464 942 1538 tapetium
982 1464 1116 1526 favorales
1139 1465 1214 1522 illius
1237 1464 1369 1522 concordi
1384 1472 1481 1522 tenore
1501 1471 1529 1522 et
1547 1463 1600 1534 ipsi
1619 1476 1807 1522 commurmu-

123 1549 224 1622 loagam
251 1551 421 1622 pertransiit,
446 1557 475 1608 et
498 1553 619 1620 Petrum,
639 1554 686 1624 qui
707 1552 875 1612 Florentium
889 1569 943 1612 aa·
982 1561 1086 1622 rantes,
1104 1554 1211 1625 judicio
1229 1553 1383 1624 apostolico
1407 1559 1436 1609 ct
1457 1553 1582 1624 synodali
1605 1551 1807 1610 decernendam

121 1638 208 1696 etesiae
222 1640 371 1710 episcopus
386 1639 478 1696 dictus
498 1647 551 1710 cst,
571 1654 635 1698 rere
654 1643 839 1713 symoniacum
859 1644 943 1700 bere·
982 1645 1084 1701 obnixe
1103 1644 1216 1702 multum
1231 1644 1468 1702 commendabant.
1484 1645 1568 1713 cujus
1586 1642 1697 1714 quidem
1717 1655 1808 1700 causa

120 1725 198 1784 ticum
217 1726 313 1796 fuisse,
329 1734 357 1784 et
371 1729 408 1784 oh
420 1727 475 1786 hoe
488 1729 577 1800 ipsunt
597 1742 653 1786 noa
672 1731 871 1800 recipiendum,
888 1729 971 1790 nccB
982 1739 1070 1790 status
1084 1732 1242 1804 hujusmodi
1257 1740 1334 1790 erat:
1351 1732 1424 1804 quod
1439 1729 1603 1798 lluudolfus,
1616 1731 1672 1786 dux
1687 1735 1715 1786 et
1729 1730 1809 1786 miles

120 1813 205 1872 cilicia
224 1817 300 1874 illius
321 1817 458 1885 heretica,
481 1817 602 1875 intactus
619 1832 635 1874 a
658 1818 764 1876 hamma
786 1827 814 1877 et
837 1821 940 1878 illaesus
980 1821 1054 1893 regis
1067 1820 1201 1888 lleiurlci,
1217 1821 1320 1893 quique
1339 1821 1393 1891 ipsi
1407 1828 1437 1877 ut
1452 1819 1541 1878 tidelis
1555 1826 1583 1876 ct
1596 1818 1625 1875 ia
1640 1817 1742 1875 auxilio
1759 1831 1809 1887 per

120 1903 237 1962 evidenti
254 1905 360 1975 judicio
380 1905 515 1976 probarit.
537 1905 598 1964 lllic
611 1921 721 1979 quoquc
741 1909 775 1966 de
792 1909 938 1966 Galliarum
981 1911 1148 1983 omniaque
1168 1910 1202 1967 ad
1217 1911 1294 1982 regni
1316 1910 1359 1966 sui
1384 1915 1535 1966 tutamenta
1551 1909 1721 1980 pertinerent
1734 1906 1807 1963 iadi-

120 1994 240 2064 partibus
254 1995 349 2050 aderat
368 1994 516 2066 episcopus
533 1995 666 2062 Dircaeis,
682 1998 728 2067 qui
748 2013 803 2055 aon
822 1999 940 2058 bumana
979 2000 1079 2058 viduus
1104 2000 1257 2068 assisteret,
1281 2005 1515 2056 sacramentorum
1539 1997 1717 2054 firmamentis
1731 1995 1809 2066 adiu·

118 2089 157 2140 set
165 2083 259 2140 divina
269 2083 403 2141 electione
418 2084 566 2156 episcopus
575 2083 663 2142 factus
672 2091 715 2142 est
725 2084 818 2160 (lib).
833 2090 940 2162 Quippe
981 2095 1057 2144 ratus
1079 2087 1173 2154 fuerit,
1195 2101 1258 2144 eum
1283 2087 1394 2144 ceteris
1420 2086 1478 2142 suis
1501 2085 1694 2143 consentaneis
1721 2096 1808 2154 reguo

117 2185 196 2228 causa
221 2172 356 2230 orationis
378 2172 442 2230 dum
465 2187 496 2230 se
515 2173 598 2232 domo
617 2188 666 2231 sua
680 2175 794 2234 Romam
807 2187 939 2246 moveret,
981 2192 1032 2234 suo
1051 2178 1179 2249 perjurus
1194 2183 1221 2234 et
1240 2175 1362 2246 pertidus
1374 2175 1475 2246 injuste
1490 2174 1676 2246 expulerit,ct
1694 2173 1735 2230 sic
1748 2173 1808 2242 ipse

116 2260 147 2316 ad
172 2261 317 2320 lllreascnr
341 2262 478 2318 civitatem
502 2261 560 2320 illie
583 2270 795 2334 pernoctaturus
818 2267 939 2325 devenit.
982 2279 1096 2338 reguum
1120 2267 1283 2322 temerarius
1303 2265 1443 2322 invaserit.
1458 2266 1506 2321 Set
1524 2277 1579 2320 uoa
1598 2277 1630 2318 ea
1644 2261 1809 2319 necessitate

115 2351 233 2422 Legatos
255 2346 351 2410 autenf
369 2351 529 2420 apostolica
552 2352 628 2410 sedis
653 2354 786 2412 (teraldus
808 2358 943 2415 Ostiensis
981 2354 1053 2412 hauc
1075 2354 1282 2426 querimoniam
1307 2352 1405 2410 fecisse
1426 2353 1566 2410 dominura
1589 2364 1667 2408 saura
1692 2347 1808 2420 professi

112 2440 274 2510 episcopus,
290 2439 338 2509 qui
353 2446 381 2496 ot
394 2441 455 2511 ipso
474 2446 598 2510 tempore
613 2454 646 2498 eo
662 2441 715 2498 loci
730 2445 879 2502 concilium
889 2459 941 2516 pro
981 2451 1064 2510 suat,
1097 2444 1163 2514 quin
1191 2441 1320 2500 facillime
1343 2454 1409 2498 suos
1431 2440 1603 2498 adversarios
1626 2438 1808 2508 comprimere

111 2528 235 2584 utilitate
255 2535 282 2583 et
297 2529 461 2584 necessitate
475 2529 609 2586 aecclesiae
624 2531 746 2602 collegit,
756 2533 853 2589 videns
867 2548 940 2602 eum,
982 2532 1083 2601 possib
1098 2545 1192 2588 veruta
1207 2531 1313 2588 idcirco
1329 2530 1455 2598 maxime,
1469 2531 1534 2600 quia
1546 2530 1649 2599 justum
1659 2527 1808 2598 etdigaum

112 2628 170 2672 aon
194 2627 292 2685 pamm
317 2614 353 2672 tle
375 2615 494 2672 adveatu
517 2615 594 2672 illius
617 2619 726 2688 gavisus
744 2624 804 2686 est;
824 2634 942 2692 natuque
983 2619 1036 2676 sibi
1060 2619 1148 2676 visunt
1168 2619 1217 2686 sit,
1236 2619 1397 2690 apostolica
1415 2618 1490 2676 sedis
1515 2616 1706 2674 diffinitionem
1725 2627 1809 2685 super

112 2702 164 2772 ipsi
196 2707 282 2759 notus
309 2709 337 2759 et
359 2703 542 2760 amicissimus
564 2703 663 2764 fuerat.
696 2708 729 2764 tet
756 2708 880 2766 osculato
908 2723 942 2766 eo
983 2708 1037 2765 hoc
1047 2707 1075 2763 in
1087 2708 1183 2778 primis
1196 2708 1384 2778 interpellare.
1400 2707 1546 2764 Nonnullis
1560 2707 1645 2778 igliur
1656 2703 1807 2775 judicibus,

113 2792 205 2848 statim
233 2790 326 2848 intulit
346 2812 353 2847 :
379 2809 394 2844 u
414 2793 486 2850 Beue
505 2793 615 2861 realsti,
631 2795 696 2865 quia
710 2797 767 2854 fleo
781 2803 942 2855 auctorante
983 2796 1032 2866 qui
1050 2795 1161 2853 illorum
1186 2795 1333 2853 intentioni
1358 2795 1477 2852 benivoli
1501 2794 1637 2860 favebant,
1653 2790 1809 2849 indifferen-

114 2878 196 2950 huius
211 2879 358 2949 aecclesiae,
374 2881 507 2952 episcopo
522 2895 575 2938 suo
588 2883 693 2940 orhatae
708 2890 736 2940 et
754 2884 903 2953 destitutae,
915 2891 942 2942 te
983 2889 1025 2941 ter
1048 2883 1224 2954 complacuit,
1247 2883 1322 2954 quod
1346 2884 1382 2940 ob
1402 2890 1455 2940 tam
1469 2881 1639 2938 manifestam
1654 2888 1683 2937 et
1696 2879 1808 2936 sacrile-

113 2981 161 3038 pro
181 2968 233 3025 illo
249 2967 408 3040 episcopum
428 2975 456 3024 et
475 2971 643 3046 provisorem
663 2971 782 3030 babituri
801 2987 936 3032 sumus.»
981 2986 1042 3044 gam
1067 2973 1136 3029 tanti
1161 2978 1253 3028 reatus
1279 2971 1426 3030 factionem
1455 2971 1600 3042 apostolici
1628 2969 1825 3035 anathematisx

114 3059 145 3112 lit
167 3057 216 3114 ille
236 3057 388 3116 modestius
410 3058 568 3127 subridens,
593 3060 715 3130 putabat,
739 3077 801 3120 eum
824 3063 878 3122 boc
894 3035 1117 3134 joflscateatia
1131 3059 1284 3120 Roudolfus
1298 3061 1478 3118 rexiudilatc
1493 3059 1616 3116 damnari
1636 3059 1736 3130 diguus
1751 3056 1809 3114 fue·

113 3147 200 3204 cando
224 3147 280 3204 sihi
299 3146 412 3204 dixisse.
437 3147 629 3216 belniacum
653 3163 708 3208 aun
725 3151 790 3221 loco
808 3159 852 3212 set
864 3153 939 3210 serio
981 3152 1034 3218 rit;
1055 3158 1084 3209 et
1105 3150 1160 3208 hoe
1174 3150 1322 3221 plurimum
1343 3150 1510 3220 rogitabant,
1528 3157 1558 3206 ut
1572 3149 1601 3206 id
1613 3147 1808 3220 juridicialiter

114 3234 164 3293 boc
178 3236 287 3293 dietum
305 3235 359 3292 sibi
373 3236 509 3292 veraciter
527 3238 719 3308 persensisset,
744 3240 870 3298 inducias
889 3255 939 3312 pro
980 3240 1132 3308 decretum,
1148 3239 1283 3297 canonice
1297 3246 1485 3311 perageretur.

114 3323 163 3380 boc
177 3323 370 3394 respondendi
385 3325 413 3380 ia
428 3325 577 3382 crastinum
591 3338 679 3398 usquo
694 3327 737 3382 vix
752 3329 786 3385 ab
798 3341 832 3386 eo
846 3330 939 3400 acqui·
1015 3331 1136 3386 manuus
1153 3335 1245 3386 autem
1263 3329 1443 3399 apostolicus,
1464 3327 1510 3384 cui
1529 3341 1563 3384 ex
1587 3334 1646 3384 tuto
1665 3333 1731 3383 nota
1750 3332 1809 3382 erat

114 3413 183 3468 sirit.
207 3415 239 3469 la
263 3412 323 3482 ipsa
344 3418 426 3469 nocte
447 3413 556 3483 pondus
570 3428 645 3471 curae
664 3416 810 3485 pastoralis
828 3431 943 3487 quomo·
980 3433 1071 3476 rause
1098 3419 1227 3475 instantis
1254 3417 1464 3482 interturbatio,
1490 3422 1519 3471 et
1543 3429 1625 3484 quera
1644 3428 1700 3470 non
1728 3412 1809 3470 facile

116 3501 275 3573 docunque
299 3499 490 3573 subterfugere
514 3509 573 3559 tuto
595 3507 695 3559 conatu
721 3505 941 3576 praemeditatus,
982 3507 1145 3564 seductilem
1170 3506 1198 3561 in
1232 3518 1411 3576 personarum
1440 3503 1628 3572 acceptionem
1655 3500 1808 3558 adulatoria

114 3592 194 3648 sociis
207 3591 272 3648 suis
286 3590 314 3647 id
331 3590 529 3658 nescientibus,
546 3591 605 3661 ipse
619 3590 696 3648 solus
708 3591 942 3650 aheisfurtivese
983 3594 1170 3667 quorumlibet
1195 3591 1357 3664 protrahere
1386 3597 1480 3661 posset
1505 3590 1716 3659 argumentatio,
1745 3593 1808 3644 ante

114 3679 316 3744 subtrahebat,
338 3679 482 3749 cujusdam
500 3679 559 3737 lllic
582 3679 715 3737 acclesiae
744 3681 885 3738 latibulum
913 3695 944 3738 sc
984 3684 1127 3753 utriusque
1143 3682 1230 3752 partis
1244 3685 1351 3737 cautam
1366 3680 1606 3746 examinationem,
1617 3682 1645 3735 el
1659 3679 1704 3735 cui
1718 3677 1809 3734 adbuc

116 3769 308 3828 occultaturus
331 3768 433 3825 ibidem
457 3769 616 3838 irrepserat.
636 3771 714 3826 Mane
729 3767 801 3826 facto
816 3768 880 3826 duaa
896 3769 943 3826 diu
986 3786 1099 3844 prorsus
1123 3771 1150 3827 ia
1170 3769 1255 3828 dubio
1280 3768 1414 3840 penderat
1431 3767 1533 3824 veritas
1551 3766 1810 3824 excommunicatio·

117 3845 216 3931 ubique
232 3858 353 3916 multum
368 3859 503 3929 quesitus
517 3871 572 3914 nort
589 3863 682 3928 posset
696 3859 823 3928 inveniri,
839 3858 946 3932 legatus
985 3862 1029 3920 ais
1044 3862 1099 3932 jam
1125 3873 1175 3932 per
1189 3857 1354 3916 cardinalem
1370 3871 1449 3914 suunt
1461 3856 1552 3924 lactc,
1568 3871 1629 3914 sese
1644 3856 1729 3914 nichil
1744 3855 1809 3913 inde

117 3950 290 4018 apostolicus
310 3948 458 4018 assumptis
481 3962 575 4004 secum
599 3947 666 4004 cleri
690 3948 829 4019 totiusque
849 3949 944 4020 populi
986 3964 1067 4021 posse
1091 3949 1253 4016 decernere,
1278 3947 1366 4018 palam
1393 3951 1562 4018 protestatus
1583 3953 1635 4004 ost.
1661 3947 1809 4018 Utriusque

118 4049 169 4094 aua
191 4037 315 4096 modias
340 4035 575 4107 processionibus,
599 4051 661 4093 cum
685 4036 795 4094 letaniis
818 4043 846 4095 ct
866 4039 946 4096 obse-
987 4039 1061 4111 regis
1089 4037 1296 4104 oboedieutiam,
1329 4036 1444 4106 legatos,
1471 4035 1713 4106 proclamationes,
1739 4049 1810 4106 quos

118 4127 293 4185 erationibus
321 4139 372 4196 per
395 4125 536 4184 aeclesias
560 4124 621 4182 illas
644 4126 821 4185 devotissime
844 4143 906 4186 eum
929 4143 945 4183 a
986 4128 1082 4184 ambos
1105 4123 1217 4196 quidem
1236 4137 1292 4181 aon
1317 4123 1425 4181 modica
1450 4138 1515 4194 pars
1543 4123 1621 4195 regni
1652 4123 1808 4193 primatum,

118 4215 231 4274 bomioo
261 4213 433 4286 queritando
456 4214 600 4272 circuibat.
624 4216 692 4273 cum
711 4229 776 4274 vero
795 4217 829 4274 ad
844 4217 945 4274 aeccle·
987 4217 1200 4287 episcoporum,
1227 4213 1348 4270 virorum
1376 4213 1541 4282 sapientium
1565 4220 1593 4268 et
1618 4212 1810 4282 religiosorum

117 4304 182 4360 siam
198 4305 250 4364 ubi
276 4302 407 4374 fugitivus
421 4303 502 4360 latuit
524 4309 684 4374 perventum
707 4311 759 4374 est,
777 4306 822 4362 lux
837 4306 946 4364 coelitus
987 4304 1095 4361 diuerso
1119 4303 1229 4360 tramite
1253 4307 1438 4359 consentanea
1460 4306 1634 4370 sequeretur,
1656 4313 1686 4354 se
1710 4299 1809 4354 multo-

119 4394 215 4450 emissa
239 4405 328 4464 super
351 4405 413 4448 cum
435 4391 626 4462 resplendens,
646 4393 763 4450 electum
785 4395 833 4452 bei
851 4395 945 4468 prodi·
987 4395 1059 4450 tiens
1090 4391 1200 4450 audisse
1233 4389 1423 4461 profitebatur.
1458 4385 1535 4444 Unde
1563 4391 1730 4456 oportunum
1759 4398 1810 4454 pro

119 4480 166 4538 dit.
190 4483 238 4540 Sic
265 4482 359 4552 itaque
384 4480 532 4551 proditus,
558 4481 700 4553 regiminis
721 4482 848 4552 culmea,
870 4483 945 4554 qaod
987 4482 1146 4553 hujusmodi
1169 4493 1231 4536 errat
1253 4486 1356 4538 saumae
1376 4479 1506 4534 Romaaae
1530 4474 1605 4532 sedis
1631 4473 1810 4544 optimatibus

120 4583 151 4626 er
173 4572 264 4630 corde
287 4569 428 4628 humiliter
445 4569 562 4642 fugerat,
578 4570 753 4642 dispositioni
768 4571 868 4630 divinae
882 4575 947 4630 sub
987 4580 1015 4629 et
1039 4570 1252 4640 magistratibus,
1269 4583 1321 4626 nec
1348 4581 1402 4624 aon
1426 4580 1488 4623 cum
1503 4564 1605 4636 quibus
1625 4569 1729 4633 posset,
1745 4575 1811 4620 eurr

120 4657 202 4728 ditus,
227 4673 395 4733 quamquam
415 4660 518 4716 inritus
536 4659 630 4716 subire
652 4667 765 4718 coactus
788 4669 838 4718 est.
869 4663 947 4720 Tales
988 4663 1096 4732 cuisque
1119 4673 1215 4717 sanum
1241 4658 1413 4730 sapientibus
1435 4670 1466 4714 se
1493 4653 1650 4712 necessario
1665 4651 1810 4709 consilium

121 4749 844 4822 sempertantaequeauctoritatisetrererentieviros
852 4767 945 4811 secum
987 4758 1015 4808 et
1036 4751 1072 4808 ad
1095 4750 1149 4807 hoc
1173 4757 1282 4820 ternpus
1296 4759 1448 4819 congruum
1468 4743 1623 4800 habiturum
1638 4741 1698 4798 fore
1713 4739 1811 4812 praedi·

120 4853 230 4912 semper
249 4839 353 4898 hahere
366 4839 485 4908 solebat,
503 4840 533 4898 iu
551 4852 669 4911 quorum
683 4840 800 4900 consilio
819 4840 945 4900 ellectum
987 4841 1078 4908 cahat,
1094 4853 1128 4896 no
1142 4839 1210 4911 quid
1225 4838 1327 4909 falarie
1346 4837 1375 4894 ia
1395 4835 1555 4892 alterutrum
1571 4832 1681 4890 illorum
1695 4830 1730 4888 ab
1744 4843 1813 4901 apo-

804 4991 917 5049 VleAE
936 4989 1129 5048 tationes.

155 5060 188 5092 '⁸’
204 5059 360 5134 justissima
374 5059 402 5117 2.

907 5159 1017 5216 NOTAE.

157 5283 234 5356 (172)
249 5283 459 5356 Quadragesima
474 5282 613 5339 hocaauo
628 5283 656 5340 d.
672 5282 705 5339 21
725 5285 805 5342 l'ebr.
822 5286 946 5357 ineoepit.
989 5287 1069 5340 autea
1097 5280 1271 5354 Lugduneasi
1296 5278 1457 5346 camerario,
1482 5277 1530 5350 qui
1553 5277 1582 5334 d.
1608 5274 1640 5329 19
1662 5278 1722 5334 oct.
1748 5275 1813 5332 anni

158 5355 230 5426 (tter
246 5357 277 5412 la
292 5356 367 5412 tetis
385 5369 465 5413 coac.
485 5354 569 5410 llansi
591 5353 647 5422 1111,
667 5368 695 5424 p.
706 5354 760 5410 bita
779 5355 880 5430 legitur
895 5373 948 5415 aa·
993 5353 1060 5409 tute
1082 5353 1111 5410 iu
1135 5352 1273 5410 Laueelioi
1300 5351 1447 5408 Simoniaci
1473 5350 1563 5406 locum
1578 5346 1745 5404 substitutus
1759 5353 1811 5414 cst,

124 5441 217 5485 merus
235 5425 286 5482 100
299 5433 327 5484 ct
339 5441 365 5483 v.
378 5427 450 5484 Noa.
466 5426 542 5482 llart.
989 5425 1029 5482 uti
1062 5424 1161 5482 scribit
1192 5425 1270 5496 liuga
1297 5421 1511 5482 flaviniacensis
1533 5421 1561 5476 ia
1589 5417 1728 5478 Chronico
1755 5419 1813 5476 Vir-

159 5497 241 5570 (174)
257 5499 363 5565 Petrus,
378 5512 404 5556 v.
420 5510 504 5569 supra
517 5495 571 5554 col.
590 5493 653 5552 352.
989 5497 1117 5555 dunensi.
1143 5497 1204 5554 Uss.

157 5567 240 5640 (rte)
257 5569 350 5628 Sermo
368 5569 415 5628 bic
437 5575 480 5626 est
502 5567 536 5625 de
556 5565 664 5639 ttugoal
687 5565 780 5626 Dfeasi
804 5569 946 5644 episcopo,
