<?xml version="1.0" encoding="UTF-8"?>
<!DOCTYPE html PUBLIC "-//W3C//DTD XHTML 1.0 Transitional//EN"
    "http://www.w3.org/TR/xhtml1/DTD/xhtml1-transitional.dtd">
<html xmlns="http://www.w3.org/1999/xhtml" xml:lang="en" lang="en">
 <head>
  <title>
</title>
<meta http-equiv="Content-Type" content="text/html;charset=utf-8" />
  <meta name='ocr-system' content='tesseract 3.04.00' />
  <meta name='ocr-capabilities' content='ocr_page ocr_carea ocr_par ocr_line ocrx_word'/>
</head>
<body>
  <div class='ocr_page' id='page_1' title='image "./patrologiaecurs128unkngoog_0455.png"; bbox 0 0 4036 6162; ppageno 0'>
   <div class='ocr_carea' id='block_1_1' title="bbox 114 261 1793 353">
    <p class='ocr_par' dir='ltr' id='par_1_1' title="bbox 114 261 1793 353">
     <span class='ocr_line' id='line_1_1' title="bbox 114 261 1793 353; baseline 0.004 -7"><span class='ocrx_word' id='word_1_1' title='bbox 114 292 159 346; x_wconf 86' lang='lat' dir='ltr'><strong>eor</strong></span> <span class='ocrx_word' id='word_1_2' title='bbox 623 261 779 348; x_wconf 82' lang='lat' dir='ltr'><strong>ntsronn</strong></span> <span class='ocrx_word' id='word_1_3' title='bbox 798 289 1072 346; x_wconf 77' lang='lat' dir='ltr'><strong>nentonnvnnsrs.</strong></span> <span class='ocrx_word' id='word_1_4' title='bbox 1091 319 1127 331; x_wconf 91' lang='lat'><em>-</em></span> <span class='ocrx_word' id='word_1_5' title='bbox 1147 293 1208 346; x_wconf 84' lang='lat' dir='ltr'><strong>trs.</strong></span> <span class='ocrx_word' id='word_1_6' title='bbox 1229 292 1274 347; x_wconf 91' lang='lat' dir='ltr'><strong>nr.</strong></span> <span class='ocrx_word' id='word_1_7' title='bbox 1739 299 1793 353; x_wconf 84' lang='lat' dir='ltr'><strong>oca</strong></span> 
     </span>
    </p>
   </div>
   <div class='ocr_carea' id='block_1_2' title="bbox 97 412 1837 5200">
    <p class='ocr_par' dir='ltr' id='par_1_2' title="bbox 112 412 1829 1471">
     <span class='ocr_line' id='line_1_2' title="bbox 114 412 1792 490; baseline 0.005 -17"><span class='ocrx_word' id='word_1_8' title='bbox 114 414 220 473; x_wconf 85' lang='lat' dir='ltr'><strong>berillos</strong></span> <span class='ocrx_word' id='word_1_9' title='bbox 243 428 294 485; x_wconf 90' lang='lat' dir='ltr'><strong>per</strong></span> <span class='ocrx_word' id='word_1_10' title='bbox 317 415 455 471; x_wconf 89' lang='lat' dir='ltr'><strong>sitentium</strong></span> <span class='ocrx_word' id='word_1_11' title='bbox 480 415 579 472; x_wconf 81' lang='lat' dir='ltr'><strong>misere</strong></span> <span class='ocrx_word' id='word_1_12' title='bbox 602 419 803 480; x_wconf 88' lang='lat' dir='ltr'><strong>transcurrunt,</strong></span> <span class='ocrx_word' id='word_1_13' title='bbox 830 419 858 468; x_wconf 93' lang='lat' dir='ltr'><strong>et</strong></span> <span class='ocrx_word' id='word_1_14' title='bbox 877 412 1080 482; x_wconf 75' lang='lat' dir='ltr'><strong>quintandem</strong></span> <span class='ocrx_word' id='word_1_15' title='bbox 1100 414 1296 471; x_wconf 89' lang='lat' dir='ltr'><strong>consederunt.</strong></span> <span class='ocrx_word' id='word_1_16' title='bbox 1319 415 1423 484; x_wconf 86' lang='lat' dir='ltr'><strong>Quibus</strong></span> <span class='ocrx_word' id='word_1_17' title='bbox 1441 415 1592 487; x_wconf 87' lang='lat' dir='ltr'><strong>imperator</strong></span> <span class='ocrx_word' id='word_1_18' title='bbox 1610 422 1792 490; x_wconf 82' lang='lat' dir='ltr'><strong>respondens.</strong></span> 
     </span>
     <span class='ocr_line' id='line_1_3' title="bbox 113 500 1792 576; baseline 0.003 -14"><span class='ocrx_word' id='word_1_19' title='bbox 113 503 255 576; x_wconf 81' lang='lat' dir='ltr'><strong>vigilando,</strong></span> <span class='ocrx_word' id='word_1_20' title='bbox 285 501 437 561; x_wconf 89' lang='lat' dir='ltr'><strong>laborando</strong></span> <span class='ocrx_word' id='word_1_21' title='bbox 466 509 494 560; x_wconf 90' lang='lat' dir='ltr'><strong>et</strong></span> <span class='ocrx_word' id='word_1_22' title='bbox 521 503 670 562; x_wconf 90' lang='lat' dir='ltr'><strong>scribendo</strong></span> <span class='ocrx_word' id='word_1_23' title='bbox 702 503 763 558; x_wconf 92' lang='lat' dir='ltr'><strong>aliis</strong></span> <span class='ocrx_word' id='word_1_24' title='bbox 797 500 929 572; x_wconf 81' lang='lat' dir='ltr'><strong>prodesse</strong></span> <span class='ocrx_word' id='word_1_25' title='bbox 972 504 1150 559; x_wconf 68' lang='lat' dir='ltr'><strong>interessem</strong></span> <span class='ocrx_word' id='word_1_26' title='bbox 1169 501 1368 575; x_wconf 90' lang='lat' dir='ltr'><strong>aliquantulum</strong></span> <span class='ocrx_word' id='word_1_27' title='bbox 1392 504 1531 573; x_wconf 91' lang='lat' dir='ltr'><strong>dubitans,</strong></span> <span class='ocrx_word' id='word_1_28' title='bbox 1548 505 1792 568; x_wconf 86' lang='lat' dir='ltr'><strong>vidensrirossa·</strong></span> 
     </span>
     <span class='ocr_line' id='line_1_4' title="bbox 114 591 1829 670; baseline 0.003 -19"><span class='ocrx_word' id='word_1_29' title='bbox 114 600 268 668; x_wconf 88' lang='lat' dir='ltr'><strong>potuerunt,</strong></span> <span class='ocrx_word' id='word_1_30' title='bbox 284 599 321 670; x_wconf 22' lang='lat' dir='ltr'><strong>nt*</strong></span> <span class='ocrx_word' id='word_1_31' title='bbox 337 593 480 650; x_wconf 81' lang='lat' dir='ltr'><strong>animabus</strong></span> <span class='ocrx_word' id='word_1_32' title='bbox 503 595 561 650; x_wconf 89' lang='lat' dir='ltr'><strong>suis</strong></span> <span class='ocrx_word' id='word_1_33' title='bbox 584 593 750 665; x_wconf 89' lang='lat' dir='ltr'><strong>quandoque</strong></span> <span class='ocrx_word' id='word_1_34' title='bbox 774 591 932 648; x_wconf 77' lang='lat' dir='ltr'><strong>sitientibus</strong></span> <span class='ocrx_word' id='word_1_35' title='bbox 973 592 1237 660; x_wconf 87' lang='lat' dir='ltr'><strong>pientes,discretos</strong></span> <span class='ocrx_word' id='word_1_36' title='bbox 1247 598 1330 662; x_wconf 91' lang='lat' dir='ltr'><strong>atque</strong></span> <span class='ocrx_word' id='word_1_37' title='bbox 1344 592 1467 650; x_wconf 88' lang='lat' dir='ltr'><strong>allabiles</strong></span> <span class='ocrx_word' id='word_1_38' title='bbox 1476 593 1667 666; x_wconf 90' lang='lat' dir='ltr'><strong>doctrinisque</strong></span> <span class='ocrx_word' id='word_1_39' title='bbox 1681 596 1794 656; x_wconf 88' lang='lat' dir='ltr'><strong>aiflncn-</strong></span> <span class='ocrx_word' id='word_1_40' title='bbox 1826 648 1829 662; x_wconf 84' lang='lat'><em>.</em></span> 
     </span>
     <span class='ocr_line' id='line_1_5' title="bbox 112 679 1795 754; baseline 0.001 -12"><span class='ocrx_word' id='word_1_41' title='bbox 112 697 206 754; x_wconf 89' lang='lat' dir='ltr'><strong>aquam</strong></span> <span class='ocrx_word' id='word_1_42' title='bbox 229 687 419 754; x_wconf 72' lang='lat' dir='ltr'><strong>prepararent</strong></span> <span class='ocrx_word' id='word_1_43' title='bbox 437 683 533 752; x_wconf 88' lang='lat' dir='ltr'><strong>vivam,</strong></span> <span class='ocrx_word' id='word_1_44' title='bbox 559 683 671 738; x_wconf 86' lang='lat' dir='ltr'><strong>minime</strong></span> <span class='ocrx_word' id='word_1_45' title='bbox 694 685 870 752; x_wconf 72' lang='lat' dir='ltr'><strong>satagerunt,</strong></span> <span class='ocrx_word' id='word_1_46' title='bbox 897 679 931 736; x_wconf 89' lang='lat' dir='ltr'><strong>de</strong></span> <span class='ocrx_word' id='word_1_47' title='bbox 973 685 1024 747; x_wconf 92' lang='lat' dir='ltr'><strong>tes,</strong></span> <span class='ocrx_word' id='word_1_48' title='bbox 1041 682 1114 737; x_wconf 90' lang='lat' dir='ltr'><strong>inter</strong></span> <span class='ocrx_word' id='word_1_49' title='bbox 1127 696 1157 738; x_wconf 89' lang='lat' dir='ltr'><strong>se</strong></span> <span class='ocrx_word' id='word_1_50' title='bbox 1172 682 1254 738; x_wconf 90' lang='lat' dir='ltr'><strong>tacite</strong></span> <span class='ocrx_word' id='word_1_51' title='bbox 1268 681 1401 739; x_wconf 85' lang='lat' dir='ltr'><strong>Gnidonis</strong></span> <span class='ocrx_word' id='word_1_52' title='bbox 1416 688 1444 739; x_wconf 89' lang='lat' dir='ltr'><strong>et</strong></span> <span class='ocrx_word' id='word_1_53' title='bbox 1458 683 1555 741; x_wconf 92' lang='lat' dir='ltr'><strong>horum</strong></span> <span class='ocrx_word' id='word_1_54' title='bbox 1570 698 1678 742; x_wconf 89' lang='lat' dir='ltr'><strong>causam</strong></span> <span class='ocrx_word' id='word_1_55' title='bbox 1694 686 1742 744; x_wconf 92' lang='lat' dir='ltr'><strong>diu</strong></span> <span class='ocrx_word' id='word_1_56' title='bbox 1757 689 1795 744; x_wconf 92' lang='lat' dir='ltr'><strong>ri-</strong></span> 
     </span>
     <span class='ocr_line' id='line_1_6' title="bbox 114 769 1794 844; baseline 0.002 -15"><span class='ocrx_word' id='word_1_57' title='bbox 114 787 163 844; x_wconf 92' lang='lat' dir='ltr'><strong>qua</strong></span> <span class='ocrx_word' id='word_1_58' title='bbox 182 773 296 829; x_wconf 91' lang='lat' dir='ltr'><strong>caritate</strong></span> <span class='ocrx_word' id='word_1_59' title='bbox 320 777 348 827; x_wconf 90' lang='lat' dir='ltr'><strong>et</strong></span> <span class='ocrx_word' id='word_1_60' title='bbox 370 772 569 828; x_wconf 79' lang='lat' dir='ltr'><strong>misericordiae</strong></span> <span class='ocrx_word' id='word_1_61' title='bbox 591 785 662 842; x_wconf 90' lang='lat' dir='ltr'><strong>aqua</strong></span> <span class='ocrx_word' id='word_1_62' title='bbox 681 771 815 827; x_wconf 87' lang='lat' dir='ltr'><strong>Dominus</strong></span> <span class='ocrx_word' id='word_1_63' title='bbox 829 769 863 824; x_wconf 91' lang='lat' dir='ltr'><strong>ad</strong></span> <span class='ocrx_word' id='word_1_64' title='bbox 881 769 931 824; x_wconf 90' lang='lat' dir='ltr'><strong>Sa·</strong></span> <span class='ocrx_word' id='word_1_65' title='bbox 973 771 1041 826; x_wconf 92' lang='lat' dir='ltr'><strong>mari</strong></span> <span class='ocrx_word' id='word_1_66' title='bbox 1056 769 1130 826; x_wconf 91' lang='lat' dir='ltr'><strong>visus</strong></span> <span class='ocrx_word' id='word_1_67' title='bbox 1144 775 1196 827; x_wconf 92' lang='lat' dir='ltr'><strong>est.</strong></span> <span class='ocrx_word' id='word_1_68' title='bbox 1211 772 1331 828; x_wconf 85' lang='lat' dir='ltr'><strong>Tandem</strong></span> <span class='ocrx_word' id='word_1_69' title='bbox 1345 786 1411 829; x_wconf 90' lang='lat' dir='ltr'><strong>voce</strong></span> <span class='ocrx_word' id='word_1_70' title='bbox 1427 775 1539 844; x_wconf 89' lang='lat' dir='ltr'><strong>propria</strong></span> <span class='ocrx_word' id='word_1_71' title='bbox 1552 774 1704 832; x_wconf 89' lang='lat' dir='ltr'><strong>Guidnnem</strong></span> <span class='ocrx_word' id='word_1_72' title='bbox 1719 782 1794 834; x_wconf 90' lang='lat' dir='ltr'><strong>retro</strong></span> 
     </span>
     <span class='ocr_line' id='line_1_7' title="bbox 113 859 1794 936; baseline 0.003 -18"><span class='ocrx_word' id='word_1_73' title='bbox 113 861 270 918; x_wconf 79' lang='lat' dir='ltr'><strong>maritantem</strong></span> <span class='ocrx_word' id='word_1_74' title='bbox 297 859 421 931; x_wconf 92' lang='lat' dir='ltr'><strong>loquitur</strong></span> <span class='ocrx_word' id='word_1_75' title='bbox 448 860 567 918; x_wconf 91' lang='lat' dir='ltr'><strong>dicens:</strong></span> <span class='ocrx_word' id='word_1_76' title='bbox 591 859 675 927; x_wconf 75' lang='lat' dir='ltr'><strong>«Qui</strong></span> <span class='ocrx_word' id='word_1_77' title='bbox 704 859 807 916; x_wconf 92' lang='lat' dir='ltr'><strong>biberit</strong></span> <span class='ocrx_word' id='word_1_78' title='bbox 834 870 931 928; x_wconf 93' lang='lat' dir='ltr'><strong>aquam</strong></span> <span class='ocrx_word' id='word_1_79' title='bbox 973 864 1036 929; x_wconf 90' lang='lat' dir='ltr'><strong>post</strong></span> <span class='ocrx_word' id='word_1_80' title='bbox 1054 873 1150 917; x_wconf 89' lang='lat' dir='ltr'><strong>omncs</strong></span> <span class='ocrx_word' id='word_1_81' title='bbox 1173 860 1276 917; x_wconf 81' lang='lat' dir='ltr'><strong>ibidem</strong></span> <span class='ocrx_word' id='word_1_82' title='bbox 1294 867 1427 918; x_wconf 87' lang='lat' dir='ltr'><strong>astantem</strong></span> <span class='ocrx_word' id='word_1_83' title='bbox 1442 868 1506 919; x_wconf 91' lang='lat' dir='ltr'><strong>ante</strong></span> <span class='ocrx_word' id='word_1_84' title='bbox 1520 864 1645 930; x_wconf 86' lang='lat' dir='ltr'><strong>vocavit;</strong></span> <span class='ocrx_word' id='word_1_85' title='bbox 1668 879 1724 936; x_wconf 94' lang='lat' dir='ltr'><strong>qno</strong></span> <span class='ocrx_word' id='word_1_86' title='bbox 1743 880 1794 923; x_wconf 88' lang='lat' dir='ltr'><strong>vo·</strong></span> 
     </span>
     <span class='ocr_line' id='line_1_8' title="bbox 113 946 1794 1026; baseline 0.004 -20"><span class='ocrx_word' id='word_1_87' title='bbox 113 963 190 1020; x_wconf 93' lang='lat' dir='ltr'><strong>quam</strong></span> <span class='ocrx_word' id='word_1_88' title='bbox 209 963 261 1022; x_wconf 91' lang='lat' dir='ltr'><strong>ego</strong></span> <span class='ocrx_word' id='word_1_89' title='bbox 276 949 322 1017; x_wconf 92' lang='lat' dir='ltr'><strong>do,</strong></span> <span class='ocrx_word' id='word_1_90' title='bbox 339 947 386 1006; x_wconf 86' lang='lat' dir='ltr'><strong>liet</strong></span> <span class='ocrx_word' id='word_1_91' title='bbox 399 950 428 1004; x_wconf 95' lang='lat' dir='ltr'><strong>in</strong></span> <span class='ocrx_word' id='word_1_92' title='bbox 443 963 476 1006; x_wconf 92' lang='lat' dir='ltr'><strong>co</strong></span> <span class='ocrx_word' id='word_1_93' title='bbox 496 947 557 1006; x_wconf 91' lang='lat' dir='ltr'><strong>lons</strong></span> <span class='ocrx_word' id='word_1_94' title='bbox 570 963 650 1019; x_wconf 78' lang='lat' dir='ltr'><strong>aque</strong></span> <span class='ocrx_word' id='word_1_95' title='bbox 663 948 788 1006; x_wconf 88' lang='lat' dir='ltr'><strong>salientis</strong></span> <span class='ocrx_word' id='word_1_96' title='bbox 807 947 835 1002; x_wconf 92' lang='lat' dir='ltr'><strong>in</strong></span> <span class='ocrx_word' id='word_1_97' title='bbox 848 946 932 1002; x_wconf 89' lang='lat' dir='ltr'><strong>vitam</strong></span> <span class='ocrx_word' id='word_1_98' title='bbox 973 953 1045 1016; x_wconf 89' lang='lat' dir='ltr'><strong>cato,</strong></span> <span class='ocrx_word' id='word_1_99' title='bbox 1061 949 1205 1006; x_wconf 87' lang='lat' dir='ltr'><strong>universos</strong></span> <span class='ocrx_word' id='word_1_100' title='bbox 1219 951 1393 1020; x_wconf 90' lang='lat' dir='ltr'><strong>percunctari</strong></span> <span class='ocrx_word' id='word_1_101' title='bbox 1407 951 1502 1022; x_wconf 86' lang='lat' dir='ltr'><strong>erepit,</strong></span> <span class='ocrx_word' id='word_1_102' title='bbox 1517 951 1541 1007; x_wconf 95' lang='lat' dir='ltr'><strong>si</strong></span> <span class='ocrx_word' id='word_1_103' title='bbox 1556 953 1794 1026; x_wconf 90' lang='lat' dir='ltr'><strong>archiepiscopum</strong></span> 
     </span>
     <span class='ocr_line' id='line_1_9' title="bbox 113 1035 1794 1112; baseline 0.004 -18"><span class='ocrx_word' id='word_1_104' title='bbox 113 1044 242 1094; x_wconf 88' lang='lat' dir='ltr'><strong>aeternam</strong></span> <span class='ocrx_word' id='word_1_105' title='bbox 267 1035 539 1109; x_wconf 76' lang='lat' dir='ltr'><strong>(loonc.1v,ld).»</strong></span> <span class='ocrx_word' id='word_1_106' title='bbox 567 1036 621 1094; x_wconf 89' lang='lat' dir='ltr'><strong>Sed</strong></span> <span class='ocrx_word' id='word_1_107' title='bbox 641 1050 692 1108; x_wconf 89' lang='lat' dir='ltr'><strong>ego</strong></span> <span class='ocrx_word' id='word_1_108' title='bbox 708 1036 790 1092; x_wconf 94' lang='lat' dir='ltr'><strong>homo</strong></span> <span class='ocrx_word' id='word_1_109' title='bbox 810 1035 932 1106; x_wconf 87' lang='lat' dir='ltr'><strong>quamvis</strong></span> <span class='ocrx_word' id='word_1_110' title='bbox 973 1036 1095 1092; x_wconf 85' lang='lat' dir='ltr'><strong>vellent?</strong></span> <span class='ocrx_word' id='word_1_111' title='bbox 1118 1037 1168 1104; x_wconf 86' lang='lat' dir='ltr'><strong>Qui</strong></span> <span class='ocrx_word' id='word_1_112' title='bbox 1192 1038 1275 1094; x_wconf 92' lang='lat' dir='ltr'><strong>tertio</strong></span> <span class='ocrx_word' id='word_1_113' title='bbox 1299 1038 1428 1096; x_wconf 87' lang='lat' dir='ltr'><strong>dixerunt</strong></span> <span class='ocrx_word' id='word_1_114' title='bbox 1448 1060 1453 1096; x_wconf 96' lang='lat'><strong>:</strong></span> <span class='ocrx_word' id='word_1_115' title='bbox 1477 1058 1492 1093; x_wconf 82' lang='lat' dir='ltr'><strong>n</strong></span> <span class='ocrx_word' id='word_1_116' title='bbox 1511 1042 1642 1110; x_wconf 89' lang='lat' dir='ltr'><strong>Petimus,</strong></span> <span class='ocrx_word' id='word_1_117' title='bbox 1658 1042 1794 1112; x_wconf 90' lang='lat' dir='ltr'><strong>volumus,</strong></span> 
     </span>
     <span class='ocr_line' id='line_1_10' title="bbox 113 1123 1795 1199; baseline 0.003 -15"><span class='ocrx_word' id='word_1_118' title='bbox 113 1126 244 1196; x_wconf 89' lang='lat' dir='ltr'><strong>tantillus,</strong></span> <span class='ocrx_word' id='word_1_119' title='bbox 264 1127 398 1199; x_wconf 88' lang='lat' dir='ltr'><strong>angustiis</strong></span> <span class='ocrx_word' id='word_1_120' title='bbox 415 1131 441 1183; x_wconf 92' lang='lat' dir='ltr'><strong>et</strong></span> <span class='ocrx_word' id='word_1_121' title='bbox 461 1126 686 1183; x_wconf 87' lang='lat' dir='ltr'><strong>tribulationibus</strong></span> <span class='ocrx_word' id='word_1_122' title='bbox 704 1125 831 1192; x_wconf 90' lang='lat' dir='ltr'><strong>lassatus,</strong></span> <span class='ocrx_word' id='word_1_123' title='bbox 847 1123 932 1181; x_wconf 88' lang='lat' dir='ltr'><strong>iretus</strong></span> <span class='ocrx_word' id='word_1_124' title='bbox 974 1125 1189 1182; x_wconf 86' lang='lat' dir='ltr'><strong>desideramus.»</strong></span> <span class='ocrx_word' id='word_1_125' title='bbox 1204 1125 1244 1182; x_wconf 83' lang='lat' dir='ltr'><strong>ad</strong></span> <span class='ocrx_word' id='word_1_126' title='bbox 1259 1127 1320 1184; x_wconf 85' lang='lat' dir='ltr'><strong>haec</strong></span> <span class='ocrx_word' id='word_1_127' title='bbox 1334 1129 1503 1198; x_wconf 88' lang='lat' dir='ltr'><strong>imperator:</strong></span> <span class='ocrx_word' id='word_1_128' title='bbox 1519 1148 1532 1181; x_wconf 84' lang='lat' dir='ltr'><strong>n</strong></span> <span class='ocrx_word' id='word_1_129' title='bbox 1544 1131 1571 1186; x_wconf 90' lang='lat' dir='ltr'><strong>Si</strong></span> <span class='ocrx_word' id='word_1_130' title='bbox 1587 1147 1622 1187; x_wconf 88' lang='lat' dir='ltr'><strong>ex</strong></span> <span class='ocrx_word' id='word_1_131' title='bbox 1636 1137 1695 1190; x_wconf 93' lang='lat' dir='ltr'><strong>toto</strong></span> <span class='ocrx_word' id='word_1_132' title='bbox 1710 1133 1795 1190; x_wconf 91' lang='lat' dir='ltr'><strong>corde</strong></span> 
     </span>
     <span class='ocr_line' id='line_1_11' title="bbox 112 1213 1793 1293; baseline 0 -21"><span class='ocrx_word' id='word_1_133' title='bbox 112 1225 140 1272; x_wconf 92' lang='lat' dir='ltr'><strong>ut</strong></span> <span class='ocrx_word' id='word_1_134' title='bbox 163 1216 249 1274; x_wconf 91' lang='lat' dir='ltr'><strong>credo</strong></span> <span class='ocrx_word' id='word_1_135' title='bbox 273 1225 448 1287; x_wconf 87' lang='lat' dir='ltr'><strong>posterorum</strong></span> <span class='ocrx_word' id='word_1_136' title='bbox 471 1229 594 1273; x_wconf 92' lang='lat' dir='ltr'><strong>meorum</strong></span> <span class='ocrx_word' id='word_1_137' title='bbox 613 1215 729 1283; x_wconf 89' lang='lat' dir='ltr'><strong>meritis,</strong></span> <span class='ocrx_word' id='word_1_138' title='bbox 746 1215 793 1286; x_wconf 77' lang='lat' dir='ltr'><strong>qui</strong></span> <span class='ocrx_word' id='word_1_139' title='bbox 812 1214 873 1271; x_wconf 82' lang='lat' dir='ltr'><strong>baec</strong></span> <span class='ocrx_word' id='word_1_140' title='bbox 888 1213 931 1268; x_wconf 89' lang='lat' dir='ltr'><strong>vi·</strong></span> <span class='ocrx_word' id='word_1_141' title='bbox 975 1215 1082 1285; x_wconf 90' lang='lat' dir='ltr'><strong>petitis,</strong></span> <span class='ocrx_word' id='word_1_142' title='bbox 1112 1215 1209 1284; x_wconf 90' lang='lat' dir='ltr'><strong>vultis,</strong></span> <span class='ocrx_word' id='word_1_143' title='bbox 1239 1215 1416 1284; x_wconf 90' lang='lat' dir='ltr'><strong>desideratis,</strong></span> <span class='ocrx_word' id='word_1_144' title='bbox 1445 1219 1597 1276; x_wconf 75' lang='lat' dir='ltr'><strong>(luidonem</strong></span> <span class='ocrx_word' id='word_1_145' title='bbox 1630 1221 1793 1293; x_wconf 75' lang='lat' dir='ltr'><strong>accipite.»</strong></span> 
     </span>
     <span class='ocr_line' id='line_1_12' title="bbox 112 1301 1796 1382; baseline 0.002 -20"><span class='ocrx_word' id='word_1_146' title='bbox 112 1307 208 1363; x_wconf 92' lang='lat' dir='ltr'><strong>dentes</strong></span> <span class='ocrx_word' id='word_1_147' title='bbox 233 1313 402 1378; x_wconf 79' lang='lat' dir='ltr'><strong>cognoscent</strong></span> <span class='ocrx_word' id='word_1_148' title='bbox 425 1306 516 1362; x_wconf 86' lang='lat' dir='ltr'><strong>moad</strong></span> <span class='ocrx_word' id='word_1_149' title='bbox 540 1319 650 1362; x_wconf 87' lang='lat' dir='ltr'><strong>suarum</strong></span> <span class='ocrx_word' id='word_1_150' title='bbox 670 1305 832 1376; x_wconf 83' lang='lat' dir='ltr'><strong>dignitatum</strong></span> <span class='ocrx_word' id='word_1_151' title='bbox 853 1301 933 1358; x_wconf 91' lang='lat' dir='ltr'><strong>labo·</strong></span> <span class='ocrx_word' id='word_1_152' title='bbox 974 1305 1033 1361; x_wconf 91' lang='lat' dir='ltr'><strong>lloc</strong></span> <span class='ocrx_word' id='word_1_153' title='bbox 1052 1304 1146 1360; x_wconf 92' lang='lat' dir='ltr'><strong>audito</strong></span> <span class='ocrx_word' id='word_1_154' title='bbox 1166 1302 1260 1360; x_wconf 88' lang='lat' dir='ltr'><strong>clerici</strong></span> <span class='ocrx_word' id='word_1_155' title='bbox 1279 1319 1311 1361; x_wconf 90' lang='lat' dir='ltr'><strong>ac</strong></span> <span class='ocrx_word' id='word_1_156' title='bbox 1333 1305 1397 1362; x_wconf 91' lang='lat' dir='ltr'><strong>laici</strong></span> <span class='ocrx_word' id='word_1_157' title='bbox 1412 1319 1508 1363; x_wconf 91' lang='lat' dir='ltr'><strong>omnes</strong></span> <span class='ocrx_word' id='word_1_158' title='bbox 1521 1308 1632 1366; x_wconf 91' lang='lat' dir='ltr'><strong>minime</strong></span> <span class='ocrx_word' id='word_1_159' title='bbox 1652 1311 1680 1366; x_wconf 96' lang='lat' dir='ltr'><strong>in</strong></span> <span class='ocrx_word' id='word_1_160' title='bbox 1699 1310 1796 1382; x_wconf 89' lang='lat' dir='ltr'><strong>primis</strong></span> 
     </span>
     <span class='ocr_line' id='line_1_13' title="bbox 112 1388 1795 1471; baseline 0.004 -20"><span class='ocrx_word' id='word_1_161' title='bbox 112 1409 185 1451; x_wconf 84' lang='lat' dir='ltr'><strong>rasse</strong></span> <span class='ocrx_word' id='word_1_162' title='bbox 204 1395 351 1465; x_wconf 89' lang='lat' dir='ltr'><strong>honorem,</strong></span> <span class='ocrx_word' id='word_1_163' title='bbox 371 1395 405 1451; x_wconf 90' lang='lat' dir='ltr'><strong>ad</strong></span> <span class='ocrx_word' id='word_1_164' title='bbox 425 1395 564 1464; x_wconf 90' lang='lat' dir='ltr'><strong>inceptum</strong></span> <span class='ocrx_word' id='word_1_165' title='bbox 583 1392 713 1450; x_wconf 90' lang='lat' dir='ltr'><strong>lestinare</strong></span> <span class='ocrx_word' id='word_1_166' title='bbox 732 1391 876 1463; x_wconf 86' lang='lat' dir='ltr'><strong>aggrediar</strong></span> <span class='ocrx_word' id='word_1_167' title='bbox 889 1388 932 1444; x_wconf 69' lang='lat'><strong>⁸³⁸.</strong></span> <span class='ocrx_word' id='word_1_168' title='bbox 974 1393 1035 1450; x_wconf 89' lang='lat' dir='ltr'><strong>haec</strong></span> <span class='ocrx_word' id='word_1_169' title='bbox 1062 1392 1157 1448; x_wconf 91' lang='lat' dir='ltr'><strong>audire</strong></span> <span class='ocrx_word' id='word_1_170' title='bbox 1186 1392 1349 1464; x_wconf 82' lang='lat' dir='ltr'><strong>cogitantes,</strong></span> <span class='ocrx_word' id='word_1_171' title='bbox 1378 1393 1500 1450; x_wconf 88' lang='lat' dir='ltr'><strong>vultibus</strong></span> <span class='ocrx_word' id='word_1_172' title='bbox 1532 1396 1642 1467; x_wconf 90' lang='lat' dir='ltr'><strong>pallidis</strong></span> <span class='ocrx_word' id='word_1_173' title='bbox 1669 1413 1795 1471; x_wconf 83' lang='lat' dir='ltr'><strong>voceque</strong></span> 
     </span>
    </p>

    <p class='ocr_par' dir='ltr' id='par_1_3' title="bbox 106 1478 1800 2268">
     <span class='ocr_line' id='line_1_14' title="bbox 147 1478 1799 1559; baseline 0.005 -21"><span class='ocrx_word' id='word_1_174' title='bbox 147 1482 336 1555; x_wconf 71' lang='lat' dir='ltr'><strong>2.1gttur‘⁸⁸</strong></span> <span class='ocrx_word' id='word_1_175' title='bbox 362 1483 505 1554; x_wconf 83' lang='lat' dir='ltr'><strong>praedonis</strong></span> <span class='ocrx_word' id='word_1_176' title='bbox 525 1497 557 1538; x_wconf 92' lang='lat' dir='ltr'><strong>ao</strong></span> <span class='ocrx_word' id='word_1_177' title='bbox 581 1482 770 1539; x_wconf 88' lang='lat' dir='ltr'><strong>determinatis</strong></span> <span class='ocrx_word' id='word_1_178' title='bbox 794 1478 935 1548; x_wconf 89' lang='lat' dir='ltr'><strong>archiepi·</strong></span> <span class='ocrx_word' id='word_1_179' title='bbox 975 1482 1110 1539; x_wconf 88' lang='lat' dir='ltr'><strong>submissa</strong></span> <span class='ocrx_word' id='word_1_180' title='bbox 1138 1487 1298 1538; x_wconf 90' lang='lat' dir='ltr'><strong>renuerunt.</strong></span> <span class='ocrx_word' id='word_1_181' title='bbox 1329 1485 1387 1551; x_wconf 85' lang='lat' dir='ltr'><strong>Quo</strong></span> <span class='ocrx_word' id='word_1_182' title='bbox 1415 1484 1510 1542; x_wconf 92' lang='lat' dir='ltr'><strong>andito</strong></span> <span class='ocrx_word' id='word_1_183' title='bbox 1543 1485 1693 1556; x_wconf 90' lang='lat' dir='ltr'><strong>imperator</strong></span> <span class='ocrx_word' id='word_1_184' title='bbox 1721 1489 1799 1559; x_wconf 88' lang='lat' dir='ltr'><strong>ipsos</strong></span> 
     </span>
     <span class='ocr_line' id='line_1_15' title="bbox 112 1567 1798 1641; baseline 0.004 -13"><span class='ocrx_word' id='word_1_185' title='bbox 112 1584 262 1641; x_wconf 90' lang='lat' dir='ltr'><strong>scoporum</strong></span> <span class='ocrx_word' id='word_1_186' title='bbox 286 1577 443 1630; x_wconf 90' lang='lat' dir='ltr'><strong>nostrorum</strong></span> <span class='ocrx_word' id='word_1_187' title='bbox 467 1571 568 1638; x_wconf 89' lang='lat' dir='ltr'><strong>causis,</strong></span> <span class='ocrx_word' id='word_1_188' title='bbox 584 1584 653 1641; x_wconf 89' lang='lat' dir='ltr'><strong>quas</strong></span> <span class='ocrx_word' id='word_1_189' title='bbox 667 1583 718 1641; x_wconf 91' lang='lat' dir='ltr'><strong>ego</strong></span> <span class='ocrx_word' id='word_1_190' title='bbox 733 1567 820 1625; x_wconf 91' lang='lat' dir='ltr'><strong>multo</strong></span> <span class='ocrx_word' id='word_1_191' title='bbox 834 1567 935 1623; x_wconf 93' lang='lat' dir='ltr'><strong>sudore</strong></span> <span class='ocrx_word' id='word_1_192' title='bbox 976 1567 1111 1625; x_wconf 91' lang='lat' dir='ltr'><strong>sciscitari</strong></span> <span class='ocrx_word' id='word_1_193' title='bbox 1135 1571 1219 1640; x_wconf 85' lang='lat' dir='ltr'><strong>cmpit</strong></span> <span class='ocrx_word' id='word_1_194' title='bbox 1239 1569 1358 1626; x_wconf 89' lang='lat' dir='ltr'><strong>diceus:</strong></span> <span class='ocrx_word' id='word_1_195' title='bbox 1378 1573 1485 1640; x_wconf 84' lang='lat' dir='ltr'><strong>«Quod</strong></span> <span class='ocrx_word' id='word_1_196' title='bbox 1505 1571 1603 1630; x_wconf 82' lang='lat' dir='ltr'><strong>testum</strong></span> <span class='ocrx_word' id='word_1_197' title='bbox 1619 1575 1702 1632; x_wconf 89' lang='lat' dir='ltr'><strong>hodie</strong></span> <span class='ocrx_word' id='word_1_198' title='bbox 1721 1578 1798 1634; x_wconf 89' lang='lat' dir='ltr'><strong>cele·</strong></span> 
     </span>
     <span class='ocr_line' id='line_1_16' title="bbox 112 1652 1799 1733; baseline 0.004 -19"><span class='ocrx_word' id='word_1_199' title='bbox 112 1658 256 1730; x_wconf 92' lang='lat' dir='ltr'><strong>multoque</strong></span> <span class='ocrx_word' id='word_1_200' title='bbox 280 1658 375 1716; x_wconf 91' lang='lat' dir='ltr'><strong>labore</strong></span> <span class='ocrx_word' id='word_1_201' title='bbox 400 1659 530 1730; x_wconf 90' lang='lat' dir='ltr'><strong>antiquos</strong></span> <span class='ocrx_word' id='word_1_202' title='bbox 558 1658 725 1714; x_wconf 89' lang='lat' dir='ltr'><strong>sciscitando</strong></span> <span class='ocrx_word' id='word_1_203' title='bbox 754 1669 850 1721; x_wconf 91' lang='lat' dir='ltr'><strong>annos,</strong></span> <span class='ocrx_word' id='word_1_204' title='bbox 867 1652 937 1710; x_wconf 90' lang='lat' dir='ltr'><strong>veri·</strong></span> <span class='ocrx_word' id='word_1_205' title='bbox 977 1657 1112 1713; x_wconf 83' lang='lat' dir='ltr'><strong>bratistu</strong></span> <span class='ocrx_word' id='word_1_206' title='bbox 1129 1657 1366 1729; x_wconf 88' lang='lat' dir='ltr'><strong>Responderunt:</strong></span> <span class='ocrx_word' id='word_1_207' title='bbox 1384 1677 1399 1712; x_wconf 86' lang='lat' dir='ltr'><strong>n</strong></span> <span class='ocrx_word' id='word_1_208' title='bbox 1414 1661 1506 1718; x_wconf 89' lang='lat' dir='ltr'><strong>Sancti</strong></span> <span class='ocrx_word' id='word_1_209' title='bbox 1529 1663 1654 1720; x_wconf 86' lang='lat' dir='ltr'><strong>blaterni.</strong></span> <span class='ocrx_word' id='word_1_210' title='bbox 1672 1683 1685 1717; x_wconf 83' lang='lat' dir='ltr'><strong>n</strong></span> <span class='ocrx_word' id='word_1_211' title='bbox 1704 1666 1799 1733; x_wconf 87' lang='lat' dir='ltr'><strong>«Quis</strong></span> 
     </span>
     <span class='ocr_line' id='line_1_17' title="bbox 109 1736 1800 1820; baseline 0.004 -16"><span class='ocrx_word' id='word_1_212' title='bbox 109 1753 193 1804; x_wconf 89' lang='lat' dir='ltr'><strong>tatem</strong></span> <span class='ocrx_word' id='word_1_213' title='bbox 208 1753 300 1804; x_wconf 90' lang='lat' dir='ltr'><strong>tamen</strong></span> <span class='ocrx_word' id='word_1_214' title='bbox 324 1754 457 1816; x_wconf 91' lang='lat' dir='ltr'><strong>amantes,</strong></span> <span class='ocrx_word' id='word_1_215' title='bbox 482 1748 591 1804; x_wconf 90' lang='lat' dir='ltr'><strong>curiose</strong></span> <span class='ocrx_word' id='word_1_216' title='bbox 607 1745 727 1816; x_wconf 83' lang='lat' dir='ltr'><strong>repperi,</strong></span> <span class='ocrx_word' id='word_1_217' title='bbox 744 1759 776 1800; x_wconf 89' lang='lat' dir='ltr'><strong>ac</strong></span> <span class='ocrx_word' id='word_1_218' title='bbox 795 1736 1030 1802; x_wconf 90' lang='lat' dir='ltr'><strong>civitatumBinit</strong></span> <span class='ocrx_word' id='word_1_219' title='bbox 1049 1747 1100 1802; x_wconf 93' lang='lat' dir='ltr'><strong>iste</strong></span> <span class='ocrx_word' id='word_1_220' title='bbox 1122 1749 1307 1804; x_wconf 78' lang='lat' dir='ltr'><strong>blaternust»</strong></span> <span class='ocrx_word' id='word_1_221' title='bbox 1332 1749 1570 1819; x_wconf 85' lang='lat' dir='ltr'><strong>Responderunt:</strong></span> <span class='ocrx_word' id='word_1_222' title='bbox 1589 1770 1603 1804; x_wconf 81' lang='lat' dir='ltr'><strong>n</strong></span> <span class='ocrx_word' id='word_1_223' title='bbox 1623 1753 1800 1820; x_wconf 73' lang='lat' dir='ltr'><strong>primicerios</strong></span> 
     </span>
     <span class='ocr_line' id='line_1_18' title="bbox 109 1833 1796 1913; baseline 0.002 -20"><span class='ocrx_word' id='word_1_224' title='bbox 109 1836 195 1894; x_wconf 79' lang='lat' dir='ltr'><strong>ltalire</strong></span> <span class='ocrx_word' id='word_1_225' title='bbox 212 1838 297 1894; x_wconf 92' lang='lat' dir='ltr'><strong>totius</strong></span> <span class='ocrx_word' id='word_1_226' title='bbox 307 1837 442 1895; x_wconf 89' lang='lat' dir='ltr'><strong>librorum</strong></span> <span class='ocrx_word' id='word_1_227' title='bbox 458 1837 570 1908; x_wconf 89' lang='lat' dir='ltr'><strong>paginas</strong></span> <span class='ocrx_word' id='word_1_228' title='bbox 584 1835 709 1892; x_wconf 93' lang='lat' dir='ltr'><strong>rimando</strong></span> <span class='ocrx_word' id='word_1_229' title='bbox 725 1833 783 1890; x_wconf 87' lang='lat' dir='ltr'><strong>iere</strong></span> <span class='ocrx_word' id='word_1_230' title='bbox 798 1837 937 1889; x_wconf 90' lang='lat' dir='ltr'><strong>scrutatus</strong></span> <span class='ocrx_word' id='word_1_231' title='bbox 977 1842 1134 1893; x_wconf 90' lang='lat' dir='ltr'><strong>nostrorum</strong></span> <span class='ocrx_word' id='word_1_232' title='bbox 1166 1836 1310 1894; x_wconf 90' lang='lat' dir='ltr'><strong>lectorum.</strong></span> <span class='ocrx_word' id='word_1_233' title='bbox 1328 1857 1342 1892; x_wconf 82' lang='lat' dir='ltr'><strong>n</strong></span> <span class='ocrx_word' id='word_1_234' title='bbox 1372 1857 1387 1892; x_wconf 85' lang='lat' dir='ltr'><strong>n</strong></span> <span class='ocrx_word' id='word_1_235' title='bbox 1411 1841 1495 1910; x_wconf 75' lang='lat' dir='ltr'><strong>Culus</strong></span> <span class='ocrx_word' id='word_1_236' title='bbox 1524 1842 1661 1913; x_wconf 81' lang='lat' dir='ltr'><strong>prosapta</strong></span> <span class='ocrx_word' id='word_1_237' title='bbox 1688 1842 1741 1899; x_wconf 89' lang='lat' dir='ltr'><strong>luit</strong></span> <span class='ocrx_word' id='word_1_238' title='bbox 1755 1851 1767 1900; x_wconf 85' lang='lat' dir='ltr'><strong>t</strong></span> <span class='ocrx_word' id='word_1_239' title='bbox 1782 1863 1796 1896; x_wconf 81' lang='lat' dir='ltr'><strong>n</strong></span> 
     </span>
     <span class='ocr_line' id='line_1_19' title="bbox 108 1922 1797 2002; baseline 0.004 -20"><span class='ocrx_word' id='word_1_240' title='bbox 108 1940 180 1995; x_wconf 93' lang='lat' dir='ltr'><strong>sum,</strong></span> <span class='ocrx_word' id='word_1_241' title='bbox 197 1933 226 1983; x_wconf 92' lang='lat' dir='ltr'><strong>ct</strong></span> <span class='ocrx_word' id='word_1_242' title='bbox 241 1932 323 1996; x_wconf 91' lang='lat' dir='ltr'><strong>prout</strong></span> <span class='ocrx_word' id='word_1_243' title='bbox 338 1926 426 1997; x_wconf 87' lang='lat' dir='ltr'><strong>potui</strong></span> <span class='ocrx_word' id='word_1_244' title='bbox 449 1925 534 1982; x_wconf 92' lang='lat' dir='ltr'><strong>multa</strong></span> <span class='ocrx_word' id='word_1_245' title='bbox 550 1925 577 1982; x_wconf 93' lang='lat' dir='ltr'><strong>in</strong></span> <span class='ocrx_word' id='word_1_246' title='bbox 593 1925 670 1981; x_wconf 86' lang='lat' dir='ltr'><strong>brevi</strong></span> <span class='ocrx_word' id='word_1_247' title='bbox 686 1922 934 1993; x_wconf 89' lang='lat' dir='ltr'><strong>comprehendens,</strong></span> <span class='ocrx_word' id='word_1_248' title='bbox 976 1925 1220 1995; x_wconf 87' lang='lat' dir='ltr'><strong>Responderunt:</strong></span> <span class='ocrx_word' id='word_1_249' title='bbox 1252 1945 1266 1978; x_wconf 84' lang='lat' dir='ltr'><strong>n</strong></span> <span class='ocrx_word' id='word_1_250' title='bbox 1291 1929 1492 2001; x_wconf 84' lang='lat' dir='ltr'><strong>cujuscumque</strong></span> <span class='ocrx_word' id='word_1_251' title='bbox 1529 1931 1665 2002; x_wconf 90' lang='lat' dir='ltr'><strong>prosapiae</strong></span> <span class='ocrx_word' id='word_1_252' title='bbox 1680 1929 1713 1962; x_wconf 74' lang='lat'><strong>”⁸</strong></span> <span class='ocrx_word' id='word_1_253' title='bbox 1749 1932 1797 2002; x_wconf 88' lang='lat' dir='ltr'><strong>sit,</strong></span> 
     </span>
     <span class='ocr_line' id='line_1_20' title="bbox 107 2010 1798 2090; baseline 0.005 -20"><span class='ocrx_word' id='word_1_254' title='bbox 107 2014 177 2070; x_wconf 91' lang='lat' dir='ltr'><strong>meis</strong></span> <span class='ocrx_word' id='word_1_255' title='bbox 192 2014 307 2072; x_wconf 92' lang='lat' dir='ltr'><strong>cartulis</strong></span> <span class='ocrx_word' id='word_1_256' title='bbox 321 2014 491 2085; x_wconf 89' lang='lat' dir='ltr'><strong>subscripsi;</strong></span> <span class='ocrx_word' id='word_1_257' title='bbox 508 2027 581 2070; x_wconf 90' lang='lat' dir='ltr'><strong>nunc</strong></span> <span class='ocrx_word' id='word_1_258' title='bbox 596 2013 629 2069; x_wconf 91' lang='lat' dir='ltr'><strong>ad</strong></span> <span class='ocrx_word' id='word_1_259' title='bbox 645 2012 820 2068; x_wconf 88' lang='lat' dir='ltr'><strong>historiarum</strong></span> <span class='ocrx_word' id='word_1_260' title='bbox 835 2010 935 2066; x_wconf 89' lang='lat' dir='ltr'><strong>seriem</strong></span> <span class='ocrx_word' id='word_1_261' title='bbox 976 2015 1147 2085; x_wconf 84' lang='lat' dir='ltr'><strong>suscepimus</strong></span> <span class='ocrx_word' id='word_1_262' title='bbox 1169 2030 1241 2073; x_wconf 88' lang='lat' dir='ltr'><strong>enm.</strong></span> <span class='ocrx_word' id='word_1_263' title='bbox 1258 2035 1272 2069; x_wconf 86' lang='lat'>»</span> <span class='ocrx_word' id='word_1_264' title='bbox 1293 2035 1307 2069; x_wconf 94' lang='lat'>«</span> <span class='ocrx_word' id='word_1_265' title='bbox 1323 2017 1373 2085; x_wconf 90' lang='lat' dir='ltr'><strong>lta,</strong></span> <span class='ocrx_word' id='word_1_266' title='bbox 1389 2018 1413 2074; x_wconf 89' lang='lat' dir='ltr'><strong>si</strong></span> <span class='ocrx_word' id='word_1_267' title='bbox 1428 2020 1626 2090; x_wconf 85' lang='lat' dir='ltr'><strong>cujuscumque</strong></span> <span class='ocrx_word' id='word_1_268' title='bbox 1645 2020 1682 2076; x_wconf 89' lang='lat' dir='ltr'><strong>sit</strong></span> <span class='ocrx_word' id='word_1_269' title='bbox 1706 2035 1798 2078; x_wconf 89' lang='lat' dir='ltr'><strong>susce·</strong></span> 
     </span>
     <span class='ocr_line' id='line_1_21' title="bbox 108 2097 1799 2180; baseline 0.005 -21"><span class='ocrx_word' id='word_1_270' title='bbox 108 2103 231 2172; x_wconf 87' lang='lat' dir='ltr'><strong>redeam,</strong></span> <span class='ocrx_word' id='word_1_271' title='bbox 247 2117 330 2175; x_wconf 86' lang='lat' dir='ltr'><strong>qnam</strong></span> <span class='ocrx_word' id='word_1_272' title='bbox 353 2103 423 2176; x_wconf 91' lang='lat' dir='ltr'><strong>legis</strong></span> <span class='ocrx_word' id='word_1_273' title='bbox 447 2103 553 2174; x_wconf 89' lang='lat' dir='ltr'><strong>peritus</strong></span> <span class='ocrx_word' id='word_1_274' title='bbox 575 2101 685 2174; x_wconf 87' lang='lat' dir='ltr'><strong>aliquis,</strong></span> <span class='ocrx_word' id='word_1_275' title='bbox 702 2105 785 2171; x_wconf 81' lang='lat' dir='ltr'><strong>prout</strong></span> <span class='ocrx_word' id='word_1_276' title='bbox 799 2098 850 2156; x_wconf 90' lang='lat' dir='ltr'><strong>iuit</strong></span> <span class='ocrx_word' id='word_1_277' title='bbox 865 2105 892 2154; x_wconf 94' lang='lat' dir='ltr'><strong>et</strong></span> <span class='ocrx_word' id='word_1_278' title='bbox 907 2097 935 2153; x_wconf 82' lang='lat' dir='ltr'><strong>in</strong></span> <span class='ocrx_word' id='word_1_279' title='bbox 977 2103 1067 2173; x_wconf 89' lang='lat' dir='ltr'><strong>pistis,</strong></span> <span class='ocrx_word' id='word_1_280' title='bbox 1082 2110 1111 2160; x_wconf 84' lang='lat' dir='ltr'><strong>et</strong></span> <span class='ocrx_word' id='word_1_281' title='bbox 1129 2105 1267 2161; x_wconf 82' lang='lat' dir='ltr'><strong>Maternus</strong></span> <span class='ocrx_word' id='word_1_282' title='bbox 1280 2111 1371 2162; x_wconf 88' lang='lat' dir='ltr'><strong>vester</strong></span> <span class='ocrx_word' id='word_1_283' title='bbox 1394 2104 1445 2163; x_wconf 86' lang='lat' dir='ltr'><strong>init</strong></span> <span class='ocrx_word' id='word_1_284' title='bbox 1468 2107 1704 2180; x_wconf 91' lang='lat' dir='ltr'><strong>archiepiscopus,</strong></span> <span class='ocrx_word' id='word_1_285' title='bbox 1725 2110 1799 2168; x_wconf 90' lang='lat' dir='ltr'><strong>hunc</strong></span> 
     </span>
     <span class='ocr_line' id='line_1_22' title="bbox 106 2192 1800 2268; baseline 0.004 -20"><span class='ocrx_word' id='word_1_286' title='bbox 106 2193 227 2250; x_wconf 89' lang='lat' dir='ltr'><strong>veritate</strong></span> <span class='ocrx_word' id='word_1_287' title='bbox 242 2192 364 2263; x_wconf 85' lang='lat' dir='ltr'><strong>comperi</strong></span> <span class='ocrx_word' id='word_1_288' title='bbox 381 2205 519 2249; x_wconf 88' lang='lat' dir='ltr'><strong>enarrare.</strong></span> <span class='ocrx_word' id='word_1_289' title='bbox 975 2192 1127 2248; x_wconf 87' lang='lat' dir='ltr'><strong>Guidnnem</strong></span> <span class='ocrx_word' id='word_1_290' title='bbox 1153 2195 1270 2263; x_wconf 91' lang='lat' dir='ltr'><strong>probum</strong></span> <span class='ocrx_word' id='word_1_291' title='bbox 1291 2195 1333 2249; x_wconf 93' lang='lat' dir='ltr'><strong>vir</strong></span> <span class='ocrx_word' id='word_1_292' title='bbox 1355 2195 1531 2265; x_wconf 83' lang='lat' dir='ltr'><strong>suscipite.»</strong></span> <span class='ocrx_word' id='word_1_293' title='bbox 1555 2198 1642 2268; x_wconf 91' lang='lat' dir='ltr'><strong>igitur</strong></span> <span class='ocrx_word' id='word_1_294' title='bbox 1661 2198 1747 2255; x_wconf 89' lang='lat' dir='ltr'><strong>linitis</strong></span> <span class='ocrx_word' id='word_1_295' title='bbox 1768 2213 1800 2256; x_wconf 91' lang='lat' dir='ltr'><strong>ac</strong></span> 
     </span>
    </p>

    <p class='ocr_par' dir='ltr' id='par_1_4' title="bbox 97 2273 1837 5200">
     <span class='ocr_line' id='line_1_23' title="bbox 139 2273 1799 2357; baseline 0.004 -20"><span class='ocrx_word' id='word_1_296' title='bbox 139 2281 169 2338; x_wconf 84' lang='lat'><strong>3.</strong></span> <span class='ocrx_word' id='word_1_297' title='bbox 195 2280 209 2353; x_wconf 92' lang='lat'>(</span> <span class='ocrx_word' id='word_1_298' title='bbox 232 2281 254 2354; x_wconf 92' lang='lat'><strong>.)</strong></span> <span class='ocrx_word' id='word_1_299' title='bbox 283 2281 438 2352; x_wconf 75' lang='lat' dir='ltr'><strong>aliquantis</strong></span> <span class='ocrx_word' id='word_1_300' title='bbox 456 2280 488 2312; x_wconf 75' lang='lat'><strong>⁸⁹⁵</strong></span> <span class='ocrx_word' id='word_1_301' title='bbox 516 2278 615 2337; x_wconf 91' lang='lat' dir='ltr'><strong>diebus</strong></span> <span class='ocrx_word' id='word_1_302' title='bbox 642 2283 705 2350; x_wconf 91' lang='lat' dir='ltr'><strong>post</strong></span> <span class='ocrx_word' id='word_1_303' title='bbox 732 2273 936 2349; x_wconf 83' lang='lat' dir='ltr'><strong>praeclarissimi</strong></span> <span class='ocrx_word' id='word_1_304' title='bbox 978 2281 1172 2351; x_wconf 72' lang='lat' dir='ltr'><strong>preordinatis</strong></span> <span class='ocrx_word' id='word_1_305' title='bbox 1187 2282 1400 2352; x_wconf 83' lang='lat' dir='ltr'><strong>consciliisquae</strong></span> <span class='ocrx_word' id='word_1_306' title='bbox 1414 2285 1565 2354; x_wconf 88' lang='lat' dir='ltr'><strong>imperator</strong></span> <span class='ocrx_word' id='word_1_307' title='bbox 1580 2287 1678 2355; x_wconf 90' lang='lat' dir='ltr'><strong>partim</strong></span> <span class='ocrx_word' id='word_1_308' title='bbox 1694 2287 1799 2357; x_wconf 89' lang='lat' dir='ltr'><strong>private</strong></span> 
     </span>
     <span class='ocr_line' id='line_1_24' title="bbox 100 2366 1801 2445; baseline -0.006 -18"><span class='ocrx_word' id='word_1_309' title='bbox 100 2370 252 2428; x_wconf 88' lang='lat' dir='ltr'><strong>lleriberti</strong></span> <span class='ocrx_word' id='word_1_310' title='bbox 276 2371 418 2427; x_wconf 92' lang='lat' dir='ltr'><strong>decessum</strong></span> <span class='ocrx_word' id='word_1_311' title='bbox 443 2369 599 2438; x_wconf 89' lang='lat' dir='ltr'><strong>transactis,</strong></span> <span class='ocrx_word' id='word_1_312' title='bbox 625 2367 723 2423; x_wconf 85' lang='lat' dir='ltr'><strong>ciuium</strong></span> <span class='ocrx_word' id='word_1_313' title='bbox 747 2366 937 2422; x_wconf 91' lang='lat' dir='ltr'><strong>universorum</strong></span> <span class='ocrx_word' id='word_1_314' title='bbox 978 2371 1076 2441; x_wconf 76' lang='lat' dir='ltr'><strong>partim</strong></span> <span class='ocrx_word' id='word_1_315' title='bbox 1092 2369 1278 2440; x_wconf 71' lang='lat' dir='ltr'><strong>publicemus</strong></span> <span class='ocrx_word' id='word_1_316' title='bbox 1293 2371 1416 2428; x_wconf 71' lang='lat' dir='ltr'><strong>guidone</strong></span> <span class='ocrx_word' id='word_1_317' title='bbox 1431 2373 1540 2430; x_wconf 62' lang='lat' dir='ltr'><strong>curiose</strong></span> <span class='ocrx_word' id='word_1_318' title='bbox 1556 2379 1659 2445; x_wconf 65' lang='lat' dir='ltr'><strong>egeras,</strong></span> <span class='ocrx_word' id='word_1_319' title='bbox 1671 2375 1700 2430; x_wconf 91' lang='lat' dir='ltr'><strong>ln</strong></span> <span class='ocrx_word' id='word_1_320' title='bbox 1712 2377 1801 2433; x_wconf 63' lang='lat' dir='ltr'><strong>omns.</strong></span> 
     </span>
     <span class='ocr_line' id='line_1_25' title="bbox 100 2451 1800 2532; baseline 0.002 -16"><span class='ocrx_word' id='word_1_321' title='bbox 100 2459 245 2518; x_wconf 90' lang='lat' dir='ltr'><strong>collectio</strong></span> <span class='ocrx_word' id='word_1_322' title='bbox 260 2459 379 2514; x_wconf 91' lang='lat' dir='ltr'><strong>adunata</strong></span> <span class='ocrx_word' id='word_1_323' title='bbox 392 2464 443 2514; x_wconf 76' lang='lat' dir='ltr'><strong>est,</strong></span> <span class='ocrx_word' id='word_1_324' title='bbox 459 2458 496 2514; x_wconf 93' lang='lat' dir='ltr'><strong>0b</strong></span> <span class='ocrx_word' id='word_1_325' title='bbox 511 2471 593 2529; x_wconf 89' lang='lat' dir='ltr'><strong>quam</strong></span> <span class='ocrx_word' id='word_1_326' title='bbox 606 2469 714 2512; x_wconf 92' lang='lat' dir='ltr'><strong>causam</strong></span> <span class='ocrx_word' id='word_1_327' title='bbox 730 2455 825 2510; x_wconf 90' lang='lat' dir='ltr'><strong>civitas</strong></span> <span class='ocrx_word' id='word_1_328' title='bbox 839 2451 937 2509; x_wconf 91' lang='lat' dir='ltr'><strong>coadu·</strong></span> <span class='ocrx_word' id='word_1_329' title='bbox 978 2459 1030 2514; x_wconf 82' lang='lat' dir='ltr'><strong>hus</strong></span> <span class='ocrx_word' id='word_1_330' title='bbox 1052 2458 1140 2530; x_wconf 84' lang='lat' dir='ltr'><strong>ipsum</strong></span> <span class='ocrx_word' id='word_1_331' title='bbox 1161 2459 1363 2532; x_wconf 79' lang='lat' dir='ltr'><strong>magnificatum</strong></span> <span class='ocrx_word' id='word_1_332' title='bbox 1381 2475 1413 2516; x_wconf 91' lang='lat' dir='ltr'><strong>ac</strong></span> <span class='ocrx_word' id='word_1_333' title='bbox 1433 2475 1483 2532; x_wconf 90' lang='lat' dir='ltr'><strong>per</strong></span> <span class='ocrx_word' id='word_1_334' title='bbox 1506 2463 1597 2518; x_wconf 91' lang='lat' dir='ltr'><strong>omnia</strong></span> <span class='ocrx_word' id='word_1_335' title='bbox 1624 2463 1800 2521; x_wconf 89' lang='lat' dir='ltr'><strong>sublimatum</strong></span> 
     </span>
     <span class='ocr_line' id='line_1_26' title="bbox 97 2541 1801 2617; baseline -0.004 -1"><span class='ocrx_word' id='word_1_336' title='bbox 97 2555 167 2606; x_wconf 67' lang='lat'><strong>⁰³1³</strong></span> <span class='ocrx_word' id='word_1_337' title='bbox 192 2547 248 2616; x_wconf 69' lang='lat' dir='ltr'><strong>Sil,</strong></span> <span class='ocrx_word' id='word_1_338' title='bbox 273 2547 341 2603; x_wconf 69' lang='lat' dir='ltr'><strong>mihi</strong></span> <span class='ocrx_word' id='word_1_339' title='bbox 364 2561 475 2603; x_wconf 66' lang='lat' dir='ltr'><strong>misire</strong></span> <span class='ocrx_word' id='word_1_340' title='bbox 501 2559 594 2617; x_wconf 73' lang='lat' dir='ltr'><strong>⁰l10iae</strong></span> <span class='ocrx_word' id='word_1_341' title='bbox 614 2544 732 2615; x_wconf 64' lang='lat' dir='ltr'><strong>britium</strong></span> <span class='ocrx_word' id='word_1_342' title='bbox 751 2547 803 2600; x_wconf 69' lang='lat' dir='ltr'><strong>esi·</strong></span> <span class='ocrx_word' id='word_1_343' title='bbox 828 2541 939 2598; x_wconf 70' lang='lat' dir='ltr'><strong>Civibus</strong></span> <span class='ocrx_word' id='word_1_344' title='bbox 979 2547 1080 2604; x_wconf 87' lang='lat' dir='ltr'><strong>direxit</strong></span> <span class='ocrx_word' id='word_1_345' title='bbox 1103 2548 1297 2606; x_wconf 88' lang='lat' dir='ltr'><strong>llcdiolanum.</strong></span> <span class='ocrx_word' id='word_1_346' title='bbox 1317 2550 1384 2606; x_wconf 84' lang='lat' dir='ltr'><strong>Cum</strong></span> <span class='ocrx_word' id='word_1_347' title='bbox 1398 2555 1489 2606; x_wconf 89' lang='lat' dir='ltr'><strong>autem</strong></span> <span class='ocrx_word' id='word_1_348' title='bbox 1503 2551 1592 2609; x_wconf 88' lang='lat' dir='ltr'><strong>Guido</strong></span> <span class='ocrx_word' id='word_1_349' title='bbox 1607 2553 1728 2610; x_wconf 87' lang='lat' dir='ltr'><strong>venisset</strong></span> <span class='ocrx_word' id='word_1_350' title='bbox 1742 2555 1801 2610; x_wconf 88' lang='lat' dir='ltr'><strong>lie·</strong></span> 
     </span>
     <span class='ocr_line' id='line_1_27' title="bbox 97 2632 1802 2710; baseline 0.002 -16"><span class='ocrx_word' id='word_1_351' title='bbox 97 2636 133 2669; x_wconf 75' lang='lat'><strong>&#39;⁵⁹&#39;</strong></span> <span class='ocrx_word' id='word_1_352' title='bbox 156 2637 239 2694; x_wconf 86' lang='lat' dir='ltr'><strong>enirm</strong></span> <span class='ocrx_word' id='word_1_353' title='bbox 264 2636 493 2694; x_wconf 88' lang='lat' dir='ltr'><strong>convenientibus</strong></span> <span class='ocrx_word' id='word_1_354' title='bbox 507 2636 535 2691; x_wconf 93' lang='lat' dir='ltr'><strong>in</strong></span> <span class='ocrx_word' id='word_1_355' title='bbox 556 2649 637 2691; x_wconf 91' lang='lat' dir='ltr'><strong>unum</strong></span> <span class='ocrx_word' id='word_1_356' title='bbox 654 2639 708 2691; x_wconf 93' lang='lat' dir='ltr'><strong>tam</strong></span> <span class='ocrx_word' id='word_1_357' title='bbox 727 2632 837 2690; x_wconf 88' lang='lat' dir='ltr'><strong>clericis</strong></span> <span class='ocrx_word' id='word_1_358' title='bbox 856 2644 938 2701; x_wconf 92' lang='lat' dir='ltr'><strong>quam</strong></span> <span class='ocrx_word' id='word_1_359' title='bbox 979 2635 1130 2704; x_wconf 88' lang='lat' dir='ltr'><strong>diolanum,</strong></span> <span class='ocrx_word' id='word_1_360' title='bbox 1159 2639 1238 2706; x_wconf 86' lang='lat' dir='ltr'><strong>cujus</strong></span> <span class='ocrx_word' id='word_1_361' title='bbox 1264 2637 1334 2694; x_wconf 85' lang='lat' dir='ltr'><strong>tama</strong></span> <span class='ocrx_word' id='word_1_362' title='bbox 1367 2637 1470 2710; x_wconf 88' lang='lat' dir='ltr'><strong>negotii</strong></span> <span class='ocrx_word' id='word_1_363' title='bbox 1504 2639 1586 2710; x_wconf 86' lang='lat' dir='ltr'><strong>paulo</strong></span> <span class='ocrx_word' id='word_1_364' title='bbox 1612 2648 1676 2698; x_wconf 91' lang='lat' dir='ltr'><strong>ante</strong></span> <span class='ocrx_word' id='word_1_365' title='bbox 1705 2641 1802 2698; x_wconf 91' lang='lat' dir='ltr'><strong>urbem</strong></span> 
     </span>
     <span class='ocr_line' id='line_1_28' title="bbox 104 2721 1803 2799; baseline 0.002 -16"><span class='ocrx_word' id='word_1_366' title='bbox 104 2725 200 2794; x_wconf 92' lang='lat' dir='ltr'><strong>laicis,</strong></span> <span class='ocrx_word' id='word_1_367' title='bbox 218 2724 317 2797; x_wconf 90' lang='lat' dir='ltr'><strong>longas</strong></span> <span class='ocrx_word' id='word_1_368' title='bbox 336 2724 475 2781; x_wconf 88' lang='lat' dir='ltr'><strong>solventes</strong></span> <span class='ocrx_word' id='word_1_369' title='bbox 497 2725 638 2781; x_wconf 91' lang='lat' dir='ltr'><strong>orationes</strong></span> <span class='ocrx_word' id='word_1_370' title='bbox 660 2724 689 2779; x_wconf 94' lang='lat' dir='ltr'><strong>in</strong></span> <span class='ocrx_word' id='word_1_371' title='bbox 713 2721 826 2793; x_wconf 92' lang='lat' dir='ltr'><strong>populo,</strong></span> <span class='ocrx_word' id='word_1_372' title='bbox 843 2725 939 2790; x_wconf 90' lang='lat' dir='ltr'><strong>quate·</strong></span> <span class='ocrx_word' id='word_1_373' title='bbox 978 2724 1212 2795; x_wconf 87' lang='lat' dir='ltr'><strong>supervolaverat,</strong></span> <span class='ocrx_word' id='word_1_374' title='bbox 1230 2739 1280 2781; x_wconf 93' lang='lat' dir='ltr'><strong>usu</strong></span> <span class='ocrx_word' id='word_1_375' title='bbox 1299 2726 1413 2797; x_wconf 92' lang='lat' dir='ltr'><strong>antiqno</strong></span> <span class='ocrx_word' id='word_1_376' title='bbox 1432 2742 1464 2783; x_wconf 91' lang='lat' dir='ltr'><strong>ac</strong></span> <span class='ocrx_word' id='word_1_377' title='bbox 1482 2727 1607 2798; x_wconf 91' lang='lat' dir='ltr'><strong>imperiis</strong></span> <span class='ocrx_word' id='word_1_378' title='bbox 1625 2731 1803 2799; x_wconf 88' lang='lat' dir='ltr'><strong>imperatoris</strong></span> 
     </span>
     <span class='ocr_line' id='line_1_29' title="bbox 105 2799 1800 2889; baseline 0.002 -19"><span class='ocrx_word' id='word_1_379' title='bbox 105 2829 161 2870; x_wconf 94' lang='lat' dir='ltr'><strong>nus</strong></span> <span class='ocrx_word' id='word_1_380' title='bbox 181 2813 220 2870; x_wconf 90' lang='lat' dir='ltr'><strong>de</strong></span> <span class='ocrx_word' id='word_1_381' title='bbox 236 2813 406 2884; x_wconf 89' lang='lat' dir='ltr'><strong>acquirendo</strong></span> <span class='ocrx_word' id='word_1_382' title='bbox 422 2820 449 2870; x_wconf 93' lang='lat' dir='ltr'><strong>et</strong></span> <span class='ocrx_word' id='word_1_383' title='bbox 464 2812 593 2885; x_wconf 87' lang='lat' dir='ltr'><strong>eligendo</strong></span> <span class='ocrx_word' id='word_1_384' title='bbox 608 2811 819 2882; x_wconf 89' lang='lat' dir='ltr'><strong>archiepiscopo</strong></span> <span class='ocrx_word' id='word_1_385' title='bbox 834 2822 938 2866; x_wconf 90' lang='lat' dir='ltr'><strong>consu·</strong></span> <span class='ocrx_word' id='word_1_386' title='bbox 978 2813 1150 2884; x_wconf 89' lang='lat' dir='ltr'><strong>urgentibus,</strong></span> <span class='ocrx_word' id='word_1_387' title='bbox 1171 2814 1323 2871; x_wconf 91' lang='lat' dir='ltr'><strong>honoridce</strong></span> <span class='ocrx_word' id='word_1_388' title='bbox 1345 2829 1378 2871; x_wconf 87' lang='lat' dir='ltr'><strong>ac</strong></span> <span class='ocrx_word' id='word_1_389' title='bbox 1405 2800 1504 2872; x_wconf 83' lang='lat' dir='ltr'><strong>devote</strong></span> <span class='ocrx_word' id='word_1_390' title='bbox 1519 2815 1551 2848; x_wconf 69' lang='lat'><strong>‘⁹’</strong></span> <span class='ocrx_word' id='word_1_391' title='bbox 1578 2799 1725 2889; x_wconf 81' lang='lat' dir='ltr'><strong>susceptus</strong></span> <span class='ocrx_word' id='word_1_392' title='bbox 1748 2826 1800 2875; x_wconf 91' lang='lat' dir='ltr'><strong>est.</strong></span> 
     </span>
     <span class='ocr_line' id='line_1_30' title="bbox 105 2898 1802 2977; baseline 0.002 -17"><span class='ocrx_word' id='word_1_393' title='bbox 105 2903 248 2970; x_wconf 90' lang='lat' dir='ltr'><strong>lerentur,</strong></span> <span class='ocrx_word' id='word_1_394' title='bbox 269 2907 440 2973; x_wconf 89' lang='lat' dir='ltr'><strong>quapropter</strong></span> <span class='ocrx_word' id='word_1_395' title='bbox 460 2910 581 2973; x_wconf 89' lang='lat' dir='ltr'><strong>quatuor</strong></span> <span class='ocrx_word' id='word_1_396' title='bbox 604 2901 716 2973; x_wconf 85' lang='lat' dir='ltr'><strong>majoris</strong></span> <span class='ocrx_word' id='word_1_397' title='bbox 739 2899 846 2956; x_wconf 92' lang='lat' dir='ltr'><strong>ordinis</strong></span> <span class='ocrx_word' id='word_1_398' title='bbox 864 2898 939 2954; x_wconf 92' lang='lat' dir='ltr'><strong>viros</strong></span> <span class='ocrx_word' id='word_1_399' title='bbox 978 2902 1030 2971; x_wconf 87' lang='lat' dir='ltr'><strong>Qui</strong></span> <span class='ocrx_word' id='word_1_400' title='bbox 1067 2917 1117 2972; x_wconf 90' lang='lat' dir='ltr'><strong>per</strong></span> <span class='ocrx_word' id='word_1_401' title='bbox 1151 2903 1247 2974; x_wconf 88' lang='lat' dir='ltr'><strong>viginti</strong></span> <span class='ocrx_word' id='word_1_402' title='bbox 1284 2903 1492 2960; x_wconf 84' lang='lat' dir='ltr'><strong>ambrosianum</strong></span> <span class='ocrx_word' id='word_1_403' title='bbox 1533 2906 1802 2977; x_wconf 90' lang='lat' dir='ltr'><strong>archiepiscopatum</strong></span> 
     </span>
     <span class='ocr_line' id='line_1_31' title="bbox 106 2988 1802 3067; baseline 0.003 -19"><span class='ocrx_word' id='word_1_404' title='bbox 106 2993 254 3063; x_wconf 89' lang='lat' dir='ltr'><strong>sapientes</strong></span> <span class='ocrx_word' id='word_1_405' title='bbox 278 2991 389 3061; x_wconf 85' lang='lat' dir='ltr'><strong>optimae</strong></span> <span class='ocrx_word' id='word_1_406' title='bbox 417 2991 480 3047; x_wconf 76' lang='lat' dir='ltr'><strong>vita</strong></span> <span class='ocrx_word' id='word_1_407' title='bbox 509 2992 646 3062; x_wconf 88' lang='lat' dir='ltr'><strong>bonaeqne</strong></span> <span class='ocrx_word' id='word_1_408' title='bbox 675 2988 753 3045; x_wconf 84' lang='lat' dir='ltr'><strong>iamae</strong></span> <span class='ocrx_word' id='word_1_409' title='bbox 782 2988 936 3058; x_wconf 88' lang='lat' dir='ltr'><strong>elegerunt,</strong></span> <span class='ocrx_word' id='word_1_410' title='bbox 980 2991 1092 3063; x_wconf 88' lang='lat' dir='ltr'><strong>pacibce</strong></span> <span class='ocrx_word' id='word_1_411' title='bbox 1108 3005 1206 3064; x_wconf 90' lang='lat' dir='ltr'><strong>regens</strong></span> <span class='ocrx_word' id='word_1_412' title='bbox 1224 3007 1322 3060; x_wconf 90' lang='lat' dir='ltr'><strong>annos,</strong></span> <span class='ocrx_word' id='word_1_413' title='bbox 1338 2999 1420 3064; x_wconf 92' lang='lat' dir='ltr'><strong>prout</strong></span> <span class='ocrx_word' id='word_1_414' title='bbox 1435 3001 1542 3064; x_wconf 93' lang='lat' dir='ltr'><strong>tempus</strong></span> <span class='ocrx_word' id='word_1_415' title='bbox 1557 2995 1693 3067; x_wconf 84' lang='lat' dir='ltr'><strong>exigebat,</strong></span> <span class='ocrx_word' id='word_1_416' title='bbox 1709 2998 1802 3054; x_wconf 88' lang='lat' dir='ltr'><strong>omnia</strong></span> 
     </span>
     <span class='ocr_line' id='line_1_32' title="bbox 106 3057 1800 3154; baseline 0.003 -17"><span class='ocrx_word' id='word_1_417' title='bbox 106 3081 214 3152; x_wconf 90' lang='lat' dir='ltr'><strong>quibus</strong></span> <span class='ocrx_word' id='word_1_418' title='bbox 239 3079 346 3148; x_wconf 89' lang='lat' dir='ltr'><strong>electis,</strong></span> <span class='ocrx_word' id='word_1_419' title='bbox 372 3079 506 3136; x_wconf 75' lang='lat' dir='ltr'><strong>universa</strong></span> <span class='ocrx_word' id='word_1_420' title='bbox 531 3080 649 3136; x_wconf 84' lang='lat' dir='ltr'><strong>civitatis</strong></span> <span class='ocrx_word' id='word_1_421' title='bbox 673 3078 786 3135; x_wconf 91' lang='lat' dir='ltr'><strong>ordines</strong></span> <span class='ocrx_word' id='word_1_422' title='bbox 808 3079 884 3148; x_wconf 90' lang='lat' dir='ltr'><strong>ipsos</strong></span> <span class='ocrx_word' id='word_1_423' title='bbox 902 3057 1118 3138; x_wconf 76' lang='lat' dir='ltr'><strong>adGctertcatia</strong></span> <span class='ocrx_word' id='word_1_424' title='bbox 1140 3095 1173 3136; x_wconf 87' lang='lat' dir='ltr'><strong>ac</strong></span> <span class='ocrx_word' id='word_1_425' title='bbox 1192 3080 1335 3138; x_wconf 74' lang='lat' dir='ltr'><strong>saecularia</strong></span> <span class='ocrx_word' id='word_1_426' title='bbox 1358 3081 1449 3139; x_wconf 87' lang='lat' dir='ltr'><strong>oidcia</strong></span> <span class='ocrx_word' id='word_1_427' title='bbox 1471 3083 1613 3142; x_wconf 89' lang='lat' dir='ltr'><strong>curialiter</strong></span> <span class='ocrx_word' id='word_1_428' title='bbox 1633 3099 1666 3140; x_wconf 91' lang='lat' dir='ltr'><strong>ac</strong></span> <span class='ocrx_word' id='word_1_429' title='bbox 1690 3086 1800 3154; x_wconf 88' lang='lat' dir='ltr'><strong>devote,</strong></span> 
     </span>
     <span class='ocr_line' id='line_1_33' title="bbox 106 3167 1803 3246; baseline 0.005 -21"><span class='ocrx_word' id='word_1_430' title='bbox 106 3171 309 3240; x_wconf 89' lang='lat' dir='ltr'><strong>imperatorem</strong></span> <span class='ocrx_word' id='word_1_431' title='bbox 333 3168 492 3237; x_wconf 90' lang='lat' dir='ltr'><strong>ilenricum,</strong></span> <span class='ocrx_word' id='word_1_432' title='bbox 507 3169 556 3238; x_wconf 93' lang='lat' dir='ltr'><strong>qni</strong></span> <span class='ocrx_word' id='word_1_433' title='bbox 579 3167 687 3224; x_wconf 90' lang='lat' dir='ltr'><strong>noviter</strong></span> <span class='ocrx_word' id='word_1_434' title='bbox 709 3171 866 3222; x_wconf 85' lang='lat' dir='ltr'><strong>surrexerat</strong></span> <span class='ocrx_word' id='word_1_435' title='bbox 884 3179 937 3222; x_wconf 93' lang='lat' dir='ltr'><strong>no·</strong></span> <span class='ocrx_word' id='word_1_436' title='bbox 979 3177 1009 3227; x_wconf 95' lang='lat' dir='ltr'><strong>ut</strong></span> <span class='ocrx_word' id='word_1_437' title='bbox 1028 3185 1094 3227; x_wconf 91' lang='lat' dir='ltr'><strong>suus</strong></span> <span class='ocrx_word' id='word_1_438' title='bbox 1117 3178 1287 3240; x_wconf 89' lang='lat' dir='ltr'><strong>antecessor,</strong></span> <span class='ocrx_word' id='word_1_439' title='bbox 1308 3172 1448 3229; x_wconf 88' lang='lat' dir='ltr'><strong>custodire</strong></span> <span class='ocrx_word' id='word_1_440' title='bbox 1471 3179 1500 3229; x_wconf 91' lang='lat' dir='ltr'><strong>et</strong></span> <span class='ocrx_word' id='word_1_441' title='bbox 1527 3174 1702 3246; x_wconf 80' lang='lat' dir='ltr'><strong>magnificare</strong></span> <span class='ocrx_word' id='word_1_442' title='bbox 1726 3181 1803 3233; x_wconf 88' lang='lat' dir='ltr'><strong>sata-</strong></span> 
     </span>
     <span class='ocr_line' id='line_1_34' title="bbox 107 3254 1801 3335; baseline 0.005 -21"><span class='ocrx_word' id='word_1_443' title='bbox 107 3259 239 3329; x_wconf 88' lang='lat' dir='ltr'><strong>viterque</strong></span> <span class='ocrx_word' id='word_1_444' title='bbox 260 3256 391 3328; x_wconf 90' lang='lat' dir='ltr'><strong>populum</strong></span> <span class='ocrx_word' id='word_1_445' title='bbox 407 3257 527 3328; x_wconf 89' lang='lat' dir='ltr'><strong>ipsuma</strong></span> <span class='ocrx_word' id='word_1_446' title='bbox 546 3257 678 3326; x_wconf 85' lang='lat' dir='ltr'><strong>majorum</strong></span> <span class='ocrx_word' id='word_1_447' title='bbox 694 3255 819 3311; x_wconf 89' lang='lat' dir='ltr'><strong>manibus</strong></span> <span class='ocrx_word' id='word_1_448' title='bbox 837 3254 939 3310; x_wconf 90' lang='lat' dir='ltr'><strong>libera-</strong></span> <span class='ocrx_word' id='word_1_449' title='bbox 978 3260 1047 3332; x_wconf 88' lang='lat' dir='ltr'><strong>guit.</strong></span> <span class='ocrx_word' id='word_1_450' title='bbox 1071 3260 1122 3328; x_wconf 88' lang='lat' dir='ltr'><strong>Qni</strong></span> <span class='ocrx_word' id='word_1_451' title='bbox 1145 3261 1220 3317; x_wconf 90' lang='lat' dir='ltr'><strong>circa</strong></span> <span class='ocrx_word' id='word_1_452' title='bbox 1243 3260 1377 3318; x_wconf 92' lang='lat' dir='ltr'><strong>secularia</strong></span> <span class='ocrx_word' id='word_1_453' title='bbox 1405 3261 1544 3332; x_wconf 90' lang='lat' dir='ltr'><strong>colloquia</strong></span> <span class='ocrx_word' id='word_1_454' title='bbox 1572 3265 1744 3335; x_wconf 84' lang='lat' dir='ltr'><strong>secretisque</strong></span> <span class='ocrx_word' id='word_1_455' title='bbox 1772 3267 1801 3322; x_wconf 95' lang='lat' dir='ltr'><strong>in</strong></span> 
     </span>
     <span class='ocr_line' id='line_1_35' title="bbox 106 3342 1801 3419; baseline -0.004 -4"><span class='ocrx_word' id='word_1_456' title='bbox 106 3351 196 3414; x_wconf 66' lang='lat' dir='ltr'><strong>ierit,</strong></span> <span class='ocrx_word' id='word_1_457' title='bbox 224 3360 332 3402; x_wconf 65' lang='lat' dir='ltr'><strong>summa</strong></span> <span class='ocrx_word' id='word_1_458' title='bbox 359 3360 422 3403; x_wconf 75' lang='lat' dir='ltr'>⁰1¹¹ss</span> <span class='ocrx_word' id='word_1_459' title='bbox 451 3344 593 3418; x_wconf 60' lang='lat' dir='ltr'><strong>diligentia</strong></span> <span class='ocrx_word' id='word_1_460' title='bbox 621 3344 799 3410; x_wconf 73' lang='lat' dir='ltr'><strong>direxerunit</strong></span> <span class='ocrx_word' id='word_1_461' title='bbox 830 3350 858 3399; x_wconf 78' lang='grc' dir='ltr'><strong>θῑ</strong></span> <span class='ocrx_word' id='word_1_462' title='bbox 884 3342 940 3398; x_wconf 75' lang='lat' dir='ltr'><strong>hiis</strong></span> <span class='ocrx_word' id='word_1_463' title='bbox 980 3348 1104 3406; x_wconf 90' lang='lat' dir='ltr'><strong>consiliis</strong></span> <span class='ocrx_word' id='word_1_464' title='bbox 1128 3353 1245 3415; x_wconf 89' lang='lat' dir='ltr'><strong>astutus,</strong></span> <span class='ocrx_word' id='word_1_465' title='bbox 1275 3350 1349 3406; x_wconf 90' lang='lat' dir='ltr'><strong>circa</strong></span> <span class='ocrx_word' id='word_1_466' title='bbox 1375 3348 1540 3419; x_wconf 87' lang='lat' dir='ltr'><strong>proterenda</strong></span> <span class='ocrx_word' id='word_1_467' title='bbox 1566 3351 1650 3407; x_wconf 89' lang='lat' dir='ltr'><strong>verba</strong></span> <span class='ocrx_word' id='word_1_468' title='bbox 1668 3365 1734 3408; x_wconf 89' lang='lat' dir='ltr'><strong>vero</strong></span> <span class='ocrx_word' id='word_1_469' title='bbox 1758 3351 1801 3409; x_wconf 85' lang='lat' dir='ltr'><strong>ia·</strong></span> 
     </span>
     <span class='ocr_line' id='line_1_36' title="bbox 105 3431 1802 3507; baseline 0 -17"><span class='ocrx_word' id='word_1_470' title='bbox 105 3434 276 3506; x_wconf 89' lang='lat' dir='ltr'><strong>imperatori</strong></span> <span class='ocrx_word' id='word_1_471' title='bbox 304 3435 519 3505; x_wconf 76' lang='lat' dir='ltr'><strong>representatis,</strong></span> <span class='ocrx_word' id='word_1_472' title='bbox 545 3433 604 3505; x_wconf 92' lang='lat' dir='ltr'><strong>ipse</strong></span> <span class='ocrx_word' id='word_1_473' title='bbox 632 3433 752 3490; x_wconf 89' lang='lat' dir='ltr'><strong>discrete</strong></span> <span class='ocrx_word' id='word_1_474' title='bbox 780 3431 940 3503; x_wconf 88' lang='lat' dir='ltr'><strong>provideret</strong></span> <span class='ocrx_word' id='word_1_475' title='bbox 980 3439 1096 3504; x_wconf 80' lang='lat' dir='ltr'><strong>cuneus,</strong></span> <span class='ocrx_word' id='word_1_476' title='bbox 1116 3438 1145 3492; x_wconf 93' lang='lat' dir='ltr'><strong>in</strong></span> <span class='ocrx_word' id='word_1_477' title='bbox 1160 3437 1260 3494; x_wconf 89' lang='lat' dir='ltr'><strong>divinis</strong></span> <span class='ocrx_word' id='word_1_478' title='bbox 1274 3444 1365 3493; x_wconf 91' lang='lat' dir='ltr'><strong>antem</strong></span> <span class='ocrx_word' id='word_1_479' title='bbox 1380 3451 1527 3507; x_wconf 90' lang='lat' dir='ltr'><strong>perparum</strong></span> <span class='ocrx_word' id='word_1_480' title='bbox 1543 3437 1678 3496; x_wconf 90' lang='lat' dir='ltr'><strong>eruditus.</strong></span> <span class='ocrx_word' id='word_1_481' title='bbox 1695 3441 1802 3498; x_wconf 80' lang='lat' dir='ltr'><strong>interca</strong></span> 
     </span>
     <span class='ocr_line' id='line_1_37' title="bbox 105 3521 1837 3596; baseline 0.001 -14"><span class='ocrx_word' id='word_1_482' title='bbox 105 3525 257 3583; x_wconf 91' lang='lat' dir='ltr'><strong>consciliis</strong></span> <span class='ocrx_word' id='word_1_483' title='bbox 281 3525 396 3593; x_wconf 92' lang='lat' dir='ltr'><strong>rimatis,</strong></span> <span class='ocrx_word' id='word_1_484' title='bbox 418 3530 553 3596; x_wconf 91' lang='lat' dir='ltr'><strong>quatenus</strong></span> <span class='ocrx_word' id='word_1_485' title='bbox 577 3537 660 3580; x_wconf 93' lang='lat' dir='ltr'><strong>unum</strong></span> <span class='ocrx_word' id='word_1_486' title='bbox 683 3523 718 3579; x_wconf 93' lang='lat' dir='ltr'><strong>de</strong></span> <span class='ocrx_word' id='word_1_487' title='bbox 740 3521 802 3577; x_wconf 92' lang='lat' dir='ltr'><strong>istis</strong></span> <span class='ocrx_word' id='word_1_488' title='bbox 820 3525 939 3592; x_wconf 92' lang='lat' dir='ltr'><strong>quatuor</strong></span> <span class='ocrx_word' id='word_1_489' title='bbox 979 3525 1113 3583; x_wconf 93' lang='lat' dir='ltr'><strong>ordinarii</strong></span> <span class='ocrx_word' id='word_1_490' title='bbox 1133 3537 1238 3591; x_wconf 88' lang='lat' dir='ltr'><strong>omnes,</strong></span> <span class='ocrx_word' id='word_1_491' title='bbox 1266 3537 1336 3594; x_wconf 91' lang='lat' dir='ltr'><strong>quos</strong></span> <span class='ocrx_word' id='word_1_492' title='bbox 1364 3523 1423 3593; x_wconf 90' lang='lat' dir='ltr'><strong>ipse</strong></span> <span class='ocrx_word' id='word_1_493' title='bbox 1447 3525 1541 3580; x_wconf 92' lang='lat' dir='ltr'><strong>multis</strong></span> <span class='ocrx_word' id='word_1_494' title='bbox 1568 3525 1711 3583; x_wconf 87' lang='lat' dir='ltr'><strong>beneflciis</strong></span> <span class='ocrx_word' id='word_1_495' title='bbox 1733 3528 1803 3583; x_wconf 85' lang='lat' dir='ltr'><strong>mul·</strong></span> <span class='ocrx_word' id='word_1_496' title='bbox 1832 3531 1837 3542; x_wconf 92' lang='lat'>&#39;</span> 
     </span>
     <span class='ocr_line' id='line_1_38' title="bbox 106 3610 1803 3688; baseline -0.003 -14"><span class='ocrx_word' id='word_1_497' title='bbox 106 3617 354 3688; x_wconf 90' lang='lat' dir='ltr'><strong>archiepiscopum</strong></span> <span class='ocrx_word' id='word_1_498' title='bbox 378 3614 528 3682; x_wconf 89' lang='lat' dir='ltr'><strong>laudando,</strong></span> <span class='ocrx_word' id='word_1_499' title='bbox 553 3612 636 3669; x_wconf 90' lang='lat' dir='ltr'><strong>anulo</strong></span> <span class='ocrx_word' id='word_1_500' title='bbox 656 3619 683 3668; x_wconf 89' lang='lat' dir='ltr'><strong>et</strong></span> <span class='ocrx_word' id='word_1_501' title='bbox 707 3613 782 3682; x_wconf 88' lang='lat' dir='ltr'><strong>virga</strong></span> <span class='ocrx_word' id='word_1_502' title='bbox 807 3610 938 3680; x_wconf 90' lang='lat' dir='ltr'><strong>pastorali</strong></span> <span class='ocrx_word' id='word_1_503' title='bbox 980 3613 1071 3683; x_wconf 91' lang='lat' dir='ltr'><strong>tisque</strong></span> <span class='ocrx_word' id='word_1_504' title='bbox 1085 3611 1238 3669; x_wconf 91' lang='lat' dir='ltr'><strong>honoribus</strong></span> <span class='ocrx_word' id='word_1_505' title='bbox 1257 3611 1384 3667; x_wconf 90' lang='lat' dir='ltr'><strong>adolore</strong></span> <span class='ocrx_word' id='word_1_506' title='bbox 1403 3611 1486 3666; x_wconf 92' lang='lat' dir='ltr'><strong>animi</strong></span> <span class='ocrx_word' id='word_1_507' title='bbox 1502 3618 1530 3667; x_wconf 92' lang='lat' dir='ltr'><strong>et</strong></span> <span class='ocrx_word' id='word_1_508' title='bbox 1546 3626 1561 3667; x_wconf 93' lang='lat' dir='ltr'><strong>a</strong></span> <span class='ocrx_word' id='word_1_509' title='bbox 1581 3614 1709 3682; x_wconf 90' lang='lat' dir='ltr'><strong>corporis</strong></span> <span class='ocrx_word' id='word_1_510' title='bbox 1726 3613 1803 3670; x_wconf 91' lang='lat' dir='ltr'><strong>indi-</strong></span> 
     </span>
     <span class='ocr_line' id='line_1_39' title="bbox 105 3699 1802 3775; baseline -0.002 -13"><span class='ocrx_word' id='word_1_511' title='bbox 105 3706 302 3774; x_wconf 87' lang='lat' dir='ltr'><strong>condrmaret,</strong></span> <span class='ocrx_word' id='word_1_512' title='bbox 332 3719 414 3775; x_wconf 92' lang='lat' dir='ltr'><strong>quem</strong></span> <span class='ocrx_word' id='word_1_513' title='bbox 446 3703 636 3761; x_wconf 85' lang='lat' dir='ltr'><strong>confirmatum</strong></span> <span class='ocrx_word' id='word_1_514' title='bbox 664 3700 737 3756; x_wconf 90' lang='lat' dir='ltr'><strong>cives</strong></span> <span class='ocrx_word' id='word_1_515' title='bbox 765 3699 884 3769; x_wconf 86' lang='lat' dir='ltr'><strong>majores</strong></span> <span class='ocrx_word' id='word_1_516' title='bbox 912 3703 939 3754; x_wconf 91' lang='lat' dir='ltr'><strong>et</strong></span> <span class='ocrx_word' id='word_1_517' title='bbox 979 3703 1120 3774; x_wconf 81' lang='lat' dir='ltr'><strong>gnatione,</strong></span> <span class='ocrx_word' id='word_1_518' title='bbox 1140 3701 1242 3772; x_wconf 89' lang='lat' dir='ltr'><strong>quibus</strong></span> <span class='ocrx_word' id='word_1_519' title='bbox 1265 3705 1345 3756; x_wconf 90' lang='lat' dir='ltr'><strong>antea</strong></span> <span class='ocrx_word' id='word_1_520' title='bbox 1369 3699 1493 3756; x_wconf 91' lang='lat' dir='ltr'><strong>incuria</strong></span> <span class='ocrx_word' id='word_1_521' title='bbox 1517 3700 1602 3772; x_wconf 85' lang='lat' dir='ltr'><strong>regali</strong></span> <span class='ocrx_word' id='word_1_522' title='bbox 1626 3699 1730 3759; x_wconf 80' lang='lat' dir='ltr'><strong>famose</strong></span> <span class='ocrx_word' id='word_1_523' title='bbox 1749 3703 1802 3760; x_wconf 92' lang='lat' dir='ltr'><strong>lm·</strong></span> 
     </span>
     <span class='ocr_line' id='line_1_40' title="bbox 103 3789 1803 3862; baseline -0.001 -13"><span class='ocrx_word' id='word_1_524' title='bbox 103 3795 232 3852; x_wconf 91' lang='lat' dir='ltr'><strong>minores</strong></span> <span class='ocrx_word' id='word_1_525' title='bbox 262 3793 453 3849; x_wconf 77' lang='lat' dir='ltr'><strong>indubitanter</strong></span> <span class='ocrx_word' id='word_1_526' title='bbox 470 3795 608 3848; x_wconf 89' lang='lat' dir='ltr'><strong>tenerent.</strong></span> <span class='ocrx_word' id='word_1_527' title='bbox 637 3790 748 3845; x_wconf 83' lang='lat' dir='ltr'><strong>Factum</strong></span> <span class='ocrx_word' id='word_1_528' title='bbox 773 3793 815 3845; x_wconf 92' lang='lat' dir='ltr'><strong>est</strong></span> <span class='ocrx_word' id='word_1_529' title='bbox 836 3793 937 3855; x_wconf 89' lang='lat' dir='ltr'><strong>antem,</strong></span> <span class='ocrx_word' id='word_1_530' title='bbox 982 3791 1042 3848; x_wconf 91' lang='lat' dir='ltr'><strong>buti</strong></span> <span class='ocrx_word' id='word_1_531' title='bbox 1065 3789 1183 3856; x_wconf 88' lang='lat' dir='ltr'><strong>inerant,</strong></span> <span class='ocrx_word' id='word_1_532' title='bbox 1199 3789 1297 3846; x_wconf 90' lang='lat' dir='ltr'><strong>sedare</strong></span> <span class='ocrx_word' id='word_1_533' title='bbox 1318 3803 1350 3846; x_wconf 92' lang='lat' dir='ltr'><strong>ac</strong></span> <span class='ocrx_word' id='word_1_534' title='bbox 1373 3789 1498 3861; x_wconf 90' lang='lat' dir='ltr'><strong>mitigare</strong></span> <span class='ocrx_word' id='word_1_535' title='bbox 1521 3790 1633 3847; x_wconf 90' lang='lat' dir='ltr'><strong>minime</strong></span> <span class='ocrx_word' id='word_1_536' title='bbox 1652 3792 1752 3862; x_wconf 91' lang='lat' dir='ltr'><strong>potuit,</strong></span> <span class='ocrx_word' id='word_1_537' title='bbox 1773 3797 1803 3848; x_wconf 91' lang='lat' dir='ltr'><strong>ut</strong></span> 
     </span>
     <span class='ocr_line' id='line_1_41' title="bbox 106 3877 1803 3952; baseline -0.001 -14"><span class='ocrx_word' id='word_1_538' title='bbox 106 3883 189 3940; x_wconf 86' lang='lat' dir='ltr'><strong>Wido</strong></span> <span class='ocrx_word' id='word_1_539' title='bbox 204 3882 385 3952; x_wconf 90' lang='lat' dir='ltr'><strong>imperatoris</strong></span> <span class='ocrx_word' id='word_1_540' title='bbox 406 3880 493 3937; x_wconf 90' lang='lat' dir='ltr'><strong>iretns</strong></span> <span class='ocrx_word' id='word_1_541' title='bbox 514 3877 673 3945; x_wconf 87' lang='lat' dir='ltr'><strong>aminiculo,</strong></span> <span class='ocrx_word' id='word_1_542' title='bbox 689 3877 736 3948; x_wconf 93' lang='lat' dir='ltr'><strong>qui</strong></span> <span class='ocrx_word' id='word_1_543' title='bbox 752 3877 852 3947; x_wconf 92' lang='lat' dir='ltr'><strong>etipse</strong></span> <span class='ocrx_word' id='word_1_544' title='bbox 868 3890 938 3933; x_wconf 90' lang='lat' dir='ltr'><strong>con·</strong></span> <span class='ocrx_word' id='word_1_545' title='bbox 983 3879 1119 3937; x_wconf 92' lang='lat' dir='ltr'><strong>desidium</strong></span> <span class='ocrx_word' id='word_1_546' title='bbox 1142 3893 1227 3950; x_wconf 90' lang='lat' dir='ltr'><strong>super</strong></span> <span class='ocrx_word' id='word_1_547' title='bbox 1254 3879 1342 3950; x_wconf 91' lang='lat' dir='ltr'><strong>ipsum</strong></span> <span class='ocrx_word' id='word_1_548' title='bbox 1367 3879 1468 3936; x_wconf 89' lang='lat' dir='ltr'><strong>obnixe</strong></span> <span class='ocrx_word' id='word_1_549' title='bbox 1496 3885 1683 3949; x_wconf 88' lang='lat' dir='ltr'><strong>exerceretur,</strong></span> <span class='ocrx_word' id='word_1_550' title='bbox 1711 3881 1803 3937; x_wconf 89' lang='lat' dir='ltr'><strong>verbis</strong></span> 
     </span>
     <span class='ocr_line' id='line_1_42' title="bbox 106 3965 1802 4040; baseline 0.001 -14"><span class='ocrx_word' id='word_1_551' title='bbox 106 3971 220 4027; x_wconf 85' lang='lat' dir='ltr'><strong>sethum</strong></span> <span class='ocrx_word' id='word_1_552' title='bbox 246 3983 378 4026; x_wconf 89' lang='lat' dir='ltr'><strong>arcanum</strong></span> <span class='ocrx_word' id='word_1_553' title='bbox 398 3968 491 4026; x_wconf 92' lang='lat' dir='ltr'><strong>domni</strong></span> <span class='ocrx_word' id='word_1_554' title='bbox 515 3965 654 4023; x_wconf 90' lang='lat' dir='ltr'><strong>lleriherti</strong></span> <span class='ocrx_word' id='word_1_555' title='bbox 677 3965 826 4022; x_wconf 91' lang='lat' dir='ltr'><strong>criminose</strong></span> <span class='ocrx_word' id='word_1_556' title='bbox 848 3965 940 4035; x_wconf 92' lang='lat' dir='ltr'><strong>impe·</strong></span> <span class='ocrx_word' id='word_1_557' title='bbox 980 3969 1135 4025; x_wconf 87' lang='lat' dir='ltr'><strong>inhonestis</strong></span> <span class='ocrx_word' id='word_1_558' title='bbox 1163 3967 1288 4034; x_wconf 87' lang='lat' dir='ltr'><strong>cottidie,</strong></span> <span class='ocrx_word' id='word_1_559' title='bbox 1315 3973 1405 4024; x_wconf 80' lang='lat' dir='ltr'><strong>minen</strong></span> <span class='ocrx_word' id='word_1_560' title='bbox 1434 3966 1529 4038; x_wconf 93' lang='lat' dir='ltr'><strong>populi</strong></span> <span class='ocrx_word' id='word_1_561' title='bbox 1558 3970 1657 4026; x_wconf 88' lang='lat' dir='ltr'><strong>timore</strong></span> <span class='ocrx_word' id='word_1_562' title='bbox 1683 3977 1802 4040; x_wconf 89' lang='lat' dir='ltr'><strong>secrete,</strong></span> 
     </span>
     <span class='ocr_line' id='line_1_43' title="bbox 106 4055 1801 4128; baseline 0 -12"><span class='ocrx_word' id='word_1_563' title='bbox 106 4061 195 4117; x_wconf 90' lang='lat' dir='ltr'><strong>ratori</strong></span> <span class='ocrx_word' id='word_1_564' title='bbox 210 4058 414 4125; x_wconf 89' lang='lat' dir='ltr'><strong>denudaverat,</strong></span> <span class='ocrx_word' id='word_1_565' title='bbox 429 4059 506 4128; x_wconf 94' lang='lat' dir='ltr'><strong>ipsos</strong></span> <span class='ocrx_word' id='word_1_566' title='bbox 521 4070 582 4112; x_wconf 82' lang='lat' dir='ltr'><strong>curm</strong></span> <span class='ocrx_word' id='word_1_567' title='bbox 598 4055 871 4126; x_wconf 87' lang='lat' dir='ltr'><strong>paucissnbsccutns</strong></span> <span class='ocrx_word' id='word_1_568' title='bbox 886 4060 937 4110; x_wconf 88' lang='lat' dir='ltr'><strong>est.</strong></span> <span class='ocrx_word' id='word_1_569' title='bbox 980 4057 1171 4115; x_wconf 84' lang='lat' dir='ltr'><strong>detrahebant.</strong></span> <span class='ocrx_word' id='word_1_570' title='bbox 1197 4058 1227 4112; x_wconf 95' lang='lat' dir='ltr'><strong>ln</strong></span> <span class='ocrx_word' id='word_1_571' title='bbox 1256 4060 1360 4112; x_wconf 90' lang='lat' dir='ltr'><strong>tantum</strong></span> <span class='ocrx_word' id='word_1_572' title='bbox 1389 4057 1463 4113; x_wconf 89' lang='lat' dir='ltr'><strong>enlm</strong></span> <span class='ocrx_word' id='word_1_573' title='bbox 1495 4056 1607 4114; x_wconf 92' lang='lat' dir='ltr'><strong>illorum</strong></span> <span class='ocrx_word' id='word_1_574' title='bbox 1636 4057 1719 4115; x_wconf 92' lang='lat' dir='ltr'><strong>animi</strong></span> <span class='ocrx_word' id='word_1_575' title='bbox 1748 4060 1801 4128; x_wconf 88' lang='lat' dir='ltr'><strong>ira,</strong></span> 
     </span>
     <span class='ocr_line' id='line_1_44' title="bbox 105 4143 1803 4219; baseline -0.001 -13"><span class='ocrx_word' id='word_1_576' title='bbox 105 4150 173 4206; x_wconf 84' lang='lat' dir='ltr'><strong>Cum</strong></span> <span class='ocrx_word' id='word_1_577' title='bbox 195 4151 276 4206; x_wconf 92' lang='lat' dir='ltr'><strong>enim</strong></span> <span class='ocrx_word' id='word_1_578' title='bbox 295 4149 323 4205; x_wconf 93' lang='lat' dir='ltr'><strong>in</strong></span> <span class='ocrx_word' id='word_1_579' title='bbox 342 4148 418 4205; x_wconf 90' lang='lat' dir='ltr'><strong>curia</strong></span> <span class='ocrx_word' id='word_1_580' title='bbox 437 4147 523 4219; x_wconf 91' lang='lat' dir='ltr'><strong>regali</strong></span> <span class='ocrx_word' id='word_1_581' title='bbox 542 4145 625 4202; x_wconf 92' lang='lat' dir='ltr'><strong>electi</strong></span> <span class='ocrx_word' id='word_1_582' title='bbox 645 4145 775 4202; x_wconf 90' lang='lat' dir='ltr'><strong>diacones</strong></span> <span class='ocrx_word' id='word_1_583' title='bbox 794 4145 939 4200; x_wconf 89' lang='lat' dir='ltr'><strong>Wldonem</strong></span> <span class='ocrx_word' id='word_1_584' title='bbox 980 4147 1057 4214; x_wconf 95' lang='lat' dir='ltr'><strong>odio,</strong></span> <span class='ocrx_word' id='word_1_585' title='bbox 1081 4146 1286 4216; x_wconf 87' lang='lat' dir='ltr'><strong>ambitioneque</strong></span> <span class='ocrx_word' id='word_1_586' title='bbox 1318 4143 1475 4201; x_wconf 87' lang='lat' dir='ltr'><strong>detestabili</strong></span> <span class='ocrx_word' id='word_1_587' title='bbox 1495 4153 1574 4202; x_wconf 88' lang='lat' dir='ltr'><strong>erant</strong></span> <span class='ocrx_word' id='word_1_588' title='bbox 1594 4147 1701 4215; x_wconf 89' lang='lat' dir='ltr'><strong>imbuti,</strong></span> <span class='ocrx_word' id='word_1_589' title='bbox 1726 4148 1803 4204; x_wconf 90' lang='lat' dir='ltr'><strong>tabe-</strong></span> 
     </span>
     <span class='ocr_line' id='line_1_45' title="bbox 106 4233 1804 4312; baseline -0.001 -18"><span class='ocrx_word' id='word_1_590' title='bbox 106 4239 259 4308; x_wconf 88' lang='lat' dir='ltr'><strong>ridissent,</strong></span> <span class='ocrx_word' id='word_1_591' title='bbox 286 4238 362 4294; x_wconf 90' lang='lat' dir='ltr'><strong>taciti</strong></span> <span class='ocrx_word' id='word_1_592' title='bbox 386 4237 553 4293; x_wconf 89' lang='lat' dir='ltr'><strong>intrinsecus</strong></span> <span class='ocrx_word' id='word_1_593' title='bbox 577 4237 613 4293; x_wconf 92' lang='lat' dir='ltr'><strong>ob</strong></span> <span class='ocrx_word' id='word_1_594' title='bbox 641 4241 750 4306; x_wconf 91' lang='lat' dir='ltr'><strong>pactum</strong></span> <span class='ocrx_word' id='word_1_595' title='bbox 779 4235 853 4305; x_wconf 92' lang='lat' dir='ltr'><strong>qnod</strong></span> <span class='ocrx_word' id='word_1_596' title='bbox 879 4235 939 4306; x_wconf 89' lang='lat' dir='ltr'><strong>ipso</strong></span> <span class='ocrx_word' id='word_1_597' title='bbox 979 4240 1144 4306; x_wconf 88' lang='lat' dir='ltr'><strong>scentesqne</strong></span> <span class='ocrx_word' id='word_1_598' title='bbox 1172 4233 1337 4312; x_wconf 86' lang='lat' dir='ltr'><strong>serviebant,</strong></span> <span class='ocrx_word' id='word_1_599' title='bbox 1357 4237 1388 4288; x_wconf 91' lang='lat' dir='ltr'><strong>nt</strong></span> <span class='ocrx_word' id='word_1_600' title='bbox 1413 4233 1529 4303; x_wconf 90' lang='lat' dir='ltr'><strong>quadam</strong></span> <span class='ocrx_word' id='word_1_601' title='bbox 1554 4234 1599 4290; x_wconf 91' lang='lat' dir='ltr'><strong>die</strong></span> <span class='ocrx_word' id='word_1_602' title='bbox 1622 4235 1737 4291; x_wconf 88' lang='lat' dir='ltr'><strong>eumad</strong></span> <span class='ocrx_word' id='word_1_603' title='bbox 1758 4249 1804 4292; x_wconf 89' lang='lat' dir='ltr'><strong>ce-</strong></span> 
     </span>
     <span class='ocr_line' id='line_1_46' title="bbox 105 4319 1804 4399; baseline -0.003 -16"><span class='ocrx_word' id='word_1_604' title='bbox 105 4343 169 4384; x_wconf 92' lang='lat' dir='ltr'><strong>cum</strong></span> <span class='ocrx_word' id='word_1_605' title='bbox 192 4330 368 4399; x_wconf 89' lang='lat' dir='ltr'><strong>imperatore</strong></span> <span class='ocrx_word' id='word_1_606' title='bbox 392 4325 504 4393; x_wconf 89' lang='lat' dir='ltr'><strong>iecerat,</strong></span> <span class='ocrx_word' id='word_1_607' title='bbox 520 4324 629 4396; x_wconf 87' lang='lat' dir='ltr'><strong>singulo</strong></span> <span class='ocrx_word' id='word_1_608' title='bbox 648 4325 683 4380; x_wconf 88' lang='lat' dir='ltr'><strong>de</strong></span> <span class='ocrx_word' id='word_1_609' title='bbox 706 4338 736 4380; x_wconf 90' lang='lat' dir='ltr'><strong>se</strong></span> <span class='ocrx_word' id='word_1_610' title='bbox 760 4323 935 4394; x_wconf 90' lang='lat' dir='ltr'><strong>desperante,</strong></span> <span class='ocrx_word' id='word_1_611' title='bbox 980 4323 1112 4381; x_wconf 90' lang='lat' dir='ltr'><strong>lebranda</strong></span> <span class='ocrx_word' id='word_1_612' title='bbox 1144 4323 1236 4380; x_wconf 88' lang='lat' dir='ltr'><strong>divina</strong></span> <span class='ocrx_word' id='word_1_613' title='bbox 1268 4319 1396 4393; x_wconf 78' lang='lat' dir='ltr'><strong>mysteria</strong></span> <span class='ocrx_word' id='word_1_614' title='bbox 1429 4321 1544 4377; x_wconf 90' lang='lat' dir='ltr'><strong>miritice</strong></span> <span class='ocrx_word' id='word_1_615' title='bbox 1576 4322 1685 4388; x_wconf 91' lang='lat' dir='ltr'><strong>ornati,</strong></span> <span class='ocrx_word' id='word_1_616' title='bbox 1720 4329 1804 4392; x_wconf 89' lang='lat' dir='ltr'><strong>prout</strong></span> 
     </span>
     <span class='ocr_line' id='line_1_47' title="bbox 106 4402 1803 4489; baseline -0.003 -17"><span class='ocrx_word' id='word_1_617' title='bbox 106 4416 189 4489; x_wconf 88' lang='lat' dir='ltr'><strong>hujus</strong></span> <span class='ocrx_word' id='word_1_618' title='bbox 209 4422 333 4476; x_wconf 89' lang='lat' dir='ltr'><strong>eventus</strong></span> <span class='ocrx_word' id='word_1_619' title='bbox 355 4415 444 4473; x_wconf 91' lang='lat' dir='ltr'><strong>rimati</strong></span> <span class='ocrx_word' id='word_1_620' title='bbox 468 4421 542 4471; x_wconf 91' lang='lat' dir='ltr'><strong>sunt.</strong></span> <span class='ocrx_word' id='word_1_621' title='bbox 566 4413 636 4482; x_wconf 86' lang='lat' dir='ltr'><strong>Quid</strong></span> <span class='ocrx_word' id='word_1_622' title='bbox 656 4413 761 4470; x_wconf 84' lang='lat' dir='ltr'><strong>multat</strong></span> <span class='ocrx_word' id='word_1_623' title='bbox 777 4415 880 4470; x_wconf 85' lang='lat' dir='ltr'><strong>Ventus</strong></span> <span class='ocrx_word' id='word_1_624' title='bbox 895 4402 1081 4486; x_wconf 82' lang='lat' dir='ltr'><strong>esthradns</strong></span> <span class='ocrx_word' id='word_1_625' title='bbox 1102 4412 1319 4481; x_wconf 87' lang='lat' dir='ltr'><strong>uniuscujusque</strong></span> <span class='ocrx_word' id='word_1_626' title='bbox 1335 4407 1501 4481; x_wconf 85' lang='lat' dir='ltr'><strong>postulabat,</strong></span> <span class='ocrx_word' id='word_1_627' title='bbox 1517 4422 1579 4464; x_wconf 93' lang='lat' dir='ltr'><strong>cum</strong></span> <span class='ocrx_word' id='word_1_628' title='bbox 1598 4409 1660 4478; x_wconf 91' lang='lat' dir='ltr'><strong>ipso</strong></span> <span class='ocrx_word' id='word_1_629' title='bbox 1677 4409 1803 4467; x_wconf 85' lang='lat' dir='ltr'><strong>Gnidone</strong></span> 
     </span>
     <span class='ocr_line' id='line_1_48' title="bbox 105 4496 1802 4577; baseline -0.004 -15"><span class='ocrx_word' id='word_1_630' title='bbox 105 4505 166 4564; x_wconf 89' lang='lat' dir='ltr'><strong>dies</strong></span> <span class='ocrx_word' id='word_1_631' title='bbox 190 4512 318 4564; x_wconf 90' lang='lat' dir='ltr'><strong>statutus</strong></span> <span class='ocrx_word' id='word_1_632' title='bbox 346 4504 404 4577; x_wconf 88' lang='lat' dir='ltr'><strong>(ao.</strong></span> <span class='ocrx_word' id='word_1_633' title='bbox 422 4503 500 4571; x_wconf 79' lang='lat'><strong>1045,</strong></span> <span class='ocrx_word' id='word_1_634' title='bbox 515 4501 569 4559; x_wconf 77' lang='lat' dir='ltr'><strong>tui.</strong></span> <span class='ocrx_word' id='word_1_635' title='bbox 588 4503 645 4570; x_wconf 86' lang='lat'><strong>18),</strong></span> <span class='ocrx_word' id='word_1_636' title='bbox 666 4503 694 4557; x_wconf 94' lang='lat' dir='ltr'><strong>in</strong></span> <span class='ocrx_word' id='word_1_637' title='bbox 713 4515 769 4572; x_wconf 92' lang='lat' dir='ltr'><strong>quo</strong></span> <span class='ocrx_word' id='word_1_638' title='bbox 788 4503 939 4573; x_wconf 89' lang='lat' dir='ltr'><strong>imperator</strong></span> <span class='ocrx_word' id='word_1_639' title='bbox 979 4509 1043 4558; x_wconf 88' lang='lat' dir='ltr'><strong>ante</strong></span> <span class='ocrx_word' id='word_1_640' title='bbox 1062 4500 1150 4556; x_wconf 88' lang='lat' dir='ltr'><strong>beatae</strong></span> <span class='ocrx_word' id='word_1_641' title='bbox 1178 4499 1269 4554; x_wconf 85' lang='lat' dir='ltr'><strong>liariae</strong></span> <span class='ocrx_word' id='word_1_642' title='bbox 1297 4497 1383 4554; x_wconf 90' lang='lat' dir='ltr'><strong>altare</strong></span> <span class='ocrx_word' id='word_1_643' title='bbox 1406 4496 1528 4552; x_wconf 92' lang='lat' dir='ltr'><strong>seriatim</strong></span> <span class='ocrx_word' id='word_1_644' title='bbox 1551 4496 1701 4563; x_wconf 88' lang='lat' dir='ltr'><strong>venissent,</strong></span> <span class='ocrx_word' id='word_1_645' title='bbox 1731 4497 1802 4556; x_wconf 92' lang='lat' dir='ltr'><strong>malo</strong></span> 
     </span>
     <span class='ocr_line' id='line_1_49' title="bbox 103 4585 1801 4668; baseline -0.005 -18"><span class='ocrx_word' id='word_1_646' title='bbox 103 4595 355 4668; x_wconf 89' lang='lat' dir='ltr'><strong>archiepiscopum</strong></span> <span class='ocrx_word' id='word_1_647' title='bbox 373 4593 431 4650; x_wconf 92' lang='lat' dir='ltr'><strong>suis</strong></span> <span class='ocrx_word' id='word_1_648' title='bbox 453 4606 515 4649; x_wconf 93' lang='lat' dir='ltr'><strong>cum</strong></span> <span class='ocrx_word' id='word_1_649' title='bbox 539 4591 667 4648; x_wconf 92' lang='lat' dir='ltr'><strong>omnibus</strong></span> <span class='ocrx_word' id='word_1_650' title='bbox 691 4589 853 4660; x_wconf 90' lang='lat' dir='ltr'><strong>primatibus</strong></span> <span class='ocrx_word' id='word_1_651' title='bbox 876 4591 940 4648; x_wconf 90' lang='lat' dir='ltr'><strong>lau·</strong></span> <span class='ocrx_word' id='word_1_652' title='bbox 979 4602 1092 4647; x_wconf 90' lang='lat' dir='ltr'><strong>suorum</strong></span> <span class='ocrx_word' id='word_1_653' title='bbox 1111 4587 1202 4644; x_wconf 91' lang='lat' dir='ltr'><strong>omine</strong></span> <span class='ocrx_word' id='word_1_654' title='bbox 1226 4591 1254 4642; x_wconf 90' lang='lat' dir='ltr'><strong>et</strong></span> <span class='ocrx_word' id='word_1_655' title='bbox 1281 4592 1456 4657; x_wconf 89' lang='lat' dir='ltr'><strong>posterorum</strong></span> <span class='ocrx_word' id='word_1_656' title='bbox 1480 4591 1534 4641; x_wconf 91' lang='lat' dir='ltr'><strong>tam</strong></span> <span class='ocrx_word' id='word_1_657' title='bbox 1563 4585 1696 4666; x_wconf 82' lang='lat' dir='ltr'><strong>majorum</strong></span> <span class='ocrx_word' id='word_1_658' title='bbox 1720 4599 1801 4656; x_wconf 88' lang='lat' dir='ltr'><strong>qnam</strong></span> 
     </span>
     <span class='ocr_line' id='line_1_50' title="bbox 104 4674 1801 4751; baseline -0.004 -12"><span class='ocrx_word' id='word_1_659' title='bbox 104 4683 200 4743; x_wconf 89' lang='lat' dir='ltr'><strong>dando</strong></span> <span class='ocrx_word' id='word_1_660' title='bbox 233 4683 424 4741; x_wconf 90' lang='lat' dir='ltr'><strong>condrmaret.</strong></span> <span class='ocrx_word' id='word_1_661' title='bbox 462 4683 558 4751; x_wconf 91' lang='lat' dir='ltr'><strong>ltaque</strong></span> <span class='ocrx_word' id='word_1_662' title='bbox 588 4679 721 4736; x_wconf 90' lang='lat' dir='ltr'><strong>ordinarii</strong></span> <span class='ocrx_word' id='word_1_663' title='bbox 746 4686 774 4736; x_wconf 90' lang='lat' dir='ltr'><strong>ct</strong></span> <span class='ocrx_word' id='word_1_664' title='bbox 801 4681 938 4750; x_wconf 89' lang='lat' dir='ltr'><strong>capitanei</strong></span> <span class='ocrx_word' id='word_1_665' title='bbox 980 4677 1127 4744; x_wconf 91' lang='lat' dir='ltr'><strong>minorum,</strong></span> <span class='ocrx_word' id='word_1_666' title='bbox 1143 4689 1205 4732; x_wconf 92' lang='lat' dir='ltr'><strong>cum</strong></span> <span class='ocrx_word' id='word_1_667' title='bbox 1230 4689 1342 4732; x_wconf 92' lang='lat' dir='ltr'><strong>suornm</strong></span> <span class='ocrx_word' id='word_1_668' title='bbox 1366 4675 1472 4730; x_wconf 90' lang='lat' dir='ltr'><strong>veniam</strong></span> <span class='ocrx_word' id='word_1_669' title='bbox 1496 4674 1685 4743; x_wconf 91' lang='lat' dir='ltr'><strong>peccaminum</strong></span> <span class='ocrx_word' id='word_1_670' title='bbox 1706 4688 1721 4730; x_wconf 92' lang='lat' dir='ltr'><strong>a</strong></span> <span class='ocrx_word' id='word_1_671' title='bbox 1745 4677 1801 4732; x_wconf 87' lang='lat' dir='ltr'><strong>Deo</strong></span> 
     </span>
     <span class='ocr_line' id='line_1_51' title="bbox 105 4761 1802 4845; baseline -0.006 -14"><span class='ocrx_word' id='word_1_672' title='bbox 105 4777 256 4845; x_wconf 88' lang='lat' dir='ltr'><strong>ceterique</strong></span> <span class='ocrx_word' id='word_1_673' title='bbox 274 4786 324 4842; x_wconf 91' lang='lat' dir='ltr'><strong>per</strong></span> <span class='ocrx_word' id='word_1_674' title='bbox 334 4774 441 4842; x_wconf 87' lang='lat' dir='ltr'><strong>jussum</strong></span> <span class='ocrx_word' id='word_1_675' title='bbox 457 4769 575 4826; x_wconf 90' lang='lat' dir='ltr'><strong>civitatis</strong></span> <span class='ocrx_word' id='word_1_676' title='bbox 589 4769 636 4839; x_wconf 94' lang='lat' dir='ltr'><strong>qui</strong></span> <span class='ocrx_word' id='word_1_677' title='bbox 651 4782 713 4824; x_wconf 91' lang='lat' dir='ltr'><strong>cum</strong></span> <span class='ocrx_word' id='word_1_678' title='bbox 735 4769 803 4838; x_wconf 91' lang='lat' dir='ltr'><strong>ipsis</strong></span> <span class='ocrx_word' id='word_1_679' title='bbox 821 4769 937 4838; x_wconf 90' lang='lat' dir='ltr'><strong>iverant,</strong></span> <span class='ocrx_word' id='word_1_680' title='bbox 980 4765 1092 4824; x_wconf 90' lang='lat' dir='ltr'><strong>summis</strong></span> <span class='ocrx_word' id='word_1_681' title='bbox 1120 4779 1181 4821; x_wconf 90' lang='lat' dir='ltr'><strong>cnm</strong></span> <span class='ocrx_word' id='word_1_682' title='bbox 1210 4764 1336 4835; x_wconf 83' lang='lat' dir='ltr'><strong>lacrymis</strong></span> <span class='ocrx_word' id='word_1_683' title='bbox 1364 4763 1435 4834; x_wconf 89' lang='lat' dir='ltr'><strong>exigi</strong></span> <span class='ocrx_word' id='word_1_684' title='bbox 1469 4761 1617 4831; x_wconf 91' lang='lat' dir='ltr'><strong>debebant,</strong></span> <span class='ocrx_word' id='word_1_685' title='bbox 1653 4763 1701 4818; x_wconf 88' lang='lat' dir='ltr'><strong>bei</strong></span> <span class='ocrx_word' id='word_1_686' title='bbox 1733 4763 1802 4820; x_wconf 91' lang='lat' dir='ltr'><strong>iram</strong></span> 
     </span>
     <span class='ocr_line' id='line_1_52' title="bbox 104 4850 1802 4931; baseline -0.006 -11"><span class='ocrx_word' id='word_1_687' title='bbox 104 4877 169 4920; x_wconf 90' lang='lat' dir='ltr'><strong>curn</strong></span> <span class='ocrx_word' id='word_1_688' title='bbox 184 4869 255 4920; x_wconf 90' lang='lat' dir='ltr'><strong>ante</strong></span> <span class='ocrx_word' id='word_1_689' title='bbox 276 4859 451 4931; x_wconf 91' lang='lat' dir='ltr'><strong>imperatoris</strong></span> <span class='ocrx_word' id='word_1_690' title='bbox 469 4858 644 4929; x_wconf 87' lang='lat' dir='ltr'><strong>praesentiam</strong></span> <span class='ocrx_word' id='word_1_691' title='bbox 661 4858 824 4927; x_wconf 89' lang='lat' dir='ltr'><strong>astitissent,</strong></span> <span class='ocrx_word' id='word_1_692' title='bbox 841 4865 868 4916; x_wconf 90' lang='lat' dir='ltr'><strong>et</strong></span> <span class='ocrx_word' id='word_1_693' title='bbox 887 4872 938 4915; x_wconf 90' lang='lat' dir='ltr'><strong>ne·</strong></span> <span class='ocrx_word' id='word_1_694' title='bbox 980 4862 1173 4927; x_wconf 91' lang='lat' dir='ltr'><strong>provocarunt.</strong></span> <span class='ocrx_word' id='word_1_695' title='bbox 1198 4856 1298 4911; x_wconf 86' lang='lat' dir='ltr'><strong>Omnes</strong></span> <span class='ocrx_word' id='word_1_696' title='bbox 1326 4853 1399 4909; x_wconf 91' lang='lat' dir='ltr'><strong>enim</strong></span> <span class='ocrx_word' id='word_1_697' title='bbox 1427 4850 1525 4908; x_wconf 90' lang='lat' dir='ltr'><strong>relicto</strong></span> <span class='ocrx_word' id='word_1_698' title='bbox 1553 4850 1642 4908; x_wconf 92' lang='lat' dir='ltr'><strong>solum</strong></span> <span class='ocrx_word' id='word_1_699' title='bbox 1666 4851 1802 4923; x_wconf 91' lang='lat' dir='ltr'><strong>archicpi-</strong></span> 
     </span>
     <span class='ocr_line' id='line_1_53' title="bbox 103 4939 1803 5023; baseline -0.005 -15"><span class='ocrx_word' id='word_1_700' title='bbox 103 4952 190 5023; x_wconf 87' lang='lat' dir='ltr'><strong>gotiis</strong></span> <span class='ocrx_word' id='word_1_701' title='bbox 205 4949 304 5007; x_wconf 88' lang='lat' dir='ltr'><strong>verbis</strong></span> <span class='ocrx_word' id='word_1_702' title='bbox 322 4948 558 5014; x_wconf 89' lang='lat' dir='ltr'><strong>loculentissimis,</strong></span> <span class='ocrx_word' id='word_1_703' title='bbox 573 4953 604 5004; x_wconf 93' lang='lat' dir='ltr'><strong>ut</strong></span> <span class='ocrx_word' id='word_1_704' title='bbox 619 4952 716 5004; x_wconf 91' lang='lat' dir='ltr'><strong>natura</strong></span> <span class='ocrx_word' id='word_1_705' title='bbox 736 4947 829 5015; x_wconf 89' lang='lat' dir='ltr'><strong>dabat,</strong></span> <span class='ocrx_word' id='word_1_706' title='bbox 846 4947 940 5004; x_wconf 90' lang='lat' dir='ltr'><strong>multis</strong></span> <span class='ocrx_word' id='word_1_707' title='bbox 980 4959 1065 5016; x_wconf 90' lang='lat' dir='ltr'><strong>scopo</strong></span> <span class='ocrx_word' id='word_1_708' title='bbox 1100 4944 1178 5015; x_wconf 91' lang='lat' dir='ltr'><strong>quasi</strong></span> <span class='ocrx_word' id='word_1_709' title='bbox 1211 4943 1353 4999; x_wconf 78' lang='lat' dir='ltr'><strong>demones</strong></span> <span class='ocrx_word' id='word_1_710' title='bbox 1380 4939 1484 4996; x_wconf 89' lang='lat' dir='ltr'><strong>sanctis</strong></span> <span class='ocrx_word' id='word_1_711' title='bbox 1510 4940 1615 5010; x_wconf 90' lang='lat' dir='ltr'><strong>sparsis</strong></span> <span class='ocrx_word' id='word_1_712' title='bbox 1643 4940 1803 5000; x_wconf 89' lang='lat' dir='ltr'><strong>thimatibus</strong></span> 
     </span>
     <span class='ocr_line' id='line_1_54' title="bbox 104 5029 1801 5112; baseline -0.006 -15"><span class='ocrx_word' id='word_1_713' title='bbox 104 5041 255 5112; x_wconf 89' lang='lat' dir='ltr'><strong>episeopis</strong></span> <span class='ocrx_word' id='word_1_714' title='bbox 274 5043 303 5095; x_wconf 91' lang='lat' dir='ltr'><strong>et</strong></span> <span class='ocrx_word' id='word_1_715' title='bbox 322 5037 485 5107; x_wconf 88' lang='lat' dir='ltr'><strong>primatibus</strong></span> <span class='ocrx_word' id='word_1_716' title='bbox 508 5037 671 5103; x_wconf 89' lang='lat' dir='ltr'><strong>astantibus,</strong></span> <span class='ocrx_word' id='word_1_717' title='bbox 692 5043 788 5094; x_wconf 90' lang='lat' dir='ltr'><strong>ornate</strong></span> <span class='ocrx_word' id='word_1_718' title='bbox 807 5036 940 5094; x_wconf 86' lang='lat' dir='ltr'><strong>denotas-</strong></span> <span class='ocrx_word' id='word_1_719' title='bbox 980 5034 1126 5106; x_wconf 81' lang='lat' dir='ltr'><strong>fugientes,</strong></span> <span class='ocrx_word' id='word_1_720' title='bbox 1155 5031 1258 5104; x_wconf 90' lang='lat' dir='ltr'><strong>populo</strong></span> <span class='ocrx_word' id='word_1_721' title='bbox 1287 5035 1429 5102; x_wconf 89' lang='lat' dir='ltr'><strong>spectante</strong></span> <span class='ocrx_word' id='word_1_722' title='bbox 1457 5033 1485 5085; x_wconf 89' lang='lat' dir='ltr'><strong>et</strong></span> <span class='ocrx_word' id='word_1_723' title='bbox 1511 5029 1629 5085; x_wconf 90' lang='lat' dir='ltr'><strong>mirante</strong></span> <span class='ocrx_word' id='word_1_724' title='bbox 1662 5030 1801 5097; x_wconf 90' lang='lat' dir='ltr'><strong>universo,</strong></span> 
     </span>
     <span class='ocr_line' id='line_1_55' title="bbox 104 5118 1802 5200; baseline -0.007 -16"><span class='ocrx_word' id='word_1_725' title='bbox 104 5135 180 5196; x_wconf 88' lang='lat' dir='ltr'><strong>sent,</strong></span> <span class='ocrx_word' id='word_1_726' title='bbox 196 5127 267 5186; x_wconf 88' lang='lat' dir='ltr'><strong>ireti</strong></span> <span class='ocrx_word' id='word_1_727' title='bbox 281 5129 415 5198; x_wconf 84' lang='lat' dir='ltr'><strong>majorum</strong></span> <span class='ocrx_word' id='word_1_728' title='bbox 430 5139 541 5183; x_wconf 92' lang='lat' dir='ltr'><strong>suorum</strong></span> <span class='ocrx_word' id='word_1_729' title='bbox 552 5125 732 5196; x_wconf 89' lang='lat' dir='ltr'><strong>dignitatibus</strong></span> <span class='ocrx_word' id='word_1_730' title='bbox 746 5131 773 5181; x_wconf 89' lang='lat' dir='ltr'><strong>et</strong></span> <span class='ocrx_word' id='word_1_731' title='bbox 788 5125 938 5196; x_wconf 88' lang='lat' dir='ltr'><strong>consciliis,</strong></span> <span class='ocrx_word' id='word_1_732' title='bbox 981 5124 1113 5194; x_wconf 91' lang='lat' dir='ltr'><strong>durisque</strong></span> <span class='ocrx_word' id='word_1_733' title='bbox 1145 5118 1408 5200; x_wconf 83' lang='lat' dir='ltr'><strong>subsannationibus</strong></span> <span class='ocrx_word' id='word_1_734' title='bbox 1440 5118 1590 5176; x_wconf 89' lang='lat' dir='ltr'><strong>stridentes</strong></span> <span class='ocrx_word' id='word_1_735' title='bbox 1621 5125 1802 5176; x_wconf 92' lang='lat' dir='ltr'><strong>evanuerunt.</strong></span> 
     </span>
    </p>
   </div>
   <div class='ocr_carea' id='block_1_3' title="bbox 792 5291 1116 5349">
    <p class='ocr_par' dir='ltr' id='par_1_5' title="bbox 792 5291 1116 5349">
     <span class='ocr_line' id='line_1_56' title="bbox 792 5291 1116 5349; baseline -0.012 0"><span class='ocrx_word' id='word_1_736' title='bbox 792 5293 905 5349; x_wconf 77' lang='lat' dir='ltr'><strong>VthAE</strong></span> <span class='ocrx_word' id='word_1_737' title='bbox 924 5291 1116 5349; x_wconf 71' lang='lat' dir='ltr'><strong>unctiones.</strong></span> 
     </span>
    </p>
   </div>
   <div class='ocr_carea' id='block_1_4' title="bbox 104 5407 1804 5638">
    <p class='ocr_par' dir='ltr' id='par_1_6' title="bbox 104 5407 1804 5638">
     <span class='ocr_line' id='line_1_57' title="bbox 141 5407 1804 5504; baseline -0.005 -25"><span class='ocrx_word' id='word_1_738' title='bbox 141 5423 177 5456; x_wconf 71' lang='lat'><strong>⁸⁹⁸</strong></span> <span class='ocrx_word' id='word_1_739' title='bbox 191 5423 236 5479; x_wconf 85' lang='lat' dir='ltr'><strong>itu</strong></span> <span class='ocrx_word' id='word_1_740' title='bbox 256 5420 428 5504; x_wconf 66' lang='lat' dir='ltr'><strong>committi.</strong></span> <span class='ocrx_word' id='word_1_741' title='bbox 449 5421 477 5488; x_wconf 93' lang='lat' dir='ltr'><strong>h,</strong></span> <span class='ocrx_word' id='word_1_742' title='bbox 493 5419 512 5476; x_wconf 94' lang='lat' dir='ltr'><strong>i.</strong></span> <span class='ocrx_word' id='word_1_743' title='bbox 532 5419 568 5476; x_wconf 90' lang='lat' dir='ltr'><strong>ad</strong></span> <span class='ocrx_word' id='word_1_744' title='bbox 581 5432 663 5490; x_wconf 93' lang='lat' dir='ltr'><strong>quem</strong></span> <span class='ocrx_word' id='word_1_745' title='bbox 681 5417 699 5476; x_wconf 90' lang='lat' dir='ltr'><strong>i.</strong></span> <span class='ocrx_word' id='word_1_746' title='bbox 715 5433 741 5475; x_wconf 88' lang='lat' dir='ltr'><strong>a.</strong></span> <span class='ocrx_word' id='word_1_747' title='bbox 756 5407 863 5502; x_wconf 53' lang='grc' dir='ltr'><strong>ΑΨ.</strong></span> <span class='ocrx_word' id='word_1_748' title='bbox 879 5419 908 5476; x_wconf 89' lang='lat' dir='ltr'><strong>h.</strong></span> <span class='ocrx_word' id='word_1_749' title='bbox 925 5419 960 5504; x_wconf 76' lang='lat' dir='ltr'><strong>ad</strong></span> <span class='ocrx_word' id='word_1_750' title='bbox 979 5433 1061 5502; x_wconf 82' lang='lat' dir='ltr'><strong>quem</strong></span> <span class='ocrx_word' id='word_1_751' title='bbox 1074 5417 1093 5474; x_wconf 90' lang='lat' dir='ltr'><strong>i.</strong></span> <span class='ocrx_word' id='word_1_752' title='bbox 1110 5431 1136 5474; x_wconf 90' lang='lat' dir='ltr'><strong>a.</strong></span> <span class='ocrx_word' id='word_1_753' title='bbox 1152 5417 1182 5472; x_wconf 88' lang='lat' dir='ltr'><strong>B.</strong></span> <span class='ocrx_word' id='word_1_754' title='bbox 1207 5412 1252 5498; x_wconf 45' lang='grc' dir='ltr'><strong>ῥ’·</strong></span> <span class='ocrx_word' id='word_1_755' title='bbox 1267 5411 1386 5470; x_wconf 69' lang='lat' dir='ltr'><strong>weles.-</strong></span> <span class='ocrx_word' id='word_1_756' title='bbox 1402 5411 1614 5496; x_wconf 68' lang='lat' dir='ltr'><strong>Recepitulatio.</strong></span> <span class='ocrx_word' id='word_1_757' title='bbox 1640 5414 1692 5497; x_wconf 73' lang='lat' dir='ltr'><strong>iiie</strong></span> <span class='ocrx_word' id='word_1_758' title='bbox 1713 5411 1804 5498; x_wconf 75' lang='lat' dir='ltr'><strong>dtulue</strong></span> 
     </span>
     <span class='ocr_line' id='line_1_58' title="bbox 104 5483 1803 5565; baseline -0.006 -13"><span class='ocrx_word' id='word_1_759' title='bbox 104 5495 181 5552; x_wconf 78' lang='lat' dir='ltr'><strong>deest</strong></span> <span class='ocrx_word' id='word_1_760' title='bbox 195 5493 266 5550; x_wconf 80' lang='lat' dir='ltr'><strong>A**.</strong></span> <span class='ocrx_word' id='word_1_761' title='bbox 280 5491 322 5547; x_wconf 81' lang='lat' dir='ltr'><strong>bt.</strong></span> <span class='ocrx_word' id='word_1_762' title='bbox 338 5507 382 5564; x_wconf 85' lang='lat' dir='ltr'><strong>qut</strong></span> <span class='ocrx_word' id='word_1_763' title='bbox 394 5506 503 5565; x_wconf 84' lang='lat' dir='ltr'><strong>sequeus</strong></span> <span class='ocrx_word' id='word_1_764' title='bbox 517 5495 595 5562; x_wconf 84' lang='lat' dir='ltr'><strong>ocput</strong></span> <span class='ocrx_word' id='word_1_765' title='bbox 608 5491 748 5548; x_wconf 81' lang='lat' dir='ltr'><strong>seeundum</strong></span> <span class='ocrx_word' id='word_1_766' title='bbox 761 5493 850 5548; x_wconf 80' lang='lat' dir='ltr'><strong>doum</strong></span> <span class='ocrx_word' id='word_1_767' title='bbox 870 5496 896 5548; x_wconf 86' lang='lat' dir='ltr'><strong>et</strong></span> <span class='ocrx_word' id='word_1_768' title='bbox 913 5506 953 5548; x_wconf 83' lang='lat' dir='ltr'><strong>erc</strong></span> <span class='ocrx_word' id='word_1_769' title='bbox 966 5491 1096 5562; x_wconf 75' lang='lat' dir='ltr'><strong>deneepa.</strong></span> <span class='ocrx_word' id='word_1_770' title='bbox 1134 5485 1167 5519; x_wconf 75' lang='lat'><strong>”⁸</strong></span> <span class='ocrx_word' id='word_1_771' title='bbox 1183 5484 1300 5544; x_wconf 69' lang='lat' dir='ltr'><strong>metm:</strong></span> <span class='ocrx_word' id='word_1_772' title='bbox 1322 5485 1359 5540; x_wconf 88' lang='lat' dir='ltr'><strong>be</strong></span> <span class='ocrx_word' id='word_1_773' title='bbox 1382 5483 1519 5541; x_wconf 80' lang='lat' dir='ltr'><strong>electione</strong></span> <span class='ocrx_word' id='word_1_774' title='bbox 1541 5483 1675 5542; x_wconf 87' lang='lat' dir='ltr'><strong>Guldonrs</strong></span> <span class='ocrx_word' id='word_1_775' title='bbox 1697 5485 1803 5542; x_wconf 86' lang='lat' dir='ltr'><strong>erchre-</strong></span> 
     </span>
     <span class='ocr_line' id='line_1_59' title="bbox 105 5559 952 5638; baseline -0.008 -14"><span class='ocrx_word' id='word_1_776' title='bbox 105 5565 234 5638; x_wconf 89' lang='lat' dir='ltr'><strong>piscopi.</strong></span> <span class='ocrx_word' id='word_1_777' title='bbox 276 5562 308 5596; x_wconf 76' lang='lat'><strong>‘⁸⁷</strong></span> <span class='ocrx_word' id='word_1_778' title='bbox 327 5563 428 5636; x_wconf 91' lang='lat' dir='ltr'><strong>quibus</strong></span> <span class='ocrx_word' id='word_1_779' title='bbox 441 5565 471 5619; x_wconf 88' lang='lat' dir='ltr'><strong>B.</strong></span> <span class='ocrx_word' id='word_1_780' title='bbox 509 5561 541 5594; x_wconf 70' lang='lat'><strong>⁶⁰⁸</strong></span> <span class='ocrx_word' id='word_1_781' title='bbox 555 5561 626 5618; x_wconf 80' lang='lat' dir='ltr'><strong>deest</strong></span> <span class='ocrx_word' id='word_1_782' title='bbox 636 5563 667 5618; x_wconf 92' lang='grc' dir='ltr'><strong>Β.</strong></span> <span class='ocrx_word' id='word_1_783' title='bbox 705 5559 736 5593; x_wconf 74' lang='lat'><strong>⁸⁹⁰</strong></span> <span class='ocrx_word' id='word_1_784' title='bbox 751 5575 777 5618; x_wconf 90' lang='lat' dir='ltr'><strong>a.</strong></span> <span class='ocrx_word' id='word_1_785' title='bbox 792 5562 821 5618; x_wconf 91' lang='lat' dir='ltr'><strong>d.</strong></span> <span class='ocrx_word' id='word_1_786' title='bbox 837 5563 909 5620; x_wconf 80' lang='lat' dir='ltr'><strong>deest</strong></span> <span class='ocrx_word' id='word_1_787' title='bbox 922 5564 952 5619; x_wconf 86' lang='lat' dir='ltr'><strong>b.</strong></span> 
     </span>
    </p>
   </div>
   <div class='ocr_carea' id='block_1_5' title="bbox 0 0 2023 6162">
    <p class='ocr_par' dir='ltr' id='par_1_7' title="bbox 0 0 2023 6162">
     <span class='ocr_line' id='line_1_60' title="bbox 0 0 2023 6162; baseline 0 0"><span class='ocrx_word' id='word_1_788' title='bbox 0 0 2023 6162; x_wconf 95' lang='lat' dir='ltr'><strong> </strong></span> 
     </span>
    </p>
   </div>
  </div>
 </body>
</html>
