4160 6196
191 421 227 474 27
759 422 895 478 toaNNts
913 421 1122 478 ahchteetsc.
1142 397 1306 478 liOTOMth.
1842 419 1877 474 28

229 549 307 605 Anno
322 550 357 605 ab
372 549 560 610 incarnatione
575 549 683 608 Domini
697 546 764 603 1079
773 549 892 605 loannes
905 545 1046 606 archis-a
1090 546 1214 604 Ecotcaim
1228 547 1377 604 moueatur
1391 561 1462 620 opes,
1478 559 1555 602 sacer
1568 545 1632 602 ordo
1648 546 1764 618 tepescit,

192 618 325 689 piscopus
342 629 440 678 octavo
461 621 628 687 [undecimo]
649 635 721 676 anno
737 616 879 687 regiminis
897 617 940 672 sni
960 616 1011 672 de·
1126 618 1240 674 Provida
1254 617 1355 686 relligio
1370 633 1444 688 quent
1456 633 1506 672 aaa
1520 617 1660 672 constitnit.

191 687 302 745 iunctus
318 700 368 759 εει,
385 700 412 748 ει
427 695 454 748 in
479 694 640 763 baptisterio
666 691 785 746 basilicae
801 686 834 741 ad
856 687 1014 756 aquilonem
1091 690 1142 743 Hto
1155 688 1272 758 rrepleote
1286 690 1330 743 dia
1344 704 1472 743 cononum
1486 689 1590 743 decreto
1601 690 1756 758 reformans,

193 762 343 818 tumulatus
362 771 413 818 cst..
432 766 633 820 Monumentum
650 765 709 832 ejus
726 759 768 830 (l)
787 771 826 838 ert·
839 758 902 816 albo
924 759 1014 828 lapide
1128 762 1244 816 Irntttatt
1259 765 1330 816 coste
1344 760 1429 814 vicere
1441 759 1616 884 preablpltcrna.

193 829 293 888 iactum
319 839 370 900 εει,
394 835 421 889 in
445 851 501 905 quo
523 833 681 906 hujusmodi
705 829 874 900 epitaphium
899 829 1016 885 solerter
1094 832 1168 888 bono
1185 831 1232 886 Dei
1245 831 1292 886 eut
1307 847 1337 886 eo
1352 831 1454 885 cersolio
1471 830 1515 886 nal
1555 834 1638 900 tuere,

193 900 326 960 insertum
342 910 392 960 est.
1128 902 1196 956 Huic
1210 905 1234 956 ot
1249 917 1310 972 opes
1325 901 1414 968 latrpns
1428 899 1534 956 cordedit
1548 899 1673 956 ccclesia.

229 1009 398 1079 Metropolim
413 1015 471 1066 tana
481 1012 553 1080 jacet
568 1011 610 1066 ln'c
633 1010 695 1065 arbe
710 1011 918 1080 ltotomnpensie,
1093 973 1194 1098 ΜΨ
1208 973 1421 1054 diwm'flm’
1436 973 1581 1056 ”pientiae
1591 971 1748 1055 wmma

265 1077 381 1135 dulmine
395 1082 428 1136 de
440 1098 538 1137 suntme
553 1097 602 1152 pao
611 1055 742 1136 ’moriende
755 1083 830 1137 rnt'a:
1094 1042 1798 1185 Nonff‘assuffleffiwfffl{mmmm

231 1183 274 1258 (l)
296 1185 382 1257 ttujus
397 1187 499 1244 nullum
517 1187 601 1246 bodie
616 1189 725 1244 videtur
739 1188 894 1260 vestigium.
1128 1185 1301 1257 Eaapotiotne
1316 1185 1368 1242 obit
1381 1206 1389 1239 :
1404 1188 1439 1241 att
1453 1185 1503 1240 eibi
1516 1199 1580 1241 nero
1594 1185 1677 1257 quim.
1691 1185 1784 1240 Aaron.

842 1479 1234 1622 JOANNIS

672 1733 1082 1832 ABRINCENSIS
1125 1730 1405 1830 EPISCOPI

965 1943 1116 2033 LIBER

420 2131 531 2253 DE
578 2129 937 2256 OFFICIIS
993 2125 1658 2256 ECCLESIASTICIS

614 2365 658 2419 hu
676 2363 865 2420 hauhtctutt
884 2363 1153 2420 hotomacuttsett
1171 2361 1461 2418 anchteptSCOPutt

163 2689 168 2699 ¹
236 2652 245 2724 1
269 2661 311 2735 (l)
328 2649 443 2723 bomine
458 2682 520 2724 vere
539 2673 646 2736 sancto,
662 2675 690 2726 et
713 2668 819 2726 meritis
841 2650 1274 2739 honoraho0,Bcarthagtnense
1293 2659 1318 2728 3
1338 2666 1485 2724 concilium
1510 2664 1564 2736 (rr,
1584 2677 1610 2720 c.
1629 2662 1665 2718 tt
1679 2668 1707 2719 et
1724 2661 1772 2733 45)
1798 2675 1884 2720 cano·

171 2754 332 2809 bannum
355 2757 504 2813 venerabili
531 2757 588 2828 (2),
603 2763 705 2815 sanctae
732 2759 942 2829 Rotomagensis
968 2761 1021 2814 Ea·
1061 2759 1123 2813 nice
1151 2758 1298 2814 ohservare
1321 2777 1327 2812 ε
1353 2757 1469 2821 scilicet,
1495 2760 1525 2809 ut
1553 2753 1646 2810 cleriei
1675 2764 1804 2818 coronas,
1828 2763 1883 2809 oon

195 2841 288 2899 clasiae
316 2844 537 2915 archiepiscopo,
570 2846 613 2918 (3)
646 2849 766 2904 loannes
798 2847 1018 2914 abrincacensis,
1061 2848 1220 2912 absconsas,
1236 2845 1284 2902 sed
1310 2851 1435 2914 patentes
1458 2841 1594 2897 habeant:
1612 2839 1644 2910 (6)
1659 2839 1742 2894 variis
1761 2851 1812 2894 nec
1831 2853 1882 2896 ru·

195 2931 315 2987 omnium
345 2933 537 3003 episcoporum
567 2935 673 2992 meritis
702 2936 820 3003 intimus,
846 2950 963 3005 corpore
992 2940 1019 2988 ct
1060 2933 1120 2988 heis
1135 2940 1247 2990 utantur
1262 2931 1440 2998 indumentis,
1458 2929 1553 2999 cappis
1567 2929 1595 2984 in
1610 2926 1728 2984 ecelesia
1743 2940 1883 2999 nunquam

195 3019 293 3088 spiritu
310 3019 394 3076 totius
409 3021 575 3078 obedientiae
591 3037 699 3080 ntunus.
1061 3021 1113 3077 uisi
1138 3023 1234 3094 nigris.
1260 3023 1348 3078 Unum
1373 3025 1491 3087 tempus,
1509 3023 1536 3081 et
1555 3031 1608 3073 uua
1633 3015 1693 3074 dies
1715 3015 1753 3071 sit
1775 3031 1885 3088 semper

231 3107 364 3174 Quoniam
388 3116 443 3164 ture
473 3111 646 3178 paternitatis
669 3112 841 3168 sanctitatem
866 3111 900 3168 de
926 3111 1018 3168 eccle·
1060 3111 1101 3166 eis
1129 3110 1254 3166 radendi.
1280 3110 1349 3166 Huic
1378 3113 1517 3179 praecepto
1545 3105 1710 3163 inobediens
1736 3105 1883 3162 districtim

196 3195 316 3250 siasticae
341 3196 483 3267 dignitatis
508 3197 632 3267 proiectu
654 3213 764 3270 semper
787 3199 943 3267 sollicitam,
960 3201 1020 3269 ejus
1060 3201 1200 3269 subjaceat
1223 3199 1405 3270 correptioni.
1428 3197 1471 3272 (7)
1492 3197 1570 3265 Quod
1594 3200 1676 3265 capnt
1700 3199 1825 3252 nostrum
1849 3210 1882 3252 ex

196 3283 274 3353 lapsu
299 3284 383 3341 nimio
408 3299 525 3344 moeroro
545 3287 626 3355 allici,
642 3289 802 3362 saepissimis
824 3289 889 3346 inde
913 3303 1018 3346 mecum
1060 3289 1211 3360 apostolica
1245 3289 1371 3346 doctrina
1403 3289 1432 3344 in
1465 3285 1603 3357 superiori
1640 3289 1717 3356 pane
1750 3285 1881 3354 radimus,
1954 3355 1956 3360 ¹

196 3371 298 3452 habais
313 3374 514 3444 quaestionibus
534 3377 675 3447 comperi;
701 3375 809 3448 hocque
825 3377 949 3436 dolorem
968 3376 1018 3436 tibi
1058 3379 1211 3452 supertlnas
1226 3379 1445 3450 temporalesque
1461 3375 1643 3447 cogitationes
1657 3374 1692 3430 de
1707 3380 1809 3442 mente,
1820 3389 1882 3445 quae

195 3467 373 3532 augmentare
401 3466 461 3534 ajars
489 3467 663 3536 reparatione
691 3467 827 3538 tiagranti,
853 3467 927 3538 quod
946 3469 1019 3524 vires
1059 3476 1204 3539 percaput
1217 3467 1389 3538 exprimitur,
1411 3479 1535 3523 resecare
1552 3465 1690 3534 jubemur.
1709 3463 1753 3534 (8)
1771 3466 1822 3520 Per
1836 3477 1882 3521 oo

196 3550 230 3605 ad
259 3550 312 3606 hoc
340 3557 394 3608 tuae
422 3554 596 3610 subtraxerat
627 3555 802 3611 imbecillitas
835 3555 1017 3626 aegritudinis,
1059 3572 1155 3614 ronam
1170 3558 1342 3628 capillorum,
1358 3556 1482 3627 quamln
1497 3553 1622 3611 iulerlorl
1637 3557 1714 3624 parte
1730 3559 1878 3624 portamus,

195 3639 315 3712 parvitas
331 3655 389 3698 mea
412 3647 467 3700 tuae
492 3643 671 3701 sanctissimae
692 3637 715 3706 2
735 3643 841 3717 optioni
865 3645 1017 3718 sultragari,
1059 3647 1232 3717 temporalia,
1248 3647 1308 3702 sine
1323 3645 1425 3716 quibus
1439 3656 1562 3715 presens
1569 3644 1625 3699 vlta
1639 3656 1695 3699 non
1709 3642 1878 3712 transigitur,

196 3743 252 3786 non
280 3730 373 3801 aliquo
402 3731 472 3788 tastu
500 3748 643 3801 succensa,
670 3731 719 3792 sed
753 3735 797 3804 pia
828 3735 1018 3804 compassione
1060 3737 1192 3794 concordi
1216 3736 1322 3792 ratione
1347 3747 1452 3806 regere,
1469 3734 1550 3790 eteis
1569 3732 1695 3789 ordinata
1714 3731 1880 3788 discretione

196 3823 332 3874 commota
349 3821 488 3888 appetiit:
513 3822 631 3890 utqnod
657 3822 853 3892 negligentium
878 3832 1017 3892 pastorum
1059 3826 1100 3880 utl
1129 3826 1318 3880 admonemur.
1348 3823 1426 3891 Quod
1455 3837 1489 3878 ne
1517 3821 1678 3893 capillorum
1707 3819 1881 3892 superfluitas

196 3905 362 3973 depravatur
385 3908 502 3974 incuria,
529 3914 583 3964 tnae
607 3917 710 3964 saoctae
733 3910 877 3980 religionis
904 3927 1019 3980 repare-
1060 3927 1142 3968 aures
1157 3913 1198 3969 vel
1223 3913 1318 3968 oculos
1342 3911 1493 3981 cooperiat,
1513 3924 1590 3967 sacra
1612 3908 1708 3980 religio
1733 3909 1879 3978 observat,

196 3992 404 4062 turvigilantia.
422 3995 490 4052 ltine
506 3999 551 4052 tua
570 3999 733 4054 auctoritate
758 3997 846 4054 fretus
868 3975 1096 4057 sententiasflne
1120 4016 1201 4058 aures
1224 4002 1316 4058 cordis
1339 4001 1381 4056 uel
1405 4000 1502 4058 oculos
1524 4002 1558 4058 ad
1583 3999 1684 4056 bonum
1710 3999 1880 4068 operandum

196 4088 354 4138 sanctorum
384 4083 494 4141 Patrem
527 4099 683 4156 aggressus,
712 4085 935 4158 diversarumque
964 4091 1019 4146 Ec·
1059 4089 1262 4145 sollicitudines
1281 4093 1310 4144 et
1328 4088 1430 4145 divitiae
1456 4088 1538 4159 hujus
1560 4087 1655 4144 saeculi
1675 4087 1835 4157 impediant,
1851 4092 1881 4143 ut

197 4169 342 4225 etesiarum
372 4185 464 4228 mores
486 4178 514 4230 ct
537 4175 753 4231 consuetudines
780 4183 969 4246 prospectans,
990 4185 1018 4235 et
1058 4193 1232 4249 summopere
1256 4178 1459 4248 provideamus,
1483 4177 1618 4250 designat.
1643 4176 1722 4245 Quod
1745 4189 1811 4232 vero
1835 4175 1876 4247 (9)

196 4271 238 4324 εε,
254 4273 316 4329 quaa
335 4260 369 4315 ad
385 4261 469 4317 divini
494 4263 585 4318 cultos
607 4262 697 4320 ohleia
722 4265 870 4334 pertinent,
887 4266 1017 4340 quodque
1059 4268 1171 4324 barbam
1189 4268 1321 4333 radimus,
1337 4281 1388 4338 per
1401 4281 1481 4338 quam
1500 4267 1587 4323 virtus
1607 4266 1733 4336 corporis
1752 4265 1880 4335 designa·

195 4345 224 4402 in
248 4361 278 4402 se
302 4350 414 4420 mystice
444 4352 597 4420 continent,
619 4349 798 4410 nihilominus
826 4353 1016 4428 considerans,
1058 4361 1113 4424 tur,
1130 4369 1180 4413 nos
1195 4357 1294 4414 mentis
1317 4355 1451 4412 feritatem
1475 4357 1611 4422 amittere,
1627 4359 1655 4410 et
1674 4355 1751 4423 juxta
1765 4357 1880 4422 aposto

195 4435 340 4508 quamdam
377 4439 455 4508 quasi
492 4441 694 4499 conlectionem
728 4457 760 4498 ex
789 4457 821 4499 aa
858 4444 1017 4504 diversitate
1058 4447 1112 4502 lum
1130 4447 1159 4516 (l
1171 4447 1231 4503 Cor.
1247 4461 1304 4514 mv,
1319 4443 1367 4518 20)
1386 4443 1490 4516 parvuli
1509 4444 1537 4499 in
1561 4442 1671 4500 Christo
1690 4437 1879 4498 cfficidebere

195 4528 347 4598 composui,
369 4543 450 4599 quam
474 4531 602 4586 omnibus
625 4531 716 4588 adhuc
740 4532 875 4588 occultam
899 4541 954 4590 tuae
978 4550 1017 4591 sa·
1058 4535 1215 4606 figuramur.

195 4617 319 4686 gacitatis
347 4625 518 4690 repraesento
547 4621 675 4686 exanimi,
706 4626 735 4676 ut
763 4629 920 4693 susceptum
949 4637 1016 4696 opo·
1093 4625 1152 4680 lloc
1167 4637 1232 4694 ergo
1250 4622 1390 4692 expedito,
1406 4622 1482 4678 hera
1499 4621 1590 4678 noctis
1614 4625 1642 4676 ει
1656 4619 1712 4675 diel
1733 4619 1811 4690 Juxta
1834 4632 1880 4674 ca·

195 4705 299 4762 scotuna
324 4709 464 4779 inspicias,
481 4715 508 4765 et
532 4709 705 4780 inspiciendo
729 4725 799 4777 carn,
821 4727 929 4782 precor,
950 4713 1016 4771 dili·
1058 4713 1184 4770 uooicam
1208 4713 1408 4769 institutionem
1428 4713 1512 4768 certis
1536 4709 1707 4780 temporibus
1731 4708 1880 4765 observen-

194 4793 313 4864 geotiam
332 4797 473 4866 adhibeas,
490 4814 544 4869 qua
559 4805 586 4856 te
607 4799 688 4856 nobis
706 4814 767 4856 euro
787 4816 847 4856 esse
866 4803 1015 4873 sigoihces,
1058 4807 1121 4868 tur;
1137 4809 1165 4857 et
1180 4801 1306 4860 canonici
1324 4801 1359 4857 ad
1379 4800 1522 4858 ecclesiam
1542 4792 1570 4862 la
1590 4799 1689 4856 devote
1709 4808 1880 4867 coumcgeu·

195 4894 276 4951 quem
305 4881 334 4935 in
367 4890 529 4950 paternitate
558 4903 590 4946 ac
624 4889 782 4958 magisterio
812 4895 854 4945 sat
885 4891 1017 4949 decenter
1057 4891 1247 4961 turaquthus
1269 4890 1306 4944 lta
1321 4895 1351 4945 ut
1366 4889 1506 4954 scribitur,
1523 4903 1573 4958 per
1596 4893 1683 4944 totum
1705 4885 1769 4942 annl
1789 4884 1879 4939 circn-

195 4969 319 5026 erhibes.
344 4971 400 5024 Tua
423 4975 524 5044 qnippe
548 4975 641 5044 refert,
660 4983 690 5033 ut
712 4976 736 5031 sl
761 4975 851 5045 aliqua
875 4980 930 5035 sint
954 4996 1015 5052 quaa
1057 4979 1112 5034 lum
1128 4978 1314 5036 ecclesiastica
1337 4975 1426 5034 oitlcia
1449 4983 1574 5048 agentur.
1598 4977 1666 5046 Quia
1680 4988 1745 5030 varo
1760 4977 1879 5047 quatuor

195 5059 303 5132 valeant
322 5067 436 5133 paterno
455 5061 552 5120 allecto
577 5067 645 5123 velis
664 5079 796 5132 annuere,
811 5067 834 5121 si
850 5081 914 5124 voro
934 5085 1016 5128 econ·
1057 5069 1201 5125 elementis
1223 5067 1416 5127 subsistentes,
1440 5065 1582 5122 hominum
1607 5071 1688 5122 nocte
1712 5079 1745 5120 ac
1768 5063 1813 5120 die
1838 5061 1880 5140 ol7

195 5155 247 5214 tra,
264 5149 402 5220 vigilantis
423 5149 571 5219 magisterii
596 5169 711 5213 censura
734 5155 884 5228 corrigere.
900 5160 1016 5228 Quodsi
1056 5157 1202 5220 leodimus,
1228 5157 1340 5226 diguunt
1365 5160 1406 5210 cst
1436 5161 1465 5209 ut
1488 5161 1587 5224 quater
1614 5160 1695 5211 nocte
1724 5157 1752 5207 ct
1775 5151 1821 5208 die
1850 5152 1879 5208 iu

194 5237 261 5296 utile
290 5245 318 5293 et
345 5245 432 5295 ratum
462 5246 507 5294 tua
531 5244 694 5301 auctoritate
722 5253 860 5314 censetur,
876 5247 915 5318 (4)
940 5255 1015 5318 post·
1057 5249 1175 5319 hymnis,
1196 5253 1224 5304 et
1247 5243 1368 5316 psalmis,
1386 5249 1413 5298 et
1436 5246 1611 5302 orationihus
1635 5243 1681 5300 bei
1706 5241 1880 5312 omnipoten-

195 5341 275 5398 quam
293 5327 327 5383 da
347 5327 557 5399 metropolitana
576 5329 641 5385 sede
663 5333 766 5391 stillare
786 5334 948 5402 videbimus,
970 5317 1132 5401 ea-Dttam,
1158 5335 1332 5404 antiquorum
1357 5333 1480 5404 exempla
1503 5339 1651 5399 sectantes,
1677 5329 1787 5403 placare
1817 5335 1879 5385 stn-

195 5429 296 5471 nouum
320 5421 421 5472 statuta
444 5423 602 5490 sequentes,
623 5425 724 5476 nostrae
747 5424 895 5496 propinare
919 5426 1015 5482 stude·
1056 5425 1186 5488 dcamus;
1213 5419 1312 5476 &dtas
1336 5422 1407 5478 enim
1432 5436 1447 5478 a
1471 5423 1629 5494 captivitate
1649 5417 1815 5490 Babylonica
1831 5431 1878 5474 re·

193 5505 293 5562 bimus·
1055 5527 1151 5570 versas
1173 5509 1214 5580 (11
1234 5507 1315 5568 Eadr.
1340 5524 1376 5580 tx,
1402 5509 1427 5582 3)
1452 5511 1584 5583 populum
1613 5509 1793 5566 israeliticum
1825 5505 1878 5576 (10)

230 5592 403 5662 Propositum
431 5603 534 5651 sanctae
563 5595 705 5666 religionis
728 5596 756 5650 tn
785 5601 881 5667 primis
904 5609 1015 5671 oportet
1056 5607 1153 5671 quater
1177 5603 1257 5656 nocte
1280 5605 1308 5654 et
1331 5599 1375 5655 die
1403 5600 1514 5657 domiuo
1536 5597 1702 5670 psalleread
1716 5591 1877 5667 elusmlse·

192 5681 311 5739 clericos
338 5681 366 5738 ln
395 5683 528 5747 mullus,
555 5684 660 5748 habitu,
681 5689 708 5738 et
735 5683 843 5742 incessu
869 5689 912 5762 (5)
936 5693 1013 5762 juxta
1055 5688 1202 5746 ricordiam
1235 5688 1436 5762 provocandam
1468 5687 1599 5746 instituit.
1640 5685 1779 5758 Propheta
1811 5696 1878 5743 vere
