4106 6178
851 317 1014 374 rotabunt
1034 315 1207 374 OPUSCULd
1226 317 1335 374 bunia.

615 604 841 693 CARMEN
869 602 1146 691 FOLCARDI
1178 603 1250 689 DE
1286 603 1330 689 S.
1366 603 1571 692 VIGORE

827 789 960 856 (bunnar,
975 787 1071 860 spicil.
1086 791 1142 844 vet.
1161 787 1208 844 ed.
1228 788 1272 856 ii,
1287 786 1363 860 stc.)

254 1024 334 1078 Festa
348 1020 408 1078 dies
421 1019 509 1077 Patris
524 1017 618 1076 rutilat
631 1015 797 1074 celebranda
810 1015 929 1088 Vigoris,
1081 1017 1226 1080 Allxsnlat
1241 1031 1306 1090 ergo
1323 1016 1419 1090 procul
1434 1017 1480 1076 bic
1495 1018 1703 1078 seminiverbius
1716 1023 1794 1092 exsul,

254 1111 362 1167 Patrem
376 1111 499 1181 11313333,
511 1121 592 1180 quem
606 1106 718 1164 fratrem
732 1105 834 1177 gaudet
845 1106 971 1163 Atrebas.
1117 1107 1244 1163 Tendens
1258 1107 1292 1164 ad
1308 1106 1439 1178 populum
1454 1107 1508 1164 sibl
1521 1107 1630 1166 caelitus
1644 1109 1806 1180 insinuatum,

254 1201 341 1271 liujus
354 1204 431 1270 grata
445 1200 501 1255 Deo
514 1196 643 1270 genitrix,
654 1209 789 1268 generosa
803 1196 897 1266 virago
1116 1196 1188 1253 Urbs
1201 1201 1243 1253 est
1258 1197 1381 1266 Baiocas,
1397 1211 1477 1267 quam
1493 1198 1583 1268 prisca
1597 1199 1720 1256 Naustria
1733 1207 1856 1260 monstras,

254 1289 371 1361 Pignore
386 1287 420 1344 33
439 1292 516 1344 13313
535 1287 609 1357 33311
622 1290 760 1342 assertore
775 1297 897 1354 superno
1116 1285 1263 1342 11333333
1279 1291 1308 1341 ut
1323 1284 1422 1342 doceat
1436 1300 1507 1357 quos
1520 1286 1622 1357 impius
1637 1302 1713 1346 error
1726 1289 1837 1359 babebat,

253 1379 361 1446 Natum,
377 1391 459 1448 quem
473 1383 572 1449 gestat,
586 1375 728 1432 benedixit
739 1374 801 1431 diva
816 1379 949 1445 potestas,
1115 1373 1207 1431 Gratia
1221 1375 1352 1430 virtutum
1368 1374 1471 1430 Christi
1486 1375 1634 1432 comitatur
1646 1375 1784 1435 alumnum.

253 1468 429 1540 sacravitque
443 1467 508 1538 sibi,
524 1471 625 1525 cuncto
640 1467 758 1522 sacravit
772 1470 800 1522 et
814 1464 885 1522 orbi.
1115 1465 1236 1534 Quaque
1269 1461 1397 1520 docendo
1421 1470 1534 1532 monet,
1567 1464 1655 1537 siguis
1681 1467 1786 1537 probat,
1814 1471 1895 1526 actibus

252 1558 380 1615 Nascitur
394 1571 460 1630 ergo
480 1571 549 1629 puer
559 1555 646 1612 forma
660 1554 813 1626 speciosus,
830 1558 857 1610 et
872 1552 942 1610 alter
1806 1559 1893 1631 [implet.

253 1646 297 1703 Fit
314 1647 432 1714 Samuel,
449 1646 564 1703 Domino
579 1645 734 1716 condignus
753 1645 787 1700 ab
802 1657 892 1714 ungue
907 1640 1020 1698 1333113.
1116 1641 1226 1698 Viribus
1240 1655 1391 1715 exsangues
1406 1643 1553 1713 reparavit,
1573 1643 1679 1716 depulit
1697 1660 1799 1720 angues,

253 1736 369 1807 Moxque
385 1737 452 1806 jugo
466 1734 574 1791 Domini
594 1733 732 1790 subclinat
746 1732 818 1788 13313
833 1731 907 1797 33111,
1115 1730 1155 1786 td
1174 1744 1290 1801 superos
1303 1731 1359 1787 vita
1372 1730 1495 1788 iunctum
1510 1733 1579 1790 taxit
1594 1748 1675 1804 prece
1689 1734 1754 1792 1333.

252 1822 427 1895 13133133333
440 1824 517 1896 gregi
532 1822 683 1880 monachus
697 1836 766 1891 puer
783 1819 974 1878 atrebatensi:
1116 1819 1164 1875 llis
1177 1818 1297 1890 populus
1310 1820 1385 1890 visis,
1400 1835 1429 1878 se
1444 1822 1530 1878 sacris
1544 1821 1661 1881 devovet
1674 1825 1768 1894 undis;

253 1913 404 1970 Proiciens
418 1913 526 1970 cunctis
541 1912 677 1979 Patribus,
693 1909 811 1981 proiecit
824 1909 859 1965 ab
874 1909 939 1976 illis,
1115 1909 1317 1979 113333331133
1332 1909 1437 1980 prolem
1452 1913 1588 1981 33333331
1602 1912 1825 1982 133113133333331,

254 2002 373 2073 inclytus
387 1999 434 2058 1113
449 2016 528 2072 3333,
544 2001 651 2057 3333113
670 2000 811 2070 subjectus
824 2003 948 2056 ovanter.
1114 1998 1213 2055 833313
1229 1997 1321 2069 vigor,
1337 2013 1472 2070 generas:
1488 2013 1582 2058 sacras
1601 2003 1647 2060 cui
1660 2003 1781 2061 solvimus
1793 2005 1855 2062 odas.

252 2094 309 2148 lam
324 2090 464 2162 quoddam
479 2092 566 2161 majus
580 2090 728 2147 meditatur
743 2088 796 2145 tiro
810 2088 918 2155 beatus,
1098 2085 1295 2144 'Flammarum
1311 2085 1441 2153 domitor,
1457 2091 1505 2161 qui
1524 2090 1621 2148 mundi
1631 2091 1780 2163 comprimis
1792 2091 1860 2164 ignes,

252 2181 311 2238 Fiat
324 2187 355 2238 ut
368 2194 384 2236 3
399 2180 487 2251 331313
499 2179 653 2251 peregrinis
672 2192 734 2235 cum
749 2177 914 2248 3313133333.
1080 2163 1154 2233 ΒΝ3
1169 2189 1220 2233 333
1234 2181 1359 2246 exurant,
1379 2178 1501 2235 dammas
1515 2194 1661 2252 compesce
1675 2181 1805 2253 gebenna.

434 2476 872 2610 FOLGARDI
929 2471 1397 2605 OPUSCULA
1449 2477 1743 2636 DUBIA.

802 2810 945 2906 VITA
975 2809 1023 2916 S,
1053 2807 1380 2908 AUDOMARI

883 3005 1025 3052 srlscorl
1042 3007 1294 3052 TBRWENNENSIS

248 3144 382 3228 Scripta
414 3145 452 3211 ab
484 3157 615 3212 auctare
643 3164 819 3230 33333333,
856 3143 915 3229 qui
946 3153 1021 3209 aute
1054 3141 1327 3209 Narmauuo'raru
1363 3145 1492 3212 cladem
1514 3146 1636 3215 vicisse
1659 3151 1804 3216 videtur:
1824 3149 1892 3234 apud

292 3233 433 3300 Surium
455 3246 632 3314 contracta,
659 3245 689 3299 et
713 3233 911 3316 interpolata
933 3232 1069 3315 sortasse
1092 3232 1112 3296 3
1136 3231 1301 3297 Folcardo
1324 3235 1484 3300 33333333
1508 3235 1694 3305 Sitlu'vcrtsr‘
1721 3239 1824 3306 333313
1843 3255 1889 3306 xv:

292 3324 442 3390 resoluta
464 3325 511 3390 ad
534 3324 765 3410 apographum
789 3321 984 3388 Corbcr'euae.

610 3465 696 3538 (Apud
716 3465 912 3522 1113331313
931 3463 985 3521 SS.
1002 3460 1061 3518 333.
1082 3462 1114 3519 8.
1134 3463 1246 3532 amad..
1265 3467 1335 3522 Saec.
1356 3466 1391 3535 ll,
1408 3480 1470 3538 pag.
1487 3467 1562 3540 559.)

754 3653 1072 3812 Ι33333333
1099 3723 1387 3814 mucronis

282 3885 307 3942 l.
344 3889 458 3946 Domino
495 3892 687 3961 omnipotenti,
724 3904 867 3948 munerum
898 3872 1890 3972 33131133υωῦ133,3333333333131133331313333331313333333313

245 3988 458 4047 magnarumque
486 3980 615 4035 virtutum
648 3980 782 4052 largitori,
812 3979 979 4050 multiplicas
1000 3992 1065 4050 gra·
1107 3975 1136 4030 13
1164 3981 1291 4038 omnibus
1323 3985 1417 4042 muudi
1450 3988 1574 4058 partibus
1606 4005 1669 4049 esse
1696 3987 1827 4053 33333333,
1851 3989 1889 4040 eta.

245 4063 298 4118 tias
323 4063 472 4136 laudesque
495 4067 606 4124 sedulas
633 4067 726 4126 dicere
754 4070 897 4136 debemus,
926 4069 984 4140 qui,
1007 4080 1065 4124 om·
1107 4067 1185 4126 Unde
1199 4072 1419 4133 occidentalibus
1445 4079 1539 4136 mundi
1558 4081 1695 4150 partibus,
1718 4079 1890 4137 3133133333

246 4152 320 4208 nium
345 4160 530 4212 creaturarum
555 4155 701 4212 visibilium
726 4162 753 4213 et
771 4157 947 4213 invisibilium
962 4155 1066 4212 Condi·
1107 4158 1184 4216 ribus
1198 4160 1368 4232 decoratum,
1384 4166 1471 4238 signis
1488 4183 1520 4226 aa
1538 4171 1689 4228 virtutibus
1702 4171 1729 4227 13
1743 4167 1824 4226 multis
1835 4162 1890 4220 orbis

245 4247 290 4298 133
312 4247 339 4298 31
367 4243 536 4314 gubernator
556 4245 686 4312 existens,
712 4246 808 4302 lilium
832 4260 911 4302 sunm
936 4243 1064 4316 unigeni·
1107 4249 1231 4318 partibus
1250 4257 1344 4308 notum
1367 4255 1550 4314 audomarum
1577 4259 1617 4330 (S.
1640 4259 1728 4332 03333)
1743 4253 1889 4328 apostolicum

245 4339 302 4389 tum
316 4334 460 4392 bominum
480 4343 603 4392 nostrum
622 4338 714 4394 lesum
733 4337 870 4394 Christum
898 4334 932 4392 ad
959 4335 1066 4392 docen-
1106 4337 1219 4395 donavit
1241 4340 1394 4400 doctorem.
1423 4345 1488 4403 ideo
1512 4353 1549 4416 13,
1574 4350 1647 4407 Deus
1669 4350 1835 4421 omnipotens,
1854 4353 1891 4412 pet

244 4421 294 4478 das
330 4422 559 4496 redimendasque
601 4427 763 4498 omnigenas
796 4430 892 4496 gentes
924 4425 998 4481 misit
1030 4423 1078 4482 33ί
1106 4428 1226 4499 gloriosa
1250 4431 1373 4501 ejusdem
1397 4435 1536 4504 pontilicis
1556 4438 1711 4508 patrocinia
1733 4435 1889 4509 3333333311

244 4520 342 4582 terras,
358 4517 412 4569 etc.
428 4513 479 4581 Qui
493 4515 602 4572 dnobus
621 4522 648 4571 et
672 4515 767 4573 decem
786 4515 920 4586 apostolis
933 4514 967 4572 33
985 4515 1065 4572 turba
1106 4517 1229 4590 largitlua
1248 4525 1303 4578 tuae
1325 4524 1468 4594 3331331133
1493 4527 1528 4583 33
1548 4530 1678 4596 supernis
1699 4530 1792 4586 333313
1812 4519 1890 4580 nutis

244 4603 329 4659 totius
351 4603 461 4673 generis
484 4603 594 4661 bumanl
613 4604 719 4673 electis,
740 4605 809 4661 alios
827 4618 938 4676 quoque
952 4604 1065 4661 31133133
1105 4605 1171 4663 11331
1194 4611 1336 4668 maculatis
1359 4615 1497 4672 mentibus
1520 4631 1615 4682 rorare
1649 4618 1787 4684 concedas,
1812 4619 1844 4678 ut.
1864 4609 1888 4665 dl

243 4693 350 4750 ordinis
372 4693 514 4764 sexaginta
527 4700 556 4751 et
570 4693 641 4752 dnos
664 4695 824 4766 regionibus
838 4693 908 4750 albis
922 4708 957 4751 33
972 4694 1064 4751 multae
1106 4695 1174 4750 tanti
1197 4697 1248 4754 viri
1268 4701 1373 4758 meritis
1387 4707 1469 4774 31333
1484 4705 1632 4765 3131311333
1646 4723 1708 4780 quaa
1722 4721 1768 4780 per
1781 4703 1843 4761 illum
1856 4707 1888 4754 tm

243 4781 363 4852 operarii
377 4781 505 4840 deessent
520 4785 602 4840 messi
613 4784 695 4854 lubet
712 4785 892 4856 Omnipotens
913 4784 1064 4855 discipulos
1104 4785 1191 4854 gratia
1213 4789 1298 4858 gessit
1320 4793 1392 4848 scire
1416 4794 1550 4862 volentes,
1566 4797 1632 4854 licet
1655 4798 1689 4855 33
1713 4794 1808 4868 magnis
1827 4801 1888 4861 333

130 4896 133 4902 2
243 4887 303 4928 esse
326 4886 401 4940 suos,
425 4872 531 4944 bosque
550 4873 580 4929 iu
602 4874 745 4931 coenaculo
767 4875 833 4930 Sion
861 4879 956 4930 sancto
976 4874 1064 4944 spira·
1104 4887 1136 4930 33
1160 4874 1195 4931 de
1215 4876 1308 4934 multis
1330 4893 1417 4949 pauca
1431 4881 1593 4953 depromere
1609 4887 1751 4957 possimus.
1766 4881 1823 4953 Quis
1834 4875 1888 4935 3313

242 4963 315 5019 mine
339 4961 471 5034 repletos,
491 4963 668 5033 omniumque
686 4963 840 5036 linguarum
856 4963 973 5020 mirabili
989 4962 1062 5021 douo
1104 4964 1290 5033 quotidianam
1314 4969 1374 5038 ejus
1397 4975 1632 5031 conversationem
1656 4981 1737 5047 atque
1751 4971 1829 5030 131131
1845 4981 1887 5023 scr·

242 5052 354 5122 ditatos,
394 5052 429 5108 ad
466 5051 606 5110 docendas
638 5053 870 5124 baptizandasque
902 5055 1062 5125 omnigenas
1102 5051 1168 5109 vitio
1189 5057 1380 5126 constantiam,
1406 5065 1575 5134 cunctosque
1599 5064 1707 5121 labores
1729 5061 1835 5135 quasin
1854 5069 1886 5112 oc·

242 5145 338 5210 gentes
360 5140 401 5198 ire
425 5139 568 5212 praecepit,
588 5145 643 5196 etc.
660 5141 725 5196 Post
740 5140 791 5198 bas
805 5145 923 5212 postque
937 5142 1060 5213 ipsorum
1103 5143 1188 5210 culto,
1212 5147 1268 5204 1133
1292 5151 1397 5206 mutum
1421 5156 1501 5220 teste,
1521 5160 1651 5225 operatus
1674 5161 1724 5219 est,
1746 5151 1885 5218 3313331333

241 5243 416 5288 successores
437 5229 507 5286 alios
529 5228 655 5287 bomiues
673 5229 751 5301 agios
772 5230 820 5286 1131
842 5232 931 5302 gratia
952 5231 1335 5308 33331-1133333333313311

960 5461 1200 5522 compotistam
