4036 6162
95 288 143 342 sis
610 291 766 349 ursionis
784 291 1059 350 uunlotanndsts.
1079 321 1116 331 —
1134 290 1197 347 LlB.
1217 291 1250 347 ιι.
1717 294 1771 350 sta

97 410 175 469 brosii
198 411 303 479 sedem,
332 415 375 468 ιι·
390 413 478 470 sancti
507 413 728 484 praedecessores
752 415 944 487 apostolicih
954 421 1094 488 postremo
1108 427 1174 472 vero
1189 413 1224 470 ab
1238 412 1292 470 allo
1306 413 1372 483 vita,
1386 427 1449 484 quae
1467 423 1510 472 est
1528 414 1678 488 pretiosior
1692 434 1773 492 auro,

97 501 180 572 patrio
199 500 297 558 dilexit
315 499 424 559 aflectu.
449 501 527 560 Unde
543 502 655 561 dolores
669 504 759 576 magni
774 511 802 560 et
816 505 910 576 dupli·
953 518 1018 562 ense
1029 502 1207 576 regiocapite
1217 503 1340 560 abscisso
1350 502 1534 562 auferebatur.
1547 506 1774 578 intereaquidam

97 590 146 647 cati
161 589 240 647 cordi
261 589 399 648 inhaerent
423 605 496 661 meo,
512 600 634 650 sanctam
649 592 823 651 devotionem
837 593 911 650 beati
952 597 1176 650 transmontanus
1199 595 1263 648 ante
1278 592 1452 662 imperatoris
1466 594 1653 664 praesentiam,
1669 610 1774 652 summa

95 679 209 736 inventii
235 686 263 736 et
280 681 400 752 Crispini
423 695 545 740 necnon
564 691 593 740 ιι
611 683 825 740 reverentissimi
843 682 911 754 Epi·
952 682 1128 740 multitudine
1153 682 1359 750 circumstante,
1379 682 1414 739 de
1433 688 1510 740 curte
1527 685 1610 741 Leuci
1625 698 1709 755 super
1722 687 1776 742 lle-

97 767 157 824 fanii
185 769 281 825 sedule
300 783 481 842 cognoscens,
512 787 592 844 quam
616 774 645 828 in
672 779 766 830 nostra
793 773 911 830 ecclesia
952 773 1085 829 ribertum
1104 770 1524 843 archiepiscopumconqnestus
1538 780 1590 830 est.
1607 775 1666 831 lloc
1680 773 1775 830 audito

95 859 189 915 devote
208 865 239 915 ut
261 866 374 916 matrem
402 866 588 918 sustentantes
615 862 819 933 impenderunt.
848 863 910 930 Qui,
952 863 1115 919 heribertus
1133 861 1185 918 hac
1199 860 1389 932 indignatione
1411 863 1536 919 turbatus
1554 878 1644 934 neque
1660 877 1777 934 respon-

95 961 151 1003 cum
182 953 275 1004 nostra
300 948 427 1017 ecclesia,
457 951 652 1020 imperatorum
677 957 705 1007 et
733 958 911 1022 tyrannorum
953 951 1019 1008 dere
1040 964 1129 1021 neque
1148 948 1298 1007 defendere
1323 965 1384 1007 sese
1404 951 1519 1022 paravit.
1535 953 1685 1010 'landeme
1705 951 1775 1009 solio

94 1037 196 1093 sevitia
220 1036 286 1094 oiim
312 1043 422 1109 pastore
444 1039 565 1108 viduata,
589 1041 639 1097 bei
656 1040 796 1111 adjutorio
820 1055 910 1113 quan·
953 1052 1132 1111 consurgens,
1154 1038 1346 1110 hujuscemodi
1364 1040 1467 1108 verbis,
1483 1047 1514 1097 ιι
1533 1055 1581 1098 ιιι
1595 1044 1713 1114 spatium
1727 1057 1777 1112 per

95 1128 184 1198 doque
208 1132 359 1186 sustentata
378 1129 527 1202 docuisset,
547 1129 634 1199 ipsam
658 1131 787 1202 benignis
804 1145 912 1188 ammo·
953 1128 1091 1185 induciam
1107 1127 1195 1196 daret,
1222 1128 1359 1199 quaesivit.
1388 1129 1466 1187 Unde
1491 1132 1584 1188 multis
1599 1132 1777 1189 conlatranti-

93 1216 244 1273 nitionibus
277 1223 305 1274 et
345 1219 600 1275 consecrationibus
628 1217 796 1286 refoverunt,
830 1220 913 1290 hujus
953 1218 1005 1274 bus
1024 1225 1051 1274 ιι
1066 1232 1158 1289 regem
1173 1217 1201 1273 in
1216 1217 1284 1274 iram
1300 1219 1525 1288 provocantibus,
1545 1235 1630 1291 super
1643 1221 1776 1278 lieriber-

92 1309 195 1363 sanctae-
209 1306 334 1364 ecclesiae
348 1308 563 1378 primiceriatum
578 1314 606 1365 et
620 1309 741 1366 omnium
756 1314 912 1365 nostrorum
954 1311 1010 1364 tum
1029 1307 1115 1363 nimio
1133 1305 1198 1364 odio
1213 1305 1293 1362 zelati
1308 1313 1381 1364 sunt.
1394 1309 1489 1378 ltaque
1500 1309 1547 1365 ubi
1559 1309 1612 1366 hoc
1627 1311 1778 1380 imperator

93 1395 286 1466 episcoporum
315 1397 497 1468 providentia
526 1399 735 1470 prerogativam
766 1399 910 1466 habentes,
955 1398 1092 1468 cognovit,
1118 1397 1159 1453 ira
1183 1402 1211 1453 ιι
1236 1397 1369 1454 malornm
1388 1398 1479 1455 verbis
1494 1405 1657 1468 commotus,
1674 1401 1778 1460 oblitus

93 1485 352 1556 praesertfmquanti
365 1487 642 1558 amorisquantaaque
652 1487 804 1560 diligentiae
817 1492 913 1543 sancto
955 1485 1030 1557 quod
1046 1499 1108 1541 cum
1124 1485 1270 1542 floriberto
1291 1485 1382 1543 foedus
1402 1486 1562 1553 foedaverat,
1578 1487 1656 1545 ferali
1675 1490 1716 1546 ira
1730 1504 1777 1546 re-

93 1573 247 1631 confessori
266 1579 363 1632 nostro
387 1574 438 1633 fuit
461 1577 615 1643 Ambrosio,
632 1578 690 1647 qui,
711 1578 834 1647 quamvis
848 1589 913 1632 cor·
955 1575 1056 1646 pietus,
1084 1574 1295 1647 archiepiscopo
1325 1581 1356 1632 ιι
1384 1574 1544 1633 lamentanti
1563 1577 1651 1650 legem
1676 1577 1780 1636 faceret

92 1662 167 1731 poris
189 1662 314 1720 molestia
336 1669 505 1735 gravaretur,
530 1665 599 1721 inibi
617 1665 789 1723 sacerdotem
808 1665 837 1720 in
856 1663 915 1734 epi·
955 1664 1109 1736 imperavit.
1132 1666 1191 1733 Quo
1205 1670 1361 1732 recusante,
1387 1679 1436 1722 ιιι
1454 1667 1514 1736 ipse
1538 1681 1554 1722 e
1575 1668 1646 1724 solio
1666 1681 1780 1725 consur·

92 1765 178 1822 scopo
194 1765 276 1808 mauu
291 1753 403 1824 propria
417 1753 547 1811 ordinare
563 1756 677 1811 curavit.
699 1773 713 1808 ι
733 1757 792 1824 Quo
807 1742 1025 1828 audito,Bgens
1039 1755 1127 1826 regio,
1144 1759 1174 1810 ut
1188 1754 1351 1812 lleribertus
1375 1761 1552 1826 capereretur
1577 1758 1722 1828 praecepit.
1746 1761 1781 1814 ht

91 1841 193 1897 animis
229 1843 350 1898 omnium
383 1843 618 1900 circumstantium
651 1844 737 1916 magis
768 1858 801 1900 ac
829 1847 915 1916 magis
957 1845 1069 1912 milites,
1086 1849 1196 1914 quanta
1216 1844 1358 1916 dignitatis
1381 1853 1547 1916 quantaque
1567 1845 1780 1918 magnificentiae

92 1929 348 1998 exardescentibus,
372 1932 419 2002 qui
439 1931 524 1988 multa
541 1945 614 1989 sarva
637 1946 669 1989 ac
694 1947 792 2002 aspera
819 1933 915 2003 praelia
956 1934 1120 1991 heribertus
1147 1941 1221 1990 esset
1249 1939 1459 2005 cognoscentes,
1484 1935 1614 1992 timentes
1632 1949 1729 1992 manus
1748 1935 1781 1992 in

91 2019 127 2074 ob
142 2019 219 2076 beati
240 2020 379 2078 Ambrosii
394 2034 525 2090 amorem,
551 2022 627 2081 caede
650 2021 713 2079 data
736 2023 869 2080 immensa
883 2038 916 2080 ac
957 2021 1034 2079 illum
1050 2019 1170 2090 mittere,
1187 2021 1297 2093 paulum
1321 2025 1496 2080 sustiterunt.
1518 2024 1631 2080 bemum
1651 2024 1783 2080 lleriber·

91 2109 180 2164 alteo
205 2108 268 2166 data
290 2111 405 2167 victoria
424 2112 621 2180 sustinuemnt,
643 2126 709 2168 crux
727 2126 809 2183 quam
823 2114 915 2169 Eure·
956 2117 1002 2166 tus
1023 2125 1115 2181 regem
1137 2110 1172 2166 ad
1196 2109 1340 2180 pristinam
1365 2111 1525 2178 amicitiam,
1551 2113 1671 2183 qualiter
1689 2113 1718 2169 in
1737 2127 1782 2170 re-

90 2195 155 2252 bius
175 2197 229 2254 sibi
253 2198 384 2256 anteferri
410 2198 481 2258 fastu
505 2201 642 2272 superbiae
666 2202 860 2272 promittebat,
881 2203 915 2258 ab
957 2211 1012 2270 gno
1027 2198 1087 2268 ipse
1102 2212 1164 2253 eum
1187 2198 1361 2268 adjuvaverat
1384 2205 1412 2255 et
1426 2206 1539 2256 strenue
1555 2199 1659 2256 fecerat
1677 2200 1782 2258 viribus

88 2283 153 2354 ipso
179 2301 284 2344 summa
310 2288 465 2345 humilitate
493 2303 525 2345 ac
543 2289 691 2346 devotione
710 2290 804 2347 debita
823 2304 916 2346 coram
958 2285 1096 2353 omnibus,
1126 2285 1189 2342 altis
1225 2299 1358 2343 rovocans
1381 2287 1473 2343 verbis
1507 2286 1609 2344 frustra
1636 2287 1781 2347 laboravit.

88 2376 168 2432 omni
194 2376 372 2433 multitudine
396 2376 515 2434 refutata
533 2385 593 2447 est;
619 2393 681 2448 quae
705 2393 793 2450 usque
822 2379 915 2446 hodie,
958 2376 1106 2432 Venientes
1128 2380 1220 2432 autem
1244 2388 1327 2432 canes
1352 2375 1467 2446 palatini
1480 2379 1508 2432 ct
1526 2376 1670 2433 saevissimi
1683 2377 1784 2434 leuto-

86 2462 244 2533 plurimum
268 2465 390 2535 crystalli
420 2465 534 2534 babens,
551 2466 580 2522 in
598 2473 702 2523 sancta
720 2467 812 2524 btarlae
826 2482 918 2525 secrc-
958 2465 1025 2531 nici,
1040 2466 1088 2536 qui
1107 2465 1235 2521 nesciunt
1258 2463 1325 2535 quid
1349 2465 1386 2520 sit
1409 2465 1481 2521 iuter
1508 2464 1648 2521 dexteram
1668 2474 1697 2522 et
1716 2467 1785 2522 sini-

85 2553 165 2608 tario
182 2551 211 2608 in
234 2553 393 2610 testimonio
413 2560 588 2624 posterorum
603 2556 736 2612 decenter
751 2556 915 2612 custoditur.
958 2558 1042 2610 stram
1060 2551 1134 2624 (80),
1154 2558 1181 2609 et
1197 2555 1321 2623 jumenta
1345 2553 1440 2621 multa,
1457 2553 1633 2611 heribertum
1653 2554 1785 2612 detinue-

120 2640 173 2694 22.
204 2640 258 2697 Per
280 2641 315 2694 ¹⁹¹.
337 2642 410 2699 idem
433 2648 542 2715 tempus
567 2643 664 2717 (1037)
686 2659 747 2702 cum
775 2645 918 2702 conradus
959 2649 1033 2698 runt.
1054 2643 1112 2698 lloc
1145 2641 1217 2698 facto
1250 2643 1340 2699 omnis
1370 2641 1443 2714 regis
1475 2648 1504 2699 ot
1531 2642 1601 2715 legis
1632 2644 1712 2717 vigor
1739 2643 1782 2714 m,

85 2729 246 2800 imperator
272 2731 375 2800 Papiae,
405 2732 601 2790 circumstante
629 2735 763 2803 exercitu,
790 2735 918 2805 imperia-
956 2732 1099 2803 judicibus
1125 2735 1154 2787 et
1181 2731 1299 2788 ducibus
1327 2733 1510 2803 omnibusque
1537 2734 1677 2805 episcopis
1700 2740 1783 2806 atque

86 2815 165 2875 libus
182 2815 351 2890 praefulgens
379 2820 559 2892 dignitatibus
578 2823 760 2893 consedisset,
783 2824 919 2880 universis
959 2819 1166 2878 marchionibus
1189 2833 1239 2890 per
1260 2819 1368 2877 diversa
1393 2819 1510 2890 quadam
1535 2821 1576 2876 ira
1592 2823 1737 2880 commotis
1752 2837 1784 2879 ac

87 2907 136 2977 qui
158 2906 341 2965 ecclesiarum
360 2909 494 2967 beneficia
512 2912 678 2980 invaserant,
695 2918 743 2968 ant
762 2911 810 2983 qui
830 2913 918 2969 homi·
960 2908 1200 2980 perstrepentibus
1211 2908 1254 2976 Μ,
1268 2909 1421 2966 dissolutus
1435 2916 1487 2966 est.
1503 2912 1562 2978 Quo
1573 2910 1697 2980 detento,
1714 2909 1784 2969 fama

88 2996 165 3052 cidia
191 2997 295 3068 injuste
320 2999 525 3070 commiserant,
545 3005 593 3057 aut
607 3001 794 3071 orphanorum
809 3007 856 3058 ιιι
875 3002 919 3058 vi·
960 2998 994 3054 ad
1015 2997 1143 3055 concives
1157 3011 1189 3055 ac
1203 2997 1276 3055 illios
1288 2987 1477 3070 suosbeoque
1488 2998 1633 3070 adoptivos
1651 3001 1784 3058 citissime

88 3084 210 3142 duarum
225 3086 330 3156 praedia
349 3088 516 3146 devastando
536 3091 732 3159 contriverant,
749 3097 778 3146 et
792 3061 1094 3158 omnibnssspervenit.
1125 3088 1276 3156 Propterea
1295 3087 1377 3160 hujus
1405 3087 1482 3144 urbis
1500 3088 1609 3146 nobiles
1632 3091 1693 3146 sinc
1707 3104 1785 3148 mora

88 3176 135 3245 qui
157 3175 265 3247 injuste
279 3191 294 3231 a
309 3176 422 3247 perfidis
436 3177 594 3236 hominibus
611 3193 661 3250 per
675 3178 794 3249 aliquam
810 3194 918 3236 causam
960 3189 1010 3246 per
1024 3189 1120 3232 omncs
1133 3174 1219 3232 ltaliae
1235 3181 1327 3246 partes
1346 3182 1499 3246 currentes,
1510 3177 1612 3235 multos
1625 3178 1784 3252 episcopos,

87 3263 301 3334 cruciabantur,
328 3271 359 3322 ut
386 3267 429 3322 sui
443 3267 553 3338 imperii
571 3268 650 3340 vigor
663 3268 800 3340 erigebat,
816 3282 920 3325 secun·
960 3265 1055 3334 duces,
1072 3265 1197 3322 civitates
1215 3265 1403 3336 sollicitando,
1417 3266 1563 3324 consilium
1575 3267 1701 3324 mirabile
1715 3269 1786 3325 inie-

86 3353 154 3410 dum
180 3354 273 3426 legem
300 3352 390 3412 facere
416 3356 563 3414 humanam
586 3362 615 3414 et
634 3357 761 3428 judicare
785 3357 917 3415 decrevit.
959 3361 1034 3410 mut.
1058 3355 1166 3411 interea
1190 3368 1287 3411 omnes
1309 3354 1555 3411 bledlolanensium
1569 3355 1707 3422 concives,
1729 3370 1786 3412 ma·

86 3443 186 3515 itaque
202 3443 381 3515 conspiciens
395 3446 499 3502 multos
514 3446 544 3502 in
558 3444 645 3503 ltalia
659 3447 785 3516 partibus
805 3446 921 3503 circum·
956 3447 1035 3515 iores
1072 3448 1153 3499 aetate
1186 3457 1218 3499 ac
1251 3443 1383 3510 minores,
1422 3443 1593 3510 sacerdotes,
1625 3443 1720 3501 clerici
1752 3460 1785 3502 ac

86 3547 205 3604 sparsos
234 3533 294 3590 sine
326 3533 397 3606 lege,
418 3536 478 3592 sine
502 3534 618 3600 foedcrc,
650 3537 724 3592 omni
748 3535 862 3592 dimisso
881 3535 920 3590 ti·
960 3537 1093 3589 matronae
1119 3531 1229 3587 nobiles
1247 3535 1276 3587 et
1298 3529 1535 3607 sanctimoniales,
1560 3532 1690 3588 omnibus
1704 3545 1786 3590 orna-

87 3635 166 3680 more
203 3622 393 3680 inhumaniter
420 3624 537 3680 invicem
575 3622 727 3692 offendere,
761 3630 792 3680 ut
823 3633 920 3680 omnes
961 3622 1062 3678 mentis
1086 3620 1212 3691 adjectis,
1244 3619 1338 3676 cinere
1358 3623 1387 3675 et
1414 3617 1507 3676 cilicio
1537 3618 1637 3687 induti,
1667 3634 1786 3692 corpora

86 3712 198 3770 amalo
226 3713 256 3768 iu
288 3714 391 3770 bonum
428 3719 582 3780 revocaret,
621 3713 752 3785 quatinus
784 3712 832 3784 qui
859 3713 920 3768 sine
961 3715 1120 3768 sanctorum
1131 3708 1246 3780 jejuniis
1264 3713 1292 3764 ct
1307 3707 1490 3776 orationibus,
1516 3707 1620 3764 litaniis
1634 3714 1662 3765 et
1680 3709 1787 3766 crebris

86 3801 148 3873 lege
165 3802 264 3860 omnia
289 3802 424 3860 habentes
446 3802 603 3873 promiscua
626 3801 732 3859 inlicite
758 3815 819 3858 sese
838 3815 920 3858 exer·
961 3798 1062 3870 vigiliis
1080 3800 1165 3855 baum
1185 3796 1368 3868 supplicando
1383 3797 1540 3854 visitabant.
1561 3799 1671 3855 Etcum
1687 3797 1787 3871 longa-

86 3897 218 3962 cuerant,
250 3905 300 3962 per
331 3891 419 3964 legem
447 3891 572 3949 districte
601 3891 803 3962 judicarentur,
828 3891 920 3947 edicto
959 3886 1108 3959 jejuniam
1122 3885 1179 3944 fcre
1206 3901 1294 3959 usque
1319 3887 1483 3944 adnectam
1508 3886 1654 3957 ducerent,
1677 3894 1786 3946 coctum

87 3993 138 4048 per
172 3980 302 4039 diversas
330 3980 415 4039 italia
444 3981 601 4052 provincias
631 3980 742 4037 volante
771 3978 854 4050 hujus
880 3978 920 4035 rei
961 3977 1037 4050 quod
1057 3977 1204 4036 comedere
1228 3977 1377 4046 debebant,
1407 3977 1575 4048 pauperibus
1597 3993 1702 4036 summa
1724 3993 1786 4037 cum

87 4081 173 4126 causa
209 4069 285 4126 diem
318 4069 423 4126 statuit.
461 4072 521 4139 Quo
558 4069 653 4127 andito
687 4067 805 4140 orphani
843 4066 921 4124 multi
962 4068 1117 4134 reverentia
1146 4067 1316 4136 tribuebant,
1350 4066 1436 4138 quod,
1468 4067 1544 4125 velut
1575 4066 1639 4124 tiliis
1671 4068 1788 4126 mortuis

86 4156 242 4230 viduaeque
279 4158 383 4226 multa,
426 4158 622 4230 quamplurimi
661 4157 748 4215 duces
786 4156 920 4227 multique
962 4157 1093 4228 omnique
1118 4157 1272 4214 substantia
1300 4157 1482 4214 habitantium
1501 4158 1607 4215 viribus
1629 4158 1787 4230 iniquorum

87 4247 233 4318 episcopi,
249 4246 324 4304 velut
351 4261 423 4317 aqua
449 4247 479 4303 in
506 4248 625 4314 sentina,
647 4246 731 4317 Papia
752 4251 815 4301 ιιιι
830 4246 920 4316 impe·
962 4247 1070 4315 abrasa,
1086 4247 1159 4303 tristi
1180 4247 1258 4303 vultu
1281 4251 1309 4302 et
1332 4246 1460 4304 moerenti
1481 4247 1572 4303 animo
1587 4246 1786 4305 consistebant.

88 4335 194 4391 ratoris
208 4339 354 4404 aspectum
368 4335 558 4405 unusquisque
567 4334 602 4391 de
617 4334 730 4406 propria
744 4346 919 4403 conquerens
961 4337 996 4392 tt
1009 4334 1168 4392 sacerdotes
1182 4340 1210 4393 ct
1226 4334 1355 4392 monachi
1365 4334 1470 4390 intimis
1483 4335 1611 4404 suspiriis
1625 4329 1787 4406 magnisque

88 4419 194 4492 injuria
209 4423 381 4480 conduxere.
398 4425 429 4479 ln
439 4437 494 4494 quo
510 4422 583 4492 loco,
595 4428 678 4493 prout
688 4424 746 4479 erat
756 4394 951 4478 offensionst
960 4422 1089 4481 lamentis
1103 4423 1228 4495 singidos
1238 4438 1289 4494 per
1303 4423 1364 4480 dies
1375 4422 1491 4479 letanias
1500 4421 1625 4479 studiose
1640 4421 1787 4479 celebran-

87 4523 184 4580 causa,
228 4513 276 4569 alii
305 4513 504 4570 restituebatur
545 4526 596 4583 pro
633 4511 698 4568 facti
727 4510 919 4568 emendatione
962 4519 1005 4568 tes
1020 4512 1102 4569 nudis
1131 4511 1259 4583 pedibus,
1284 4513 1378 4572 multis
1392 4516 1422 4568 et
1440 4512 1545 4582 magnis
1570 4511 1709 4582 mysteriis
1723 4525 1787 4582 sup·

88 4601 190 4670 optimi
216 4602 279 4659 auri
303 4602 374 4659 libra
395 4606 443 4659 ιιι
463 4603 570 4674 argenti
590 4601 710 4670 marcha,
735 4598 835 4668 etalii,
851 4601 923 4656 sicut
963 4601 1099 4672 plicantes
1123 4602 1268 4659 Dominum
1294 4608 1322 4660 et
1334 4602 1445 4659 beatum
1459 4600 1632 4658 Ambrosium
1650 4605 1678 4656 et
1692 4612 1788 4657 omnes

88 4691 129 4746 rei
146 4705 238 4748 causa
260 4691 391 4760 habebat,
416 4691 593 4748 indicabatur
615 4690 647 4724 ⁸¹⁸
669 4688 822 4747 secundum
835 4687 923 4761 legem
964 4695 1075 4748 sanctos
1107 4697 1264 4760 exorantes,
1298 4692 1470 4748 incessanter
1506 4688 1700 4762 fatigabantur.
1733 4687 1808 4767 Sed⁸

88 4777 141 4847 ”⁸3
159 4782 331 4852 quinetiam
351 4781 413 4837 aliis
437 4781 588 4838 secundum
613 4780 682 4853 legis
710 4785 850 4853 precepta
864 4793 925 4835 ma·
964 4779 1106 4851 heus,qui
1125 4785 1224 4837 cuncta
1241 4785 1381 4837 scrutatur
1400 4779 1518 4848 occulta,
1531 4783 1786 4849 cunctaautequam

89 4881 143 4926 nus
165 4870 382 4939 truncabantur,
410 4870 473 4926 aliis
496 4871 570 4928 oculi
593 4869 718 4928 funditus
745 4869 923 4936 emebantur,
965 4869 1031 4926 dant
1042 4874 1137 4940 aperta
1152 4869 1306 4941 cognoscit,
1318 4869 1415 4926 videns
1430 4882 1526 4925 omnes
1540 4867 1678 4926 lleriberti
1693 4867 1789 4925 ddeles

777 5022 890 5079 VARIAE
915 5022 1107 5079 unctionibus

126 5149 169 5236 Μ.
184 5149 308 5234 malua.-
327 5153 366 5210 ilc
381 5151 508 5236 conrado
526 5151 693 5234 imperatore
717 5147 877 5232 durissimo,
892 5152 920 5203 ct
939 5147 966 5204 d.
993 5145 1139 5231 llerlberto
1163 5145 1385 5248 archiepiscopo.
1409 5146 1455 5201 ι’.
1480 5146 1602 5214 Qualiter
1628 5147 1790 5230 lleribertus

88 5223 329 5295 archieprscopus
343 5224 378 5280 ab
393 5228 559 5296 rmpcratore
573 5224 656 5293 Papia
671 5225 789 5291 capitur.
808 5217 868 5275 rell.
915 5215 947 5250 ”⁸
958 5219 1155 5290 judicabantur
1168 5219 1198 5274 13.
1246 5215 1280 5249 ⁸⁸
1302 5217 1322 5273 l.
1342 5230 1371 5287 q.
1387 5230 1413 5273 e.
1429 5230 1455 5273 a.
1470 5231 1494 5273 s.
1510 5217 1659 5274 demollit.
1705 5217 1790 5275 ”leto

88 5295 126 5349 tl*
138 5297 245 5366 jugum
258 5296 288 5354 B.
301 5296 384 5368 jugus
397 5295 440 5353 Bi.
478 5294 511 5328 ⁸⁸⁶
525 5294 626 5353 comoti
646 5308 673 5364 p.
689 5293 719 5349 n.
757 5290 790 5323 ”⁷
803 5291 874 5346 deest
887 5291 919 5346 B.

883 5442 983 5499 NOTAE

129 5571 200 5646 (80)
219 5573 405 5632 Proverbialis
418 5573 533 5642 locutio,
549 5584 603 5643 qua
617 5570 699 5628 etiam
713 5570 759 5636 lit,
783 5567 815 5623 ta
829 5567 924 5633 utitur,
940 5570 969 5624 ιι
981 5563 1111 5624 arnulfus
1127 5568 1172 5634 lll,
1196 5566 1237 5620 17.

208 5671 328 5731 Parnon.
348 5673 470 5732 cxlvii.
