4034 6152
131 309 200 368 1089
826 313 904 369 vlla
922 313 949 367 S.
970 309 1117 366 bantini.
1747 315 1815 373 loeo

127 435 294 494 monasterio
314 441 452 504 tonsus»
472 440 500 492 et
522 435 683 492 duillelmus
705 436 881 494 Flandrensis
899 435 1075 502 co·Anachi
1090 435 1302 492 cantuarienses
1328 449 1344 491 a
1369 435 1480 506 regibus
1500 435 1582 506 pulsi,
1598 438 1814 513 primoquidem

127 539 194 593 mes,
212 526 259 596 qui
278 531 366 582 morte
392 526 511 581 instante
536 524 692 596 religiosam
714 531 817 582 vestem
840 525 949 593 induit,
992 525 1020 579 in
1035 525 1062 580 s.
1079 523 1189 580 Thomae
1204 523 1298 581 odium
1312 524 1347 580 ab
1362 524 1481 581 ilenrico
1507 527 1550 591 lV,
1576 525 1676 584 deinde
1704 543 1769 587 vero
1797 545 1814 588 a

127 618 154 670 et
173 613 201 671 in
216 614 363 670 Sithivcnsi
382 613 550 670 monasterio
565 613 690 683 sepultus
704 619 756 681 est,
776 617 847 670 teste
861 614 950 670 0rde·
990 615 1095 670 ioanne
1114 627 1178 684 rege
1192 625 1265 670 anno
1283 611 1361 667 1207.
1376 615 1413 670 lle
1434 613 1529 684 primis
1551 615 1608 687 agit
1630 617 1736 686 iperius
1750 635 1812 690 cap.

127 703 186 759 rico
204 702 285 759 Vitali
313 703 341 758 in
362 703 432 758 llisl.
461 701 511 758 lib.
541 716 590 768 ιιι,
619 701 753 778 ubielus
780 702 950 773 epitaphium
991 701 1035 770 44,
1053 708 1174 772 partem,
1200 702 1235 757 de
1263 701 1325 759 aliis
1344 715 1404 772 cap.
1434 701 1479 769 46,
1509 707 1587 773 parte
1606 719 1655 770 ιιι,
1676 706 1722 762 ubi
1754 708 1812 764 haec

127 791 213 848 relert
227 791 261 847 ad
280 805 383 848 annum
399 790 476 846 1127.
990 792 1091 847 verba:
1109 809 1123 842 ιι
1139 790 1242 858 Quibus
1258 791 1469 846 adventantibus
1491 792 1522 846 b.
1548 792 1633 848 abbas
1647 799 1675 850 et
1689 809 1812 853 conven-

166 880 206 938 12.
223 883 360 940 Praeterea
374 895 408 937 ει
422 880 474 936 Ιιεε
488 880 598 936 abbatia
613 877 746 952 originem
761 887 948 951 sumpserunt,
990 887 1035 935 tus
1054 880 1190 935 inobviam
1205 879 1245 934 eis
1260 893 1321 934 cum
1340 893 1433 947 cruce,
1458 879 1581 936 candelis
1606 888 1633 936 et
1648 882 1812 954 thymiama·

126 983 186 1037 seu,
200 976 231 1026 ut
246 969 339 1026 verbis
357 968 475 1040 iperiani
495 969 604 1040 Prologi
628 970 736 1039 loquar,
754 987 768 1022 ιι
788 976 853 1027 sunt
871 970 948 1026 deri·
990 967 1068 1024 teriis
1087 966 1329 1038 processionaliter
1352 967 1525 1024 incesserunt
1553 982 1639 1039 usque
1659 971 1692 1025 ad
1720 975 1812 1030 ecele-

125 1067 187 1115 vata
216 1058 426 1129 quatuordeeim
453 1059 570 1116 honesta
588 1060 764 1127 monasteria,
793 1077 808 1112 n
831 1059 901 1116 adeo
920 1065 951 1116 ut
990 1057 1057 1113 siam
1072 1059 1099 1114 s.
1116 1056 1248 1127 Dionysii,
1269 1063 1297 1112 et
1320 1069 1368 1112 eos
1388 1057 1441 1112 huc
1460 1057 1488 1112 in
1510 1059 1706 1116 monasterium
1722 1061 1812 1119 addu-

126 1147 289 1204 Sithivensis
303 1147 427 1204 Ecclesia
447 1163 461 1198 ι
480 1147 577 1217 patriae
601 1148 694 1204 sedem
709 1148 824 1219 primam
839 1148 948 1204 obtine·
989 1151 1099 1202 xerunt.
1115 1147 1199 1200 Erant
1226 1144 1354 1200 monachi
1381 1145 1565 1216 septuaginta,
1593 1144 1743 1206 familiares
1761 1165 1812 1206 au-

126 1242 246 1308 retpost
264 1236 450 1293 cathedralem
469 1235 646 1293 Morinorum.
674 1255 689 1290 ιι
718 1238 756 1293 lle
775 1237 949 1294 monasteriis
989 1240 1146 1306 tentusque
1165 1233 1200 1290 ad
1219 1237 1347 1290 centum:
1378 1235 1425 1304 qui
1443 1246 1539 1290 omnes
1554 1235 1664 1291 insimul
1689 1251 1739 1308 per
1753 1239 1813 1296 dies

127 1326 380 1391 woromholtensi,
417 1325 567 1393 bergensi,
599 1325 770 1388 alciasensi,
805 1325 949 1383 liunullrl-
989 1321 1276 1393 duodecimhicapud
1289 1329 1520 1389 nosmansemnt,
1546 1324 1635 1380 donec
1655 1339 1704 1396 per
1727 1327 1811 1384 abha-

127 1415 244 1471 cultensi
263 1420 291 1470 et
318 1413 381 1470 aliis
408 1427 423 1468 e
451 1413 598 1470 seminario
626 1413 774 1471 sithivensi
793 1412 946 1485 proiectis,
990 1415 1042 1471 tias
1061 1414 1275 1483 circumquaque
1295 1411 1353 1468 bini
1375 1411 1419 1468 vel
1439 1413 1510 1468 terni
1525 1426 1540 1467 a
1554 1425 1605 1470 suo
1626 1415 1719 1484 priore
1737 1416 1813 1474 misai

126 1502 187 1573 lege
200 1515 275 1572 saepe
289 1501 429 1557 laudatum
447 1501 578 1570 lperlum.
989 1509 1063 1572 sunl,
1083 1504 1143 1573 ipso
1163 1502 1256 1573 priore
1275 1515 1336 1558 cum
1356 1501 1477 1558 sedecim
1497 1501 1640 1558 monachis
1655 1503 1716 1574 plus
1731 1519 1813 1576 quam

165 1592 206 1646 13.
226 1593 287 1647 lton
306 1594 410 1646 tantum
428 1594 586 1648 sanctorum
614 1591 789 1648 seminarium
817 1590 869 1648 iuit
896 1593 948 1649 iste
989 1607 1039 1663 per
1057 1605 1157 1648 annum
1172 1592 1317 1648 nobiscum
1333 1593 1549 1658 remanentibus,
1565 1609 1581 1644 s
1597 1598 1650 1648 etc.
1666 1594 1812 1667 Egregium

127 1684 216 1749 locus,
235 1681 284 1737 sed
308 1681 390 1736 etiam
413 1684 570 1736 sanctorum
596 1679 701 1752 asylum
728 1686 756 1736 et
778 1680 947 1752 coniugium.
989 1697 1055 1740 sane
1073 1683 1236 1741 christiana
1251 1681 1393 1739 charitatis
1406 1687 1435 1738 el
1454 1682 1590 1752 religiosae
1617 1683 1814 1754 hospitalitatis

126 1773 200 1827 istuc
223 1783 253 1824 se
276 1781 406 1838 recepere
429 1769 475 1824 SS.
492 1767 637 1824 dussimus
655 1775 684 1825 et
696 1770 814 1826 Thomas
827 1771 1164 1843 centua-Bexcmplumt

127 1861 233 1916 rienses
246 1857 459 1928 archiepiscopi.
475 1858 592 1915 Admissi
610 1859 691 1914 eliam
712 1872 766 1916 non
786 1861 870 1916 semel
890 1875 948 1919 mo-

670 2166 959 2257 PROLOGUS
1000 2100 1277 2258 ducionis·

778 2363 835 2429 (lia
849 2359 991 2432 omiqotori
1005 2361 1158 2434 arnoyme.)

166 2623 190 2680 l.
206 2624 321 2681 Domino
337 2625 519 2702 omnipotenti
543 2627 680 2686 bonorum
705 2641 850 2685 numerum
865 2627 951 2698 largi·
992 2641 1071 2683 suum
1086 2626 1257 2699 unigenitum
1276 2631 1419 2688 hominum
1434 2637 1558 2688 nostrum
1571 2631 1667 2689 lesum
1677 2632 1814 2689 Christum

128 2711 182 2768 tori
202 2711 369 2783 multiplices
384 2713 479 2785 gratiae
502 2715 653 2787 laudesque
676 2715 774 2773 sedulo
793 2721 857 2772 sunt
875 2713 951 2772 rele-
993 2715 1028 2772 ad
1043 2716 1184 2774 docendas
1198 2719 1428 2790 redimendasque
1448 2721 1609 2792 omnigenas
1622 2726 1718 2792 gentes
1741 2721 1816 2778 misit

128 2801 433 2872 1·endae,quiomnlum
457 2812 643 2862 creaturarum
661 2804 809 2862 visibilium
833 2809 861 2861 et
880 2804 952 2861 invi·
994 2805 1027 2862 ad
1044 2814 1150 2876 terras;
1167 2813 1195 2863 et
1209 2811 1310 2864 caetera
1329 2808 1406 2866 utin
1426 2809 1485 2866 Vita
1508 2810 1536 2865 S.
1566 2809 1713 2867 hadomari
1732 2810 1813 2880 intro.

128 2889 249 2948 sibilium
283 2892 411 2949 conditor
444 2899 472 2950 et
494 2895 663 2966 gubemator
691 2895 823 2962 existens,
853 2893 951 2966 Filium

767 3075 994 3193 INCIPIT
1032 3077 1178 3192 VITA

148 3295 212 3350 Cre.
233 3296 254 3350 l.
271 3297 304 3351 lo
322 3311 374 3369 qua
389 3297 526 3369 prodacto
543 3301 620 3353 noluo
638 3301 675 3352 cel
698 3299 731 3352 li.
756 3297 887 3362 Bertiaue,
913 3298 937 3349 et
963 3297 1056 3357 cutus
1070 3296 1238 3365 patrocinari
1257 3297 1373 3354 meritis.
1391 3297 1493 3354 llorum
1516 3304 1639 3354 teneram
1653 3299 1736 3355 vitam
1755 3311 1816 3355 mo-

263 3386 332 3456 qood
345 3387 373 3442 io
386 3387 499 3458 pucritia
514 3386 655 3443 mmmchue
668 3387 753 3458 lamiae
773 3389 820 3442 eet.
995 3395 1096 3452 resque
1115 3385 1242 3440 Bertinus
1272 3399 1341 3454 puer
1368 3384 1481 3455 quidem
1510 3392 1601 3455 aetate,
1628 3399 1710 3443 sensu
1726 3393 1816 3442 autern

166 3487 192 3544 2,
217 3489 316 3546 Beatus
334 3505 403 3561 pue„
430 3491 556 3548 Reginus
583 3504 718 3562 generosa
745 3490 953 3561 progenpomm
994 3471 1098 3539 senior,
1119 3473 1221 3529 imitari
1236 3473 1338 3544 Spiritu
1362 3479 1458 3530 sancto
1478 3475 1629 3544 inspirante
1653 3475 1816 3542 contendit,

129 3575 217 3647 stirpe
241 3584 319 3635 ortus
337 3579 456 3636 traditur
482 3581 511 3635 iu
539 3580 707 3636 constantias
736 3577 846 3644 linibus,
871 3589 952 3647 quam
995 3573 1076 3630 quem
1101 3565 1245 3631 postquam
1271 3577 1329 3618 ⁸¹1ae
1357 3564 1453 3634 [ΜΞ
1472 3563 1682 3620 Chiissfflissbus
1710 3563 1817 3620 minel-

129 3663 243 3722 Rhenus
263 3667 455 3725 'subterluens
480 3669 530 3725 sub
559 3668 682 3738 ejusdem
700 3666 784 3723 urbis
807 3677 901 3721 muros
924 3665 953 3719 ln
996 3649 1079 3718 lilii,
1096 3648 1169 3706 ¹⁰1⁸?
1183 3650 1251 3706 iales
1266 3656 1413 3720 tantosque
1432 3653 1537 3719 Palles,
1562 3656 1593 3709 ul
1616 3667 1710 3709 00l11¹¹¹
1727 3667 1817 3709 exem·

128 3755 264 3824 dpotamo
281 3754 343 3812 lacu
361 3755 447 3813 ferme
468 3757 557 3813 tribus
575 3762 717 3828 stagnatur
735 3753 874 3821 millibus;
891 3767 953 3824 quae
995 3736 1049 3805 9¹5⁸
1077 3737 1269 3806 instrueretur,
1284 3739 1410 3796 adscitit-
1430 3741 1562 3798 Omnibus
1590 3741 1699 3798 landem
1728 3741 1819 3811 helfe-

129 3841 196 3899 hpnc
228 3859 243 3900 e
273 3845 365 3902 vicmo
397 3847 559 3917 Bal-offlam,
589 3845 666 3901 minc
694 3843 889 3916 mmmmm,
919 3841 954 3897 ab
996 3826 1130 3882 caloribus
1148 3829 1203 3883 vila
1226 3835 1336 3885 auctum
1351 3829 1452 3885 muniis
1466 3830 1494 3885 in
1510 3831 1638 3901 pueritia,
1653 3831 1817 3888 inexhausto

128 3939 224 3990 austro
243 3941 333 3991 autem
347 3935 446 4005 alpina
464 3935 580 4006 suspicit
599 3936 673 4006 juga.
703 3934 754 3989 llic
783 3933 877 4003 itaque
896 3932 954 3986 suis
995 3915 1116 4016 θωῑθθῑῐξ
1135 3915 1266 3973 disidlffl
1284 3917 1378 3988 ilss⁰l0
1395 3918 1542 3989 ifaelflfflffl
1561 3921 1686 3990 imiimi
1701 3921 1728 3976 ¹¹¹
1751 3919 1819 3977 ΜΟ·

130 4023 231 4093 pignus
245 4023 392 4081 admodum
411 4024 542 4080 dilectum
562 4023 787 4096 progenitoribus
810 4021 954 4078 nutrieba·
995 4002 1139 4060 “scemm-

130 4117 177 4167 tur
191 4111 339 4184 diligenter
352 4111 514 4182 infantulus,
530 4113 570 4169 uti
586 4119 678 4168 tantus
701 4113 730 4168 in
753 4113 869 4168 Domino
891 4115 955 4181 post
995 4110 1059 4166 Gar.
1079 4110 1113 4167 ll.
1140 4111 1215 4180 Quod
1239 4111 1325 4168 editoe
1349 4112 1557 4171 odoleeccotoloe
1576 4115 1611 4172 cd
1634 4117 1666 4172 S.
1686 4116 1819 4172 dodonae·

129 4198 249 4257 iuturus.
264 4203 313 4259 cul
332 4216 393 4258 cum
418 4202 452 4259 ad
477 4201 571 4259 mundi
594 4202 708 4274 gloriam
732 4216 747 4257 a
769 4203 825 4258 ilco
845 4207 955 4257 terrena
1310 4187 1506 4257 willermi!-

131 4290 284 4348 nobilitatis
307 4291 502 4363 suffragaretur
529 4291 658 4364 dignitas,
688 4291 723 4347 ab
749 4291 817 4361 ipsis
832 4289 954 4347 inlautise
1030 4287 1057 4344 3.
1073 4289 1145 4360 Ergo
1164 4304 1226 4346 cum
1242 4292 1298 4360 lam
1321 4291 1452 4347 Dominus
1474 4292 1588 4348 militem
1612 4307 1691 4349 suum
1715 4293 1818 4348 munde

131 4377 211 4434 cunis
239 4381 327 4452 major
352 4381 492 4436 servitutis
511 4381 612 4436 Christi
640 4379 795 4437 coadolevit
823 4380 953 4436 charitas.
996 4375 1166 4434 manifestius
1194 4378 1338 4450 propalare
1362 4379 1555 4449 disposuisset,
1570 4393 1606 4435 ne
1625 4379 1653 4434 ln
1681 4378 1818 4436 absconso

132 4467 212 4536 Quod
226 4468 360 4525 exhibens
378 4483 442 4525 mox
457 4474 487 4525 ut
505 4469 539 4524 ad
555 4468 582 4524 id
603 4469 693 4524 aetatis
707 4467 842 4538 pervenit,
863 4469 956 4539 pueri·
996 4465 1108 4521 lucerna
1123 4471 1207 4522 tantae
1227 4466 1359 4524 claritatis
1378 4467 1474 4524 lucens
1494 4473 1536 4524 tot
1560 4468 1715 4523 mormllum
1739 4468 1818 4539 spiri·

130 4557 178 4613 tia
192 4571 249 4614 suae
264 4558 399 4629 principia
414 4557 570 4630 evangelica
585 4555 755 4627 perlectione
772 4558 828 4613 lieo
843 4556 953 4614 dicavit.
996 4551 1080 4609 tualia
1094 4555 1258 4610 commercia
1282 4555 1414 4624 dilierret,
1440 4569 1567 4627 egressus
1590 4555 1699 4613 duobus
1714 4561 1818 4612 lantum

130 4646 294 4704 Parentibus
313 4647 386 4704 enim
401 4652 429 4703 et
447 4646 543 4717 patriae
558 4646 703 4702 Dominum
717 4651 862 4702 secuturus
876 4641 1146 4716 abre-Dcomitibus
1168 4643 1344 4700 llummolino
1373 4649 1402 4701 et
1430 4645 1620 4713 Eberlramno,
1648 4659 1753 4716 magnae
1768 4645 1819 4702 sci·

134 4734 558 4806 nuntiarit:etutperiectionis
572 4734 820 4792 nilhominiservo
834 4734 954 4802 abesset,
996 4730 1063 4788 licet
1080 4733 1235 4790 sanctitatis
1263 4735 1340 4798 viris,
1369 4734 1467 4790 tertius
1495 4735 1652 4805 adjunctus,
1682 4734 1820 4805 perlectus

131 4822 294 4879 monachum
310 4824 339 4879 in
353 4824 516 4881 luxoviensi
535 4823 663 4880 coenoblo
683 4823 734 4879 sub
754 4827 831 4893 patre
856 4823 955 4879 Eusta·
996 4826 1098 4878 sanctae
1113 4821 1254 4878 Trinitatis
1269 4822 1359 4878 cultor
1369 4822 1397 4876 iu
1411 4821 1524 4878 Galliam
1538 4836 1625 4893 usque
1636 4824 1760 4894 pervenit
1773 4824 1818 4894 (li.

130 4912 195 4970 ebio
211 4911 351 4982 professus
369 4919 420 4969 est.
437 4913 520 4983 Cuius
538 4913 593 4970 vita
615 4919 645 4968 et
664 4912 799 4969 doetrinae
818 4913 955 4970 institutio
997 4909 1128 4967 Videntes
1145 4911 1231 4983 igitur
1249 4911 1376 4981 praedicti
1390 4911 1443 4968 viri
1457 4913 1556 4982 sancti,
1572 4913 1699 4970 Bertinus
1713 4912 1821 4968 scilicet

131 5015 214 5071 quam
230 5001 385 5073 spiritualis
397 5003 494 5073 gratiae
519 5015 632 5072 compes
652 5000 745 5070 luerit,
775 5001 846 5057 scire
875 5002 956 5058 datur
997 5001 1107 5057 etsocii
1122 5001 1191 5071 ejus,
1207 5001 1311 5057 ibidem
1334 5013 1450 5057 messem
1468 5001 1579 5071 quidem
1602 5002 1725 5070 multam,
1750 5015 1820 5072 ope·

131 5091 161 5146 in
180 5090 239 5160 ipsa
267 5089 430 5148 excellentia
456 5091 548 5162 gregis
576 5091 621 5146 cui
654 5089 773 5160 praefuit,
803 5091 955 5160 praesertim
998 5089 1086 5145 rarios
1103 5095 1194 5146 autem
1213 5103 1327 5160 paucos,
1348 5097 1492 5160 coeperunr
1519 5089 1601 5161 louge
1630 5091 1739 5162 lateque
1757 5105 1821 5147 ver·

132 5191 207 5234 nunc
226 5193 287 5235 eum
315 5179 532 5237 evidentioribus
560 5179 714 5235 sanctitatis
742 5192 835 5236 eorum
865 5185 956 5249 pateat
997 5177 1061 5234 bum
1075 5177 1138 5234 vitae
1162 5178 1299 5235 instanter
1316 5193 1367 5250 per
1385 5183 1470 5235 totam
1494 5178 1606 5235 Galliam
1630 5180 1820 5236 disseminare.

131 5267 229 5339 signis,
245 5281 316 5340 quos
334 5269 460 5340 pluribus
475 5267 557 5324 terris
581 5281 673 5325 coram
692 5267 807 5324 homino
821 5267 879 5324 suls
897 5267 954 5324 sci·
996 5265 1179 5325 hdbaeserunt
1207 5273 1298 5325 autem
1327 5269 1369 5325 eis
1398 5267 1575 5340 quamplures
1606 5269 1659 5325 viri
1677 5269 1822 5342 religiosi,

170 5373 203 5446 ll)
219 5376 401 5434 cisterciense
424 5374 564 5444 exemplar
592 5375 633 5431 sic
651 5374 748 5441 habet;
768 5375 956 5432 Μοιιιιειιιίιιιιι
997 5373 1270 5446 consanguinitatem
1284 5375 1363 5432 istam
1383 5376 1482 5446 probat
1502 5377 1621 5432 ioannes
1639 5376 1746 5447 iperius
1760 5389 1822 5504 eug.

132 5447 198 5518 inas
216 5449 347 5590 ferend,
376 5446 468 5519 quidue
496 5451 556 5502 luae
583 5446 639 5516 qaas
668 5447 840 5518 compatriota
863 5450 888 5503 et
917 5445 957 5516 (ut
1000 5443 1026 5510 l,
1048 5451 1124 5514 parte
1143 5461 1152 5500 1
1169 5453 1240 5514 etv,
1256 5447 1303 5503 uhi
1322 5446 1506 5503 audomarum
1531 5453 1559 5502 ct
1577 5448 1717 5504 Bertinum
1741 5462 1776 5504 ει
1815 5491 1822 5504 .

131 5519 216 5590 sertor
250 5516 606 5588 maerensmaerens
630 5516 726 5574 citimi
741 5516 840 5588 presul
867 5517 958 5572 dode-
998 5515 1102 5572 hrnulll
1122 5519 1251 5588 prosapia
1279 5517 1457 5574 descendisse
1486 5517 1613 5574 allirmat.
1633 5519 1704 5590 Lege
1724 5519 1776 5576 hac
1790 5519 1825 5576 de

133 5603 224 5646 meroe
238 5589 315 5660 lorge
334 5591 480 5646 dicioerum
503 5588 651 5658 dogmatum
673 5589 772 5659 {luceto
786 5587 956 5660 propinabat.
999 5599 1040 5654 re,
1055 5589 1080 5644 si
1096 5588 1165 5644 tanti
1180 5595 1232 5656 est,
1248 5589 1432 5646 llalbrancum
1442 5588 1491 5646 lib.
1504 5603 1546 5660 ιιι,
1557 5589 1592 5646 de
1603 5591 1712 5662 horim,
1723 5605 1784 5663 cap.
1799 5589 1824 5646 i.
