4036 6162
189 360 244 417 ιιι
733 350 899 409 munuum
917 348 1334 411 ιιιιιιιιιιιιιιιιιιι
1590 313 1595 322 ’
1832 349 1886 408 sco

192 489 350 554 immensas,
366 480 525 556 pontillcem
540 481 613 554 quod
637 478 719 537 talem
742 481 846 536 sancte
869 476 929 535 sedi
947 475 1139 549 apo-Aderat
1166 479 1310 546 universa,
1343 477 1495 538 intercutes
1522 479 1637 551 lulurlas
1665 477 1749 537 alieni
1782 478 1887 551 iniusta

193 576 301 636 atollce
324 576 411 633 uirum
442 572 592 630 clementer
617 569 719 642 eligere
741 581 774 624 ac
802 567 1019 626 misericorditer
1060 568 1276 640 condempnans,
1299 583 1332 626 ac
1355 568 1460 627 inlicite
1479 567 1642 626 coherentes
1664 584 1680 625 a
1704 569 1786 626 malls
1807 569 1886 626 mise·

194 665 324 725 ordinare
363 677 412 720 sua
450 660 580 718 ineliahili
618 659 720 730 pietate
752 656 898 728 disposuit.
940 657 1018 714 Unde
1060 658 1189 726 ricordia,
1219 658 1342 728 dextera,
1368 659 1491 730 legisque
1515 659 1674 716 cerimoniis
1696 658 1885 726 defendendo,

194 757 297 814 chorus
327 753 471 811 universus
495 750 698 821 episcoporum,
726 744 899 804 sacerdotum
930 745 1020 802 colle·
1058 748 1178 819 benigne
1197 753 1342 804 sustentat.
1357 748 1557 819 litiniqnitalis
1568 747 1664 818 judex,
1680 753 1780 806 cuncta
1795 750 1886 820 pretio

194 845 269 918 glum
287 841 382 899 sedule
406 838 565 897 reminiscat
583 837 679 908 generi
702 835 821 892 humano
845 834 964 904 benigne
986 848 1018 891 ac
1059 838 1222 894 subvertens
1242 838 1363 909 negotia,
1386 852 1448 909 que
1466 837 1534 910 legis
1547 843 1612 895 sunt
1630 839 1808 895 obscuratae
1823 852 1886 910 que

194 930 413 990 misericorditer
445 925 609 998 providere,
638 938 700 981 cum
731 923 794 980 huic
822 927 925 978 sancte
958 919 1018 976 sedi
1059 927 1250 997 temporaliter
1277 926 1401 983 arrident
1428 927 1576 983 criminoso
1605 927 1888 998 exalta13aquihus

194 1023 282 1079 ilium
297 1016 453 1089 h⁰i¹¹⁵ffl0di
470 1015 631 1082 discretum,
652 1011 800 1079 illustrem,
821 1009 1017 1078 ῡιῐιθιῡιιιι,
1057 1015 1174 1086 justitie
1201 1019 1308 1072 amator
1335 1029 1365 1071 sc
1393 1015 1497 1072 cotidie
1524 1015 1573 1072 liei
1601 1021 1763 1088 protegente
1788 1017 1887 1073 dextra

195 1103 601 1181 etpl'aeesseeipraeoldillal‘e
616 1115 796 1160 summatum
811 1099 1019 1172 pieiaitidispo·
1060 1105 1191 1162 custodit.
1218 1105 1353 1162 Iustitiam
1383 1105 1520 1162 discamus
1548 1106 1660 1176 ltaque,
1689 1104 1762 1162 unde
1792 1105 1887 1163 Ysaias

194 1198 269 1262 sulit
297 1195 345 1267 (liii
373 1193 505 1266 oleribus
533 1192 630 1260 ιθιῑι.
654 1188 889 1247 ιᾱιθῦῑῑὶθῦῐιιι
916 1187 1019 1244 Sintiis
1059 1195 1195 1267 propheta
1218 1195 1321 1266 Spiritu
1344 1199 1440 1251 sancto
1463 1193 1586 1265 repletus
1600 1194 1668 1250 dicit
1689 1215 1695 1250 :
1718 1215 1732 1244 ι
1746 1195 1887 1251 iustitiam

195 1287 291 1346 orbem
309 1285 363 1343 sibi
378 1285 553 1342 commissum
569 1280 725 1339 confortare
740 1286 904 1336 eterrantcs
917 1278 1019 1335 docere
1060 1284 1169 1351 discite,
1190 1284 1238 1354 qui
1262 1283 1392 1340 habitatis
1415 1289 1516 1339 terram
1542 1283 1618 1354 (isui.
1641 1299 1715 1350 xxvi,
1739 1282 1778 1347 9).
1802 1285 1887 1340 »Ve-

196 1390 251 1434 non
261 1371 698 1445 desinititDeqtlttVel'iiasali:
715 1390 730 1422 ι
746 1371 802 1441 Ego
817 1366 1018 1440 protereglltii,
1060 1372 1183 1430 uerande
1207 1379 1302 1443 pater,
1327 1376 1491 1442 potestatem
1515 1371 1643 1429 culminis
1670 1372 1787 1430 Romani
1816 1373 1888 1430 ratio

196 1467 296 1533 Petra,
322 1469 432 1521 utnon
460 1461 571 1520 deiciat
593 1458 662 1516 tides
677 1449 741 1526 tua,
766 1463 795 1514 et
818 1463 847 1513 tu
870 1455 1020 1528 aliquando
1061 1462 1152 1519 vincat
1175 1461 1277 1518 utrina.
1302 1461 1379 1518 unde
1399 1461 1496 1518 heatus
1517 1460 1679 1519 umbrosius
1700 1461 1739 1518 att
1759 1481 1766 1518 :
1790 1482 1804 1510 ι
1832 1461 1887 1518 ue.

196 1567 347 1611 conversus
374 1551 506 1609 conlirma
529 1549 629 1607 iratres
653 1555 715 1604 tuos
735 1547 807 1605 iLue.
831 1560 899 1612 aru,
923 1543 978 1615 32).
1004 1563 1018 1598 ι
1061 1556 1106 1608 eet
1133 1554 1164 1606 ut
1192 1550 1262 1605 ratio
1290 1549 1381 1605 vincat
1408 1553 1582 1619 potestatem.
1613 1571 1627 1600 ι
1655 1549 1794 1606 iudicium
1822 1563 1888 1606 can-

195 1642 378 1711 Quamobrem
405 1640 454 1698 liei
481 1645 509 1696 ct
531 1638 626 1706 uestri,
650 1641 730 1708 pater
751 1633 1021 1705 venerandumque
1061 1653 1152 1698 sarum
1176 1637 1366 1710 querimonie
1390 1642 1492 1696 nostre
1512 1640 1618 1710 justum
1638 1638 1780 1709 judicatc3
1814 1639 1887 1696 undc

197 1733 279 1803 lituus
293 1731 381 1789 sancti
402 1729 515 1788 concilii
539 1727 684 1798 coadjutus
707 1724 854 1797 presentia
869 1730 897 1781 et
910 1721 1021 1780 conlor·
1061 1729 1192 1786 hominus
1215 1741 1265 1798 per
1281 1726 1437 1784 zachariam
1457 1727 1589 1798 loquitur,
1605 1727 1701 1785 dicens
1720 1747 1728 1784 ι
1750 1729 1887 1784 niueum

197 1825 272 1877 tatus
292 1820 447 1888 clementia,
474 1831 525 1890 ego
549 1816 713 1874 Benedictus
736 1814 949 1872 bledlolancusis
971 1811 1194 1890 cauponiorum
1222 1821 1250 1872 et
1277 1815 1420 1887 paelicum
1442 1815 1576 1888 judicate,
1601 1823 1629 1873 et
1652 1816 1738 1873 nolite
1764 1816 1888 1874 retinere

198 1909 393 1981 chlepiscopus
425 1921 534 1966 causam
567 1911 669 1964 nostre
696 1903 847 1972 ecclesie,
882 1916 946 1973 que
972 1901 1022 1958 liei
1063 1906 1192 1964 malitiam
1217 1903 1310 1961 iratris
1331 1905 1415 1962 uestri
1442 1905 1470 1962 in
1489 1905 1621 1962 cordibus
1634 1906 1734 1963 restris
1757 1906 1887 1974 thchor.

198 1996 429 2069 dispositionibus
452 2003 481 2053 ct
498 1995 573 2052 beati
595 1994 726 2051 Bamabe
749 1989 868 2063 apostoli
887 1987 1023 2048 doctrinis
1063 2011 1124 2062 vm,
1143 1992 1199 2066 16).
1216 2013 1231 2048 a
1247 1996 1280 2051 Et
1293 1992 1396 2051 David:
1414 2011 1428 2046 n
1444 1995 1482 2050 lie
1495 1993 1572 2052 vultu
1587 1997 1634 2053 tuo
1645 1993 1782 2065 indicium
1797 2008 1888 2052 mcum

198 2099 231 2143 ac
254 2087 394 2144 miraculis
415 2084 557 2154 refloruit,
586 2096 715 2154 nuncque
741 2079 932 2153 gloriosissimi
956 2091 1023 2135 con·
1065 2084 1189 2157 prodeat,
1205 2083 1279 2140 ocull
1312 2084 1365 2140 mei
1392 2082 1505 2140 videant
1532 2084 1689 2154 equitatem
1719 2083 1807 2155 (Psoi.
1832 2099 1886 2152 xri,

198 2174 312 2232 tesseris
342 2173 480 2232 Ambrosii
512 2178 609 2230 ornata
644 2170 823 2242 disciplinis,
861 2167 1024 2226 honoranda
1064 2175 1106 2246 2).
1124 2193 1138 2228 ι
1160 2176 1194 2231 ht
1217 2178 1247 2230 nt
1269 2178 1373 2231 nostre
1392 2173 1518 2231 ecclesie
1533 2179 1692 2244 nostreque
1705 2173 1888 2244 querimoniae

199 2263 347 2320 virtutibus
368 2261 523 2334 pl'ael'ulget,
540 2263 619 2332 cujus
634 2259 787 2317 reverentia
801 2262 829 2315 et
843 2257 956 2315 caritate
971 2256 1025 2314 tle·
1064 2263 1205 2321 veritatem
1232 2263 1403 2321 enucleatius
1434 2277 1467 2319 ac
1491 2262 1633 2319 uerissime
1666 2264 1808 2333 aperiam,
1843 2262 1890 2319 de·

199 2352 256 2410 bita
270 2357 362 2410 vestro
378 2351 477 2410 ductus
491 2349 653 2422 conspectui
667 2355 696 2406 ct
711 2349 775 2406 huic
789 2351 885 2405 sancto
901 2359 1023 2404 conuen-
1065 2366 1124 2409 cem
1156 2353 1341 2410 Romanorum
1373 2351 1534 2423 pontidcum
1567 2351 1732 2424 priuilegia,
1767 2365 1832 2423 que
1855 2350 1889 2408 ιι

199 2443 240 2500 ιιι
264 2456 307 2498 me
331 2457 365 2499 ex
387 2441 471 2514 longo
497 2445 697 2512 representare
717 2436 852 2507 disposui,
876 2447 954 2502 voce,
970 2448 1025 2505 qua
1065 2441 1273 2498 consecratione
1301 2441 1454 2498 ticinensis
1486 2440 1612 2498 ecclesie
1644 2440 1707 2498 dico
1739 2441 1889 2497 asserentia

201 2545 323 2605 possum,
344 2530 427 2602 longo
442 2530 586 2588 conlectus
604 2528 693 2596 senio,
710 2526 831 2598 pandere
852 2529 880 2582 et
900 2537 1024 2582 reserare
1065 2535 1147 2602 atque
1171 2530 1222 2587 sub
1244 2529 1425 2586 anathematis
1447 2542 1579 2587 mucrone
1598 2529 1686 2601 rigide
1705 2529 1740 2586 ab
1754 2527 1891 2586 universis

199 2621 314 2678 corabo.
340 2620 426 2691 lgitur
451 2633 512 2677 cum
536 2617 749 2676 bledlolancusis
773 2615 899 2684 ccclesia,
923 2615 972 2671 bel
996 2619 1025 2670 ct
1066 2619 1205 2691 episcopis
1231 2618 1445 2687 interdicentia,
1476 2617 1558 2674 solita
1587 2617 1689 2688 pietate
1717 2619 1888 2690 cognoscite.

200 2707 273 2764 beatl
299 2706 437 2766 ambrosii
463 2706 544 2764 iactis
561 2705 594 2740 ⁸¹⁹
622 2709 650 2764 et
672 2705 821 2764 uirtutibus
844 2703 971 2772 exaltata,
992 2716 1025 2760 ac
1066 2708 1135 2778 Quin
1150 2709 1231 2764 ctiam
1244 2713 1338 2764 nostra
1353 2708 1449 2764 ciuitas
1462 2707 1582 2779 qualiter
1594 2707 1629 2764 ab
1643 2707 1711 2778 ipsis
1731 2707 1891 2778 primordiis

199 2797 294 2855 multis
314 2797 454 2869 episcopis
472 2795 625 2868 permulta
645 2797 701 2868 jam
717 2800 842 2866 tempora
855 2793 1025 2866 anteceden·
1066 2796 1170 2854 inculta
1191 2800 1219 2853 et
1245 2796 1361 2852 exaltata
1381 2811 1446 2852 cura
1461 2795 1586 2868 diligenti
1606 2797 1740 2866 majorum
1764 2809 1891 2868 perman·

200 2887 238 2944 tia
253 2886 409 2951 sublimata,
426 2899 500 2943 nunc
514 2885 724 2944 consecratione
739 2884 865 2942 ecclesie
883 2881 1026 2953 Papiensis
1066 2885 1102 2943 sit
1123 2899 1174 2956 per
1195 2886 1335 2943 Romanos
1358 2885 1539 2956 imperatores
1558 2897 1590 2941 ac
1605 2884 1733 2942 consules
1757 2885 1891 2955 patricios

200 2977 303 3046 injuste
317 2974 465 3046 expoliata,
480 2975 559 3032 vohis
573 2974 714 3030 humiliter
728 2987 760 3030 ac
782 2973 881 3030 devote
899 2984 1025 3041 conque·
1066 2974 1188 3046 ejusdem
1216 2975 1293 3032 urbis
1320 2974 1438 3043 accolas,
1463 2987 1524 3031 cum
1555 2974 1632 3032 orbis
1659 2987 1715 3032 unu
1747 2980 1891 3046 regeretur

201 3063 273 3120 ritur
296 3084 303 3119 ι
329 3077 392 3134 que
416 3063 488 3119 inter
507 3068 616 3120 ceteros
635 3068 737 3119 nostre
752 3061 878 3118 ecclcsiae
890 3059 1024 3131 suliraga-
1066 3063 1194 3134 imperio,
1209 3068 1314 3120 attente
1330 3062 1499 3134 cognoscite.
1516 3065 1601 3131 Quam
1620 3061 1672 3132 (68)
1688 3068 1791 3131 umen,
1814 3068 1844 3121 ut
1863 3065 1889 3119 in

201 3165 271 3210 neos
293 3151 368 3208 beati
390 3151 451 3223 Syri
470 3151 576 3209 meritis
595 3151 743 3222 primicerii
759 3149 931 3221 privilegium
953 3124 1122 3211 nunccsitu
1147 3153 1342 3223 descriptionis
1369 3153 1491 3224 ejusdem
1524 3153 1666 3224 comperi,
1700 3165 1834 3210 annosam
1860 3151 1890 3186 '¹¹

202 3254 290 3313 usquc
314 3244 416 3297 nostre
437 3253 526 3296 causae
545 3239 678 3298 indicium
697 3251 803 3295 summo
817 3238 911 3312 vigore
926 3239 1025 3307 tenuit,
1067 3240 1242 3312 postmodum
1265 3240 1380 3297 llomanl
1403 3254 1483 3312 reges
1505 3244 1533 3297 ct
1546 3240 1578 3273 ⁸¹⁸
1602 3240 1754 3311 principes,
1769 3239 1891 3313 expulsis

202 3337 230 3388 at
258 3344 332 3389 nunc
359 3331 491 3387 Romane
519 3328 594 3386 sedis
622 3327 804 3400 dignitatibus
831 3333 860 3385 ct
893 3331 1026 3400 majorum
1067 3333 1204 3388 Senonum
1229 3330 1348 3401 populls,
1373 3328 1455 3401 longe
1479 3327 1577 3386 melius
1601 3330 1783 3388 sublimantes
1807 3344 1889 3402 opere

202 3421 355 3479 honoribus
380 3417 535 3485 ambitiosa,
556 3431 606 3474 sua
628 3423 657 3474 et
675 3417 788 3488 propria
811 3417 959 3490 metropoli
981 3418 1026 3473 ln·
1067 3418 1183 3476 miridco
1206 3415 1239 3452 ⁸⁸⁸
1266 3422 1420 3485 auxerunt,
1445 3416 1569 3474 locantes
1592 3418 1621 3475 in
1645 3433 1677 3475 ca
1697 3433 1774 3476 more
1801 3420 1890 3492 patrio

202 3510 278 3568 licite
301 3508 434 3567 derelicta
457 3512 486 3564 ct
509 3507 610 3578 iniuste
636 3505 790 3574 destituta,
820 3513 850 3564 ιι
878 3520 1027 3567 ιιιιιιιι·
1068 3507 1196 3566 curulum
1226 3512 1405 3578 angustorum
1435 3505 1562 3577 dignitati
1596 3505 1725 3578 palatium
1758 3507 1889 3579 imperia·

202 3597 305 3656 tionem
328 3597 427 3655 ιιιιιιι
454 3597 602 3668 ιιιιιιιιι,
632 3597 784 3654 Romanum
812 3596 881 3654 adiit
913 3595 1028 3668 pontid·
1068 3596 1094 3654 le
1116 3595 1159 3665 ⁸¹³,
1193 3596 1340 3662 theatrum,
1373 3596 1531 3663 aumatium,
1565 3595 1697 3664 thermas,
1729 3596 1888 3654 viridarium

203 3703 273 3746 cem.
289 3689 373 3758 Quam
393 3691 488 3745 nostra
511 3685 629 3744 ccclesia
648 3700 698 3758 per
719 3691 844 3756 tempora
860 3688 915 3757 jam
930 3685 1026 3754 multa,
1068 3699 1204 3745 amoenum
1218 3685 1251 3720 ⁸²⁸
1273 3685 1388 3743 llorihus
1409 3684 1525 3742 diversis
1549 3691 1577 3743 et
1600 3686 1734 3743 odoribus
1748 3687 1831 3742 rarlis
1846 3686 1890 3743 tle·

203 3789 338 3833 annorum
362 3776 446 3848 longo
466 3775 604 3834 curriculo
627 3775 839 3844 antecedentia,
865 3789 881 3832 a
903 3781 1027 3847 tempore
1069 3775 1207 3844 lectabile,
1222 3787 1332 3831 arenam
1356 3773 1495 3844 lapidibus
1517 3780 1545 3832 et
1569 3775 1733 3847 magisteriis
1756 3775 1891 3832 admiran-

204 3864 277 3921 beati
301 3867 432 3922 Barnabae
454 3865 572 3935 apostoli
594 3879 681 3936 usque
704 3865 757 3922 mei
774 3865 959 3936 presentiam,
980 3863 1028 3936 qui
1069 3864 1142 3932 dam,
1167 3865 1195 3922 in
1219 3877 1272 3936 qua
1295 3862 1380 3920 italie
1403 3863 1477 3920 cives
1495 3864 1617 3921 uniuersi
1640 3863 1794 3922 consedere
1812 3871 1840 3922 et
1858 3863 1891 3920 ab

205 3965 256 4024 per
276 3965 364 4010 annos
386 3951 567 4025 qnadraginta
586 3953 679 4010 sedem
698 3951 821 4010 residere
835 3952 867 3986 ⁸⁸⁰
895 3951 1028 4011 mediola-
1068 3967 1124 4011 unc
1150 3957 1261 4010 oratore
1289 3951 1449 4009 concionari
1481 3956 1595 4023 possent
1619 3958 1819 4025 competenter.
1852 3952 1891 4009 ob

205 4053 317 4098 neuscm
353 4039 421 4112 (67),
458 4046 542 4113 atque
574 4041 643 4098 inibi
675 4041 835 4112 episcopum
867 4041 1028 4114 Gregorium
1069 4057 1150 4116 quam
1174 4041 1247 4100 enim
1269 4039 1302 4074 ⁸¹⁸
1324 4055 1433 4098 causam
1456 4041 1607 4112 sepissime
1629 4042 1664 4099 ab
1689 4041 1794 4099 eisdem
1818 4047 1893 4113 post·

206 4129 347 4188 humiliter
361 4131 542 4200 consecrarit,
557 4130 664 4199 habuit,
675 4135 704 4188 et
718 4131 858 4188 caritative
870 4133 926 4189 lico
937 4131 1029 4202 opitu·
1068 4132 1179 4190 modum
1194 4131 1318 4203 augustis
1331 4129 1500 4202 frequentari
1515 4137 1543 4188 et
1557 4131 1589 4164 ⁸¹¹
1612 4131 1695 4189 incoli
1711 4136 1739 4190 et
1761 4131 1892 4189 honorari

206 4219 280 4276 lante
303 4219 402 4277 tenuit.
425 4221 503 4277 Nunc
530 4220 624 4292 itaque
646 4225 736 4278 nestra
763 4227 943 4279 succurrente
971 4220 1027 4278 cic·
1068 4235 1152 4294 super
1174 4227 1288 4277 cunctas
1313 4219 1398 4278 italie
1422 4220 1546 4278 ciuitates
1569 4220 1685 4278 adhorta
1704 4226 1757 4289 est,
1777 4219 1892 4278 maxime

205 4309 307 4367 mentia
330 4310 489 4382 sanctisque
512 4309 734 4368 collaudantibus
755 4310 928 4380 canonibus,
952 4312 1028 4383 qnod
1069 4309 1144 4384 quod
1159 4313 1233 4367 essct
1250 4309 1320 4366 inibi
1338 4309 1512 4368 saluberrimi
1531 4309 1604 4367 aeris
1624 4311 1765 4382 aptissima
1785 4317 1894 4380 tempe·

205 4399 307 4471 luluste
329 4406 424 4458 nostra
448 4399 566 4458 ecclesia
588 4402 690 4470 amisit,
710 4400 826 4473 adipisci
844 4400 942 4469 ualeat,
962 4399 1030 4458 ilde·
1071 4401 1136 4469 ries,
1165 4398 1298 4470 locusque
1321 4398 1356 4455 ad
1381 4413 1447 4456 nsus
1469 4399 1637 4456 domesticos
1664 4397 1896 4472 inrefragabiliter

205 4488 270 4546 llter
292 4502 325 4546 ac
347 4488 447 4547 devote
470 4502 624 4548 exoramus.
654 4491 746 4547 Prosit
765 4491 846 4547 nobls
868 4495 959 4548 vestra
981 4450 1270 4562 sa-Dparatissimus.
1304 4488 1430 4556 Exinde,
1470 4494 1548 4560 pater
1583 4488 1763 4558 venerande,
1801 4493 1896 4545 encta

207 4576 322 4648 pientia,
347 4579 475 4636 omnibus
498 4578 670 4651 preteream
692 4579 857 4649 disciplinis.
881 4579 932 4648 Qui
955 4578 1028 4636 cuim
1070 4578 1271 4637 christianitate
1293 4577 1355 4634 orbi
1375 4584 1526 4650 apparente
1550 4577 1689 4646 universo,
1704 4577 1777 4634 sicut
1791 4577 1896 4634 audiuit

207 4665 336 4725 omnibus
359 4673 470 4739 preest,
494 4666 623 4726 omnibus
646 4667 778 4740 prodesse
796 4666 890 4724 debita
904 4667 1029 4739 paterni·
1070 4668 1147 4726 illico
1162 4669 1218 4724 lico
1228 4665 1358 4733 credidit,
1369 4671 1465 4724 sancto
1480 4667 1604 4725 barnaba
1618 4666 1746 4739 apostolo
1761 4679 1777 4723 a
1791 4667 1895 4738 spiritu

207 4759 263 4814 tate
277 4755 423 4826 coudecet,
438 4754 507 4814 nulli
526 4771 628 4816 nocere
642 4757 801 4828 neminique
813 4753 946 4824 invidere,
962 4755 1031 4813 nulli
1071 4764 1167 4815 sancto
1183 4756 1251 4814 inibi
1267 4756 1405 4813 destinato
1419 4762 1447 4813 et
1466 4755 1547 4813 tidem
1568 4757 1752 4814 orthodoxam
1778 4754 1897 4812 udeliter

208 4842 334 4904 ecclesie
355 4845 488 4904 honorem
512 4859 545 4904 ac
564 4845 707 4919 dignitatis
726 4844 932 4919 prerogativam
953 4857 1032 4902 usur·
1072 4847 1261 4919 predicantc;
1285 4858 1301 4902 a
1323 4859 1379 4916 quo
1398 4845 1471 4922 enim
1498 4851 1593 4903 nostra
1619 4845 1737 4904 ccclesia
1765 4843 1801 4901 ab
1828 4843 1897 4915 ipsis

208 4947 284 5007 pare,
304 4935 442 4995 decretus
455 4942 484 4995 et
498 4936 585 5009 ludex
602 4950 715 4995 summe
730 4935 847 5009 iustitie
866 4933 944 4992 lance
958 4950 1032 5008 pon·
1072 4935 1232 5009 primordiis
1255 4938 1338 5006 caput
1361 4933 1446 4992 ltaliae
1471 4949 1521 5007 per
1543 4935 1637 4994 sedem
1656 4931 1895 5007 metropolitanam

900 5072 1013 5129 VthAE
1034 5071 1228 5130 leunculis.

243 5171 276 5208 ¹¹⁸
299 5173 340 5232 ilc
362 5171 421 5232 Μ’.
446 5170 555 5231 ιιιιιιιι
576 5171 621 5230 ι’.
646 5173 677 5228 Β.
701 5169 812 5228 sedhic
835 5169 869 5228 ιι
892 5169 946 5228 utic
968 5185 1038 5227 corr.
1095 5169 1127 5204 ⁸²⁰
1151 5169 1263 5227 resideo
1285 5167 1329 5227 Bi.
1384 5167 1415 5203 ¹¹¹
1435 5168 1507 5228 deest
1525 5185 1570 5242 cp.
1590 5171 1677 5228 Aaou.
1701 5171 1736 5228 dc
1752 5172 1806 5228 citu
1823 5169 1894 5229 Ιιι.

208 5241 242 5278 ¹¹¹
256 5246 290 5304 lt.
306 5259 331 5303 r.
348 5250 376 5304 et
388 5245 482 5303 limat
495 5243 533 5300 ti.
588 5242 622 5278 ⁸¹⁸
636 5257 663 5301 o.
679 5257 717 5300 m.
733 5242 826 5300 ιιιιιι
844 5241 880 5298 u.
937 5240 969 5275 ἰ
983 5242 1055 5299 derat
1069 5257 1114 5315 op.
1129 5243 1207 5300 Auca
1220 5241 1253 5298 dc
1266 5241 1319 5298 atta
1332 5241 1406 5300 ιιι.
1461 5239 1494 5274 ⁸⁸⁸
1507 5254 1644 5300 amenum
1657 5272 1695 5286 -
1707 5249 1897 5316 competenter

210 5313 354 5374 ιιιιιιιι.
409 5315 529 5374 ⁸¹‘decad
544 5314 581 5372 tl.
637 5314 670 5348 ⁸⁸⁷
683 5313 720 5373 ir.
735 5313 822 5387 coepit
835 5319 864 5372 et
877 5314 897 5372 l.
913 5328 947 5372 eo
961 5313 1037 5386 quod
1051 5313 1088 5371 u.

996 5439 1107 5498 NOTAE.

249 5537 302 5610 idi)
315 5540 359 5598 tt.
375 5552 402 5596 a.
416 5537 467 5596 681
484 5539 593 5598 demum
606 5538 712 5598 electus
726 5543 778 5599 est.
793 5537 847 5597 Sed
868 5541 944 5596 totns
956 5536 1035 5595 locus
1076 5536 1187 5610 pienscs
1200 5533 1348 5607 episcopos
1365 5535 1468 5594 inveni.

214 5614 364 5682 corruptus
381 5623 443 5669 esse
465 5610 594 5680 ridetur,
617 5624 671 5669 nec
700 5611 861 5684 Gregorlum
886 5609 959 5668 luter
985 5609 1037 5666 Pa·
1113 5605 1176 5682 (68)
1195 5607 1293 5665 llnrat.
1308 5608 1354 5665 ss,
1371 5605 1403 5676 li,
1419 5622 1447 5680 p.
1463 5605 1525 5664 ιιι.
