<?xml version="1.0" encoding="UTF-8"?>
<!DOCTYPE html PUBLIC "-//W3C//DTD XHTML 1.0 Transitional//EN"
    "http://www.w3.org/TR/xhtml1/DTD/xhtml1-transitional.dtd">
<html xmlns="http://www.w3.org/1999/xhtml" xml:lang="en" lang="en">
 <head>
  <title>
</title>
<meta http-equiv="Content-Type" content="text/html;charset=utf-8" />
  <meta name='ocr-system' content='tesseract 3.04.00' />
  <meta name='ocr-capabilities' content='ocr_page ocr_carea ocr_par ocr_line ocrx_word'/>
</head>
<body>
  <div class='ocr_page' id='page_1' title='image "./patrologiaecurs128unkngoog_0572.png"; bbox 0 0 4106 6178; ppageno 0'>
   <div class='ocr_carea' id='block_1_1' title="bbox 293 333 1976 434">
    <p class='ocr_par' dir='ltr' id='par_1_1' title="bbox 293 333 1976 434">
     <span class='ocr_line' id='line_1_1' title="bbox 293 333 1976 434; baseline -0.021 0"><span class='ocrx_word' id='word_1_1' title='bbox 293 377 362 434; x_wconf 81' lang='lat' dir='ltr'><strong>tras</strong></span> <span class='ocrx_word' id='word_1_2' title='bbox 848 357 1021 418; x_wconf 80' lang='lat' dir='ltr'><strong>rotonam</strong></span> <span class='ocrx_word' id='word_1_3' title='bbox 1041 353 1190 411; x_wconf 80' lang='lat' dir='ltr'><strong>novacen</strong></span> <span class='ocrx_word' id='word_1_4' title='bbox 1209 333 1414 410; x_wconf 86' lang='lat' dir='ltr'><strong>strntvntvsts</strong></span> <span class='ocrx_word' id='word_1_5' title='bbox 1911 342 1976 399; x_wconf 83' lang='lat' dir='ltr'><strong>nac</strong></span> 
     </span>
    </p>
   </div>
   <div class='ocr_carea' id='block_1_2' title="bbox 211 469 1980 922">
    <p class='ocr_par' dir='ltr' id='par_1_2' title="bbox 211 469 1980 922">
     <span class='ocr_line' id='line_1_2' title="bbox 288 469 1977 567; baseline -0.021 -7"><span class='ocrx_word' id='word_1_6' title='bbox 288 499 507 560; x_wconf 72' lang='lat' dir='ltr'><strong>attrectabantur</strong></span> <span class='ocrx_word' id='word_1_7' title='bbox 521 493 595 567; x_wconf 90' lang='lat' dir='ltr'><strong>tangi</strong></span> <span class='ocrx_word' id='word_1_8' title='bbox 614 492 666 549; x_wconf 89' lang='lat' dir='ltr'><strong>sibi</strong></span> <span class='ocrx_word' id='word_1_9' title='bbox 685 487 795 547; x_wconf 91' lang='lat' dir='ltr'><strong>oculum</strong></span> <span class='ocrx_word' id='word_1_10' title='bbox 820 484 972 555; x_wconf 81' lang='lat' dir='ltr'><strong>multopere</strong></span> <span class='ocrx_word' id='word_1_11' title='bbox 996 478 1237 548; x_wconf 83' lang='lat' dir='ltr'><strong>anhela-Apaulo</strong></span> <span class='ocrx_word' id='word_1_12' title='bbox 1251 483 1314 534; x_wconf 89' lang='lat' dir='ltr'><strong>ante</strong></span> <span class='ocrx_word' id='word_1_13' title='bbox 1328 476 1373 532; x_wconf 87' lang='lat' dir='ltr'><strong>vix</strong></span> <span class='ocrx_word' id='word_1_14' title='bbox 1387 479 1529 546; x_wconf 87' lang='lat' dir='ltr'><strong>repentem</strong></span> <span class='ocrx_word' id='word_1_15' title='bbox 1549 479 1691 544; x_wconf 89' lang='lat' dir='ltr'><strong>noverant,</strong></span> <span class='ocrx_word' id='word_1_16' title='bbox 1711 473 1786 530; x_wconf 92' lang='lat' dir='ltr'><strong>bunc</strong></span> <span class='ocrx_word' id='word_1_17' title='bbox 1806 485 1866 545; x_wconf 82' lang='lat' dir='ltr'><strong>prae</strong></span> <span class='ocrx_word' id='word_1_18' title='bbox 1890 469 1977 527; x_wconf 88' lang='lat' dir='ltr'><strong>oculis</strong></span> 
     </span>
     <span class='ocr_line' id='line_1_3' title="bbox 289 561 1978 660; baseline -0.02 -11"><span class='ocrx_word' id='word_1_19' title='bbox 289 592 356 660; x_wconf 85' lang='lat' dir='ltr'><strong>bat;</strong></span> <span class='ocrx_word' id='word_1_20' title='bbox 371 589 421 646; x_wconf 92' lang='lat' dir='ltr'><strong>sed</strong></span> <span class='ocrx_word' id='word_1_21' title='bbox 436 585 658 658; x_wconf 88' lang='lat' dir='ltr'><strong>appropinquare</strong></span> <span class='ocrx_word' id='word_1_22' title='bbox 674 577 785 634; x_wconf 90' lang='lat' dir='ltr'><strong>minime</strong></span> <span class='ocrx_word' id='word_1_23' title='bbox 805 574 858 632; x_wconf 91' lang='lat' dir='ltr'><strong>sibi</strong></span> <span class='ocrx_word' id='word_1_24' title='bbox 872 571 993 645; x_wconf 85' lang='lat' dir='ltr'><strong>permitti</strong></span> <span class='ocrx_word' id='word_1_25' title='bbox 1010 576 1112 627; x_wconf 91' lang='lat' dir='ltr'><strong>metue·</strong></span> <span class='ocrx_word' id='word_1_26' title='bbox 1153 567 1211 623; x_wconf 90' lang='lat' dir='ltr'><strong>suls</strong></span> <span class='ocrx_word' id='word_1_27' title='bbox 1225 566 1399 622; x_wconf 82' lang='lat' dir='ltr'><strong>incedentem</strong></span> <span class='ocrx_word' id='word_1_28' title='bbox 1419 564 1520 634; x_wconf 85' lang='lat' dir='ltr'><strong>praevia</strong></span> <span class='ocrx_word' id='word_1_29' title='bbox 1540 570 1625 622; x_wconf 87' lang='lat' dir='ltr'><strong>matre</strong></span> <span class='ocrx_word' id='word_1_30' title='bbox 1649 563 1810 620; x_wconf 78' lang='lat' dir='ltr'><strong>cernebant</strong></span> <span class='ocrx_word' id='word_1_31' title='bbox 1834 561 1978 618; x_wconf 75' lang='lat' dir='ltr'><strong>Fratribus</strong></span> 
     </span>
     <span class='ocr_line' id='line_1_4' title="bbox 290 651 1978 738; baseline -0.02 0"><span class='ocrx_word' id='word_1_32' title='bbox 290 683 346 738; x_wconf 93' lang='lat' dir='ltr'><strong>bat.</strong></span> <span class='ocrx_word' id='word_1_33' title='bbox 362 681 397 736; x_wconf 79' lang='lat' dir='ltr'><strong>dt</strong></span> <span class='ocrx_word' id='word_1_34' title='bbox 414 676 545 734; x_wconf 86' lang='lat' dir='ltr'><strong>iratribus</strong></span> <span class='ocrx_word' id='word_1_35' title='bbox 560 677 643 728; x_wconf 83' lang='lat' dir='ltr'><strong>tantae</strong></span> <span class='ocrx_word' id='word_1_36' title='bbox 658 669 698 726; x_wconf 91' lang='lat' dir='ltr'><strong>rei</strong></span> <span class='ocrx_word' id='word_1_37' title='bbox 723 665 842 724; x_wconf 84' lang='lat' dir='ltr'><strong>sollicite</strong></span> <span class='ocrx_word' id='word_1_38' title='bbox 862 662 1005 735; x_wconf 90' lang='lat' dir='ltr'><strong>psallendo</strong></span> <span class='ocrx_word' id='word_1_39' title='bbox 1024 662 1113 717; x_wconf 92' lang='lat' dir='ltr'><strong>inten-</strong></span> <span class='ocrx_word' id='word_1_40' title='bbox 1154 654 1263 712; x_wconf 87' lang='lat' dir='ltr'><strong>interim</strong></span> <span class='ocrx_word' id='word_1_41' title='bbox 1279 656 1306 711; x_wconf 93' lang='lat' dir='ltr'><strong>in</strong></span> <span class='ocrx_word' id='word_1_42' title='bbox 1322 654 1408 711; x_wconf 92' lang='lat' dir='ltr'><strong>cboro</strong></span> <span class='ocrx_word' id='word_1_43' title='bbox 1431 653 1465 709; x_wconf 90' lang='lat' dir='ltr'><strong>ad</strong></span> <span class='ocrx_word' id='word_1_44' title='bbox 1490 653 1587 710; x_wconf 91' lang='lat' dir='ltr'><strong>missas</strong></span> <span class='ocrx_word' id='word_1_45' title='bbox 1605 652 1797 724; x_wconf 82' lang='lat' dir='ltr'><strong>psallentibus,</strong></span> <span class='ocrx_word' id='word_1_46' title='bbox 1826 651 1913 721; x_wconf 85' lang='lat' dir='ltr'><strong>nujus</strong></span> <span class='ocrx_word' id='word_1_47' title='bbox 1940 651 1978 705; x_wconf 89' lang='lat' dir='ltr'><strong>rei</strong></span> 
     </span>
     <span class='ocr_line' id='line_1_5' title="bbox 290 739 1979 836; baseline -0.019 -10"><span class='ocrx_word' id='word_1_48' title='bbox 290 769 419 827; x_wconf 89' lang='lat' dir='ltr'><strong>dentibus</strong></span> <span class='ocrx_word' id='word_1_49' title='bbox 453 767 508 836; x_wconf 80' lang='lat' dir='ltr'><strong>jam</strong></span> <span class='ocrx_word' id='word_1_50' title='bbox 540 762 630 818; x_wconf 88' lang='lat' dir='ltr'><strong>dictus</strong></span> <span class='ocrx_word' id='word_1_51' title='bbox 658 755 777 814; x_wconf 91' lang='lat' dir='ltr'><strong>clericus</strong></span> <span class='ocrx_word' id='word_1_52' title='bbox 808 753 882 811; x_wconf 92' lang='lat' dir='ltr'><strong>oculi</strong></span> <span class='ocrx_word' id='word_1_53' title='bbox 910 753 993 808; x_wconf 91' lang='lat' dir='ltr'><strong>unius</strong></span> <span class='ocrx_word' id='word_1_54' title='bbox 1016 763 1113 806; x_wconf 89' lang='lat' dir='ltr'><strong>carens</strong></span> <span class='ocrx_word' id='word_1_55' title='bbox 1154 745 1225 802; x_wconf 93' lang='lat' dir='ltr'><strong>odor</strong></span> <span class='ocrx_word' id='word_1_56' title='bbox 1239 745 1294 801; x_wconf 93' lang='lat' dir='ltr'><strong>illis</strong></span> <span class='ocrx_word' id='word_1_57' title='bbox 1312 744 1436 801; x_wconf 87' lang='lat' dir='ltr'><strong>illabitur</strong></span> <span class='ocrx_word' id='word_1_58' title='bbox 1452 743 1638 800; x_wconf 88' lang='lat' dir='ltr'><strong>suavissimus.</strong></span> <span class='ocrx_word' id='word_1_59' title='bbox 1667 742 1745 810; x_wconf 85' lang='lat' dir='ltr'><strong>Quod</strong></span> <span class='ocrx_word' id='word_1_60' title='bbox 1773 741 1840 798; x_wconf 91' lang='lat' dir='ltr'><strong>dum</strong></span> <span class='ocrx_word' id='word_1_61' title='bbox 1861 740 1898 796; x_wconf 88' lang='lat' dir='ltr'><strong>ab</strong></span> <span class='ocrx_word' id='word_1_62' title='bbox 1927 739 1979 795; x_wconf 89' lang='lat' dir='ltr'><strong>illis</strong></span> 
     </span>
     <span class='ocr_line' id='line_1_6' title="bbox 211 830 1980 922; baseline -0.018 -7"><span class='ocrx_word' id='word_1_63' title='bbox 211 875 216 886; x_wconf 86' lang='lat'><em>·</em></span> <span class='ocrx_word' id='word_1_64' title='bbox 290 858 401 922; x_wconf 87' lang='lat' dir='ltr'><strong>lumine,</strong></span> <span class='ocrx_word' id='word_1_65' title='bbox 436 865 498 910; x_wconf 92' lang='lat' dir='ltr'><strong>cum</strong></span> <span class='ocrx_word' id='word_1_66' title='bbox 527 850 630 907; x_wconf 90' lang='lat' dir='ltr'><strong>sanctis</strong></span> <span class='ocrx_word' id='word_1_67' title='bbox 657 846 782 913; x_wconf 90' lang='lat' dir='ltr'><strong>artubus,</strong></span> <span class='ocrx_word' id='word_1_68' title='bbox 811 851 842 900; x_wconf 96' lang='lat' dir='ltr'><strong>ut</strong></span> <span class='ocrx_word' id='word_1_69' title='bbox 863 845 918 913; x_wconf 86' lang='lat' dir='ltr'><strong>jam</strong></span> <span class='ocrx_word' id='word_1_70' title='bbox 938 841 1040 897; x_wconf 92' lang='lat' dir='ltr'><strong>dictum</strong></span> <span class='ocrx_word' id='word_1_71' title='bbox 1060 843 1112 906; x_wconf 90' lang='lat' dir='ltr'><strong>est,</strong></span> <span class='ocrx_word' id='word_1_72' title='bbox 1154 839 1246 891; x_wconf 88' lang='lat' dir='ltr'><strong>utrum</strong></span> <span class='ocrx_word' id='word_1_73' title='bbox 1274 848 1367 890; x_wconf 92' lang='lat' dir='ltr'><strong>verum</strong></span> <span class='ocrx_word' id='word_1_74' title='bbox 1395 831 1468 891; x_wconf 87' lang='lat' dir='ltr'><strong>loret</strong></span> <span class='ocrx_word' id='word_1_75' title='bbox 1485 832 1575 889; x_wconf 84' lang='lat' dir='ltr'><strong>adbuc</strong></span> <span class='ocrx_word' id='word_1_76' title='bbox 1605 838 1788 902; x_wconf 87' lang='lat' dir='ltr'><strong>quaereretur,</strong></span> <span class='ocrx_word' id='word_1_77' title='bbox 1805 830 1882 887; x_wconf 93' lang='lat' dir='ltr'><strong>idem</strong></span> <span class='ocrx_word' id='word_1_78' title='bbox 1913 844 1980 899; x_wconf 91' lang='lat' dir='ltr'><strong>puer</strong></span> 
     </span>
    </p>
   </div>
   <div class='ocr_carea' id='block_1_3' title="bbox 290 921 1981 1092">
    <p class='ocr_par' dir='ltr' id='par_1_3' title="bbox 290 921 1981 1092">
     <span class='ocr_line' id='line_1_7' title="bbox 290 921 1980 1009; baseline -0.018 -5"><span class='ocrx_word' id='word_1_79' title='bbox 290 951 434 1004; x_wconf 91' lang='lat' dir='ltr'><strong>vereretur</strong></span> <span class='ocrx_word' id='word_1_80' title='bbox 455 939 598 1006; x_wconf 88' lang='lat' dir='ltr'><strong>accedere,</strong></span> <span class='ocrx_word' id='word_1_81' title='bbox 619 934 765 1009; x_wconf 90' lang='lat' dir='ltr'><strong>quemdam</strong></span> <span class='ocrx_word' id='word_1_82' title='bbox 794 932 904 988; x_wconf 90' lang='lat' dir='ltr'><strong>iratrem</strong></span> <span class='ocrx_word' id='word_1_83' title='bbox 934 929 1046 1000; x_wconf 86' lang='lat' dir='ltr'><strong>aliquod</strong></span> <span class='ocrx_word' id='word_1_84' title='bbox 1067 941 1112 983; x_wconf 94' lang='lat' dir='ltr'><strong>sa-</strong></span> <span class='ocrx_word' id='word_1_85' title='bbox 1155 923 1261 978; x_wconf 89' lang='lat' dir='ltr'><strong>mcritis</strong></span> <span class='ocrx_word' id='word_1_86' title='bbox 1275 925 1302 978; x_wconf 91' lang='lat' dir='ltr'><strong>S.</strong></span> <span class='ocrx_word' id='word_1_87' title='bbox 1319 923 1422 979; x_wconf 85' lang='lat' dir='ltr'><strong>bertini</strong></span> <span class='ocrx_word' id='word_1_88' title='bbox 1441 927 1553 979; x_wconf 88' lang='lat' dir='ltr'><strong>sanutus</strong></span> <span class='ocrx_word' id='word_1_89' title='bbox 1574 922 1739 994; x_wconf 71' lang='lat' dir='ltr'><strong>ingreditur,</strong></span> <span class='ocrx_word' id='word_1_90' title='bbox 1763 925 1935 990; x_wconf 89' lang='lat' dir='ltr'><strong>erectusque</strong></span> <span class='ocrx_word' id='word_1_91' title='bbox 1955 921 1980 974; x_wconf 92' lang='lat' dir='ltr'><strong>io</strong></span> 
     </span>
     <span class='ocr_line' id='line_1_8' title="bbox 291 1009 1981 1092; baseline -0.018 0"><span class='ocrx_word' id='word_1_92' title='bbox 291 1015 401 1092; x_wconf 81' lang='lat' dir='ltr'><strong>crorum</strong></span> <span class='ocrx_word' id='word_1_93' title='bbox 424 1031 610 1088; x_wconf 92' lang='lat' dir='ltr'><strong>membrorum</strong></span> <span class='ocrx_word' id='word_1_94' title='bbox 625 1029 813 1082; x_wconf 91' lang='lat' dir='ltr'><strong>summotenus</strong></span> <span class='ocrx_word' id='word_1_95' title='bbox 837 1020 931 1092; x_wconf 81' lang='lat' dir='ltr'><strong>digitis</strong></span> <span class='ocrx_word' id='word_1_96' title='bbox 953 1020 1011 1076; x_wconf 88' lang='lat' dir='ltr'><strong>suis</strong></span> <span class='ocrx_word' id='word_1_97' title='bbox 1029 1018 1114 1074; x_wconf 91' lang='lat' dir='ltr'><strong>obse·</strong></span> <span class='ocrx_word' id='word_1_98' title='bbox 1155 1010 1246 1067; x_wconf 90' lang='lat' dir='ltr'><strong>medio</strong></span> <span class='ocrx_word' id='word_1_99' title='bbox 1261 1011 1370 1068; x_wconf 92' lang='lat' dir='ltr'><strong>illorum</strong></span> <span class='ocrx_word' id='word_1_100' title='bbox 1395 1012 1514 1068; x_wconf 90' lang='lat' dir='ltr'><strong>ducente</strong></span> <span class='ocrx_word' id='word_1_101' title='bbox 1533 1015 1619 1067; x_wconf 91' lang='lat' dir='ltr'><strong>matre</strong></span> <span class='ocrx_word' id='word_1_102' title='bbox 1647 1023 1740 1067; x_wconf 91' lang='lat' dir='ltr'><strong>eoram</strong></span> <span class='ocrx_word' id='word_1_103' title='bbox 1767 1009 1850 1066; x_wconf 87' lang='lat' dir='ltr'><strong>altari</strong></span> <span class='ocrx_word' id='word_1_104' title='bbox 1880 1023 1981 1064; x_wconf 75' lang='lat' dir='ltr'><strong>secum</strong></span> 
     </span>
    </p>
   </div>
   <div class='ocr_carea' id='block_1_4' title="bbox 239 1099 1983 1631">
    <p class='ocr_par' dir='ltr' id='par_1_4' title="bbox 239 1099 1983 1631">
     <span class='ocr_line' id='line_1_9' title="bbox 290 1099 1980 1193; baseline -0.017 -12"><span class='ocrx_word' id='word_1_105' title='bbox 290 1131 349 1182; x_wconf 88' lang='lat' dir='ltr'><strong>erat</strong></span> <span class='ocrx_word' id='word_1_106' title='bbox 364 1123 510 1193; x_wconf 87' lang='lat' dir='ltr'><strong>attingere,</strong></span> <span class='ocrx_word' id='word_1_107' title='bbox 536 1131 641 1188; x_wconf 90' lang='lat' dir='ltr'><strong>suoque</strong></span> <span class='ocrx_word' id='word_1_108' title='bbox 661 1117 764 1170; x_wconf 84' lang='lat' dir='ltr'><strong>eaecato</strong></span> <span class='ocrx_word' id='word_1_109' title='bbox 785 1110 866 1168; x_wconf 93' lang='lat' dir='ltr'><strong>oculo</strong></span> <span class='ocrx_word' id='word_1_110' title='bbox 892 1108 995 1165; x_wconf 90' lang='lat' dir='ltr'><strong>eisdem</strong></span> <span class='ocrx_word' id='word_1_111' title='bbox 1021 1106 1114 1178; x_wconf 83' lang='lat' dir='ltr'><strong>digitis</strong></span> <span class='ocrx_word' id='word_1_112' title='bbox 1155 1099 1218 1156; x_wconf 92' lang='lat' dir='ltr'><strong>dum</strong></span> <span class='ocrx_word' id='word_1_113' title='bbox 1235 1099 1373 1157; x_wconf 91' lang='lat' dir='ltr'><strong>modulum</strong></span> <span class='ocrx_word' id='word_1_114' title='bbox 1390 1115 1468 1157; x_wconf 90' lang='lat' dir='ltr'><strong>suum</strong></span> <span class='ocrx_word' id='word_1_115' title='bbox 1478 1100 1646 1172; x_wconf 87' lang='lat' dir='ltr'><strong>beogratias</strong></span> <span class='ocrx_word' id='word_1_116' title='bbox 1658 1099 1980 1170; x_wconf 87' lang='lat' dir='ltr'><strong>acturusprosternitnr,</strong></span> 
     </span>
     <span class='ocr_line' id='line_1_10' title="bbox 290 1189 1981 1286; baseline -0.017 -16"><span class='ocrx_word' id='word_1_117' title='bbox 290 1215 431 1286; x_wconf 82' lang='lat' dir='ltr'><strong>signamen</strong></span> <span class='ocrx_word' id='word_1_118' title='bbox 459 1209 628 1280; x_wconf 87' lang='lat' dir='ltr'><strong>imprimere.</strong></span> <span class='ocrx_word' id='word_1_119' title='bbox 648 1205 706 1272; x_wconf 84' lang='lat' dir='ltr'><strong>Quo</strong></span> <span class='ocrx_word' id='word_1_120' title='bbox 733 1200 815 1268; x_wconf 87' lang='lat' dir='ltr'><strong>iacto,</strong></span> <span class='ocrx_word' id='word_1_121' title='bbox 845 1213 908 1255; x_wconf 90' lang='lat' dir='ltr'><strong>mox</strong></span> <span class='ocrx_word' id='word_1_122' title='bbox 937 1197 983 1254; x_wconf 89' lang='lat' dir='ltr'><strong>ille</strong></span> <span class='ocrx_word' id='word_1_123' title='bbox 1011 1197 1113 1253; x_wconf 87' lang='lat' dir='ltr'><strong>lumine</strong></span> <span class='ocrx_word' id='word_1_124' title='bbox 1154 1195 1183 1245; x_wconf 90' lang='lat' dir='ltr'><strong>et</strong></span> <span class='ocrx_word' id='word_1_125' title='bbox 1198 1189 1273 1246; x_wconf 89' lang='lat' dir='ltr'><strong>dicto</strong></span> <span class='ocrx_word' id='word_1_126' title='bbox 1293 1189 1440 1262; x_wconf 86' lang='lat' dir='ltr'><strong>Evangelio</strong></span> <span class='ocrx_word' id='word_1_127' title='bbox 1459 1189 1617 1260; x_wconf 90' lang='lat' dir='ltr'><strong>domnoque</strong></span> <span class='ocrx_word' id='word_1_128' title='bbox 1634 1189 1848 1260; x_wconf 86' lang='lat' dir='ltr'><strong>archiepiscopo</strong></span> <span class='ocrx_word' id='word_1_129' title='bbox 1869 1202 1981 1254; x_wconf 87' lang='lat' dir='ltr'><strong>coram,</strong></span> 
     </span>
     <span class='ocr_line' id='line_1_11' title="bbox 239 1277 1981 1365; baseline -0.015 -9"><span class='ocrx_word' id='word_1_130' title='bbox 239 1345 244 1356; x_wconf 86' lang='lat'><strong>.</strong></span> <span class='ocrx_word' id='word_1_131' title='bbox 278 1302 394 1358; x_wconf 89' lang='lat' dir='ltr'><strong>ditatur</strong></span> <span class='ocrx_word' id='word_1_132' title='bbox 412 1299 518 1355; x_wconf 90' lang='lat' dir='ltr'><strong>diutius</strong></span> <span class='ocrx_word' id='word_1_133' title='bbox 537 1298 706 1365; x_wconf 86' lang='lat' dir='ltr'><strong>exspectato.</strong></span> <span class='ocrx_word' id='word_1_134' title='bbox 731 1293 764 1347; x_wconf 88' lang='lat' dir='ltr'><strong>Et</strong></span> <span class='ocrx_word' id='word_1_135' title='bbox 792 1303 857 1346; x_wconf 91' lang='lat' dir='ltr'><strong>saue</strong></span> <span class='ocrx_word' id='word_1_136' title='bbox 885 1285 960 1358; x_wconf 90' lang='lat' dir='ltr'><strong>quod</strong></span> <span class='ocrx_word' id='word_1_137' title='bbox 983 1285 1114 1341; x_wconf 85' lang='lat' dir='ltr'><strong>Dominus</strong></span> <span class='ocrx_word' id='word_1_138' title='bbox 1154 1278 1234 1335; x_wconf 88' lang='lat' dir='ltr'><strong>altari</strong></span> <span class='ocrx_word' id='word_1_139' title='bbox 1253 1278 1384 1350; x_wconf 80' lang='lat' dir='ltr'><strong>bymnum</strong></span> <span class='ocrx_word' id='word_1_140' title='bbox 1403 1281 1438 1334; x_wconf 74' lang='lat' dir='ltr'><strong>lc</strong></span> <span class='ocrx_word' id='word_1_141' title='bbox 1463 1281 1545 1334; x_wconf 81' lang='lat' dir='ltr'><strong>Deum</strong></span> <span class='ocrx_word' id='word_1_142' title='bbox 1567 1277 1705 1334; x_wconf 71' lang='lat' dir='ltr'><strong>medemur</strong></span> <span class='ocrx_word' id='word_1_143' title='bbox 1728 1278 1882 1335; x_wconf 87' lang='lat' dir='ltr'><strong>incboante</strong></span> <span class='ocrx_word' id='word_1_144' title='bbox 1902 1283 1981 1347; x_wconf 86' lang='lat' dir='ltr'><strong>atque</strong></span> 
     </span>
     <span class='ocr_line' id='line_1_12' title="bbox 288 1366 1982 1448; baseline -0.016 -1"><span class='ocrx_word' id='word_1_145' title='bbox 288 1391 322 1448; x_wconf 89' lang='lat' dir='ltr'><strong>ad</strong></span> <span class='ocrx_word' id='word_1_146' title='bbox 339 1389 446 1445; x_wconf 90' lang='lat' dir='ltr'><strong>laudem</strong></span> <span class='ocrx_word' id='word_1_147' title='bbox 462 1386 503 1442; x_wconf 93' lang='lat' dir='ltr'><strong>sui</strong></span> <span class='ocrx_word' id='word_1_148' title='bbox 524 1383 643 1441; x_wconf 88' lang='lat' dir='ltr'><strong>nominis</strong></span> <span class='ocrx_word' id='word_1_149' title='bbox 661 1387 690 1437; x_wconf 92' lang='lat' dir='ltr'><strong>et</strong></span> <span class='ocrx_word' id='word_1_150' title='bbox 709 1379 743 1435; x_wconf 92' lang='lat' dir='ltr'><strong>ad</strong></span> <span class='ocrx_word' id='word_1_151' title='bbox 766 1378 853 1434; x_wconf 91' lang='lat' dir='ltr'><strong>sancti</strong></span> <span class='ocrx_word' id='word_1_152' title='bbox 873 1376 998 1432; x_wconf 91' lang='lat' dir='ltr'><strong>meritum</strong></span> <span class='ocrx_word' id='word_1_153' title='bbox 1015 1387 1114 1444; x_wconf 89' lang='lat' dir='ltr'><strong>propa·</strong></span> <span class='ocrx_word' id='word_1_154' title='bbox 1155 1367 1347 1439; x_wconf 88' lang='lat' dir='ltr'><strong>multiplieiter</strong></span> <span class='ocrx_word' id='word_1_155' title='bbox 1360 1368 1446 1424; x_wconf 91' lang='lat' dir='ltr'><strong>cboro</strong></span> <span class='ocrx_word' id='word_1_156' title='bbox 1474 1367 1671 1438; x_wconf 85' lang='lat' dir='ltr'><strong>subsequente,</strong></span> <span class='ocrx_word' id='word_1_157' title='bbox 1700 1367 1803 1424; x_wconf 87' lang='lat' dir='ltr'><strong>multos</strong></span> <span class='ocrx_word' id='word_1_158' title='bbox 1821 1366 1938 1422; x_wconf 87' lang='lat' dir='ltr'><strong>Christo</strong></span> <span class='ocrx_word' id='word_1_159' title='bbox 1957 1367 1982 1420; x_wconf 92' lang='lat' dir='ltr'><strong>in</strong></span> 
     </span>
     <span class='ocr_line' id='line_1_13' title="bbox 288 1455 1983 1539; baseline -0.016 -3"><span class='ocrx_word' id='word_1_160' title='bbox 288 1480 400 1537; x_wconf 93' lang='lat' dir='ltr'><strong>landum</strong></span> <span class='ocrx_word' id='word_1_161' title='bbox 420 1477 482 1533; x_wconf 89' lang='lat' dir='ltr'><strong>lieri</strong></span> <span class='ocrx_word' id='word_1_162' title='bbox 495 1472 642 1539; x_wconf 88' lang='lat' dir='ltr'><strong>concessit,</strong></span> <span class='ocrx_word' id='word_1_163' title='bbox 660 1470 687 1525; x_wconf 95' lang='lat' dir='ltr'><strong>in</strong></span> <span class='ocrx_word' id='word_1_164' title='bbox 700 1483 730 1525; x_wconf 92' lang='lat' dir='ltr'><strong>se</strong></span> <span class='ocrx_word' id='word_1_165' title='bbox 746 1469 806 1538; x_wconf 91' lang='lat' dir='ltr'><strong>ipse</strong></span> <span class='ocrx_word' id='word_1_166' title='bbox 826 1465 911 1522; x_wconf 93' lang='lat' dir='ltr'><strong>stulto</strong></span> <span class='ocrx_word' id='word_1_167' title='bbox 927 1462 1033 1535; x_wconf 92' lang='lat' dir='ltr'><strong>pudore</strong></span> <span class='ocrx_word' id='word_1_168' title='bbox 1048 1462 1115 1518; x_wconf 90' lang='lat' dir='ltr'><strong>reti·</strong></span> <span class='ocrx_word' id='word_1_169' title='bbox 1155 1473 1185 1516; x_wconf 90' lang='lat' dir='ltr'><strong>re</strong></span> <span class='ocrx_word' id='word_1_170' title='bbox 1200 1463 1277 1531; x_wconf 89' lang='lat' dir='ltr'><strong>gesta</strong></span> <span class='ocrx_word' id='word_1_171' title='bbox 1291 1456 1504 1527; x_wconf 83' lang='lat' dir='ltr'><strong>conjubilantes,</strong></span> <span class='ocrx_word' id='word_1_172' title='bbox 1525 1456 1626 1513; x_wconf 90' lang='lat' dir='ltr'><strong>multos</strong></span> <span class='ocrx_word' id='word_1_173' title='bbox 1640 1455 1785 1528; x_wconf 75' lang='lat' dir='ltr'><strong>lacrymari</strong></span> <span class='ocrx_word' id='word_1_174' title='bbox 1810 1471 1872 1528; x_wconf 85' lang='lat' dir='ltr'><strong>prae</strong></span> <span class='ocrx_word' id='word_1_175' title='bbox 1889 1455 1983 1512; x_wconf 76' lang='lat' dir='ltr'><strong>laetitia</strong></span> 
     </span>
     <span class='ocr_line' id='line_1_14' title="bbox 289 1551 1294 1631; baseline -0.022 -6"><span class='ocrx_word' id='word_1_176' title='bbox 289 1567 346 1625; x_wconf 92' lang='lat' dir='ltr'><strong>ceri</strong></span> <span class='ocrx_word' id='word_1_177' title='bbox 366 1564 472 1631; x_wconf 88' lang='lat' dir='ltr'><strong>voluit,</strong></span> <span class='ocrx_word' id='word_1_178' title='bbox 502 1562 550 1618; x_wconf 83' lang='lat' dir='ltr'><strong>sevi</strong></span> <span class='ocrx_word' id='word_1_179' title='bbox 580 1560 652 1617; x_wconf 92' lang='lat' dir='ltr'><strong>lorte</strong></span> <span class='ocrx_word' id='word_1_180' title='bbox 681 1563 747 1614; x_wconf 91' lang='lat' dir='ltr'><strong>tunc</strong></span> <span class='ocrx_word' id='word_1_181' title='bbox 774 1555 883 1612; x_wconf 89' lang='lat' dir='ltr'><strong>cuidam</strong></span> <span class='ocrx_word' id='word_1_182' title='bbox 909 1551 1032 1609; x_wconf 70' lang='lat' dir='ltr'><strong>arnoldo</strong></span> <span class='ocrx_word' id='word_1_183' title='bbox 1060 1551 1114 1608; x_wconf 88' lang='lat' dir='ltr'><strong>sibi</strong></span> <span class='ocrx_word' id='word_1_184' title='bbox 1154 1562 1294 1606; x_wconf 88' lang='lat' dir='ltr'><strong>cerneres.</strong></span> 
     </span>
    </p>
   </div>
   <div class='ocr_carea' id='block_1_5' title="bbox 288 1641 1920 1805">
    <p class='ocr_par' dir='ltr' id='par_1_5' title="bbox 288 1641 1920 1805">
     <span class='ocr_line' id='line_1_15' title="bbox 288 1641 1920 1712; baseline -0.017 0"><span class='ocrx_word' id='word_1_185' title='bbox 288 1654 461 1712; x_wconf 80' lang='lat' dir='ltr'><strong>familiariter</strong></span> <span class='ocrx_word' id='word_1_186' title='bbox 475 1649 628 1708; x_wconf 86' lang='lat' dir='ltr'><strong>adhaerenti</strong></span> <span class='ocrx_word' id='word_1_187' title='bbox 651 1643 798 1704; x_wconf 90' lang='lat' dir='ltr'><strong>mussando</strong></span> <span class='ocrx_word' id='word_1_188' title='bbox 817 1642 922 1710; x_wconf 89' lang='lat' dir='ltr'><strong>intulit,</strong></span> <span class='ocrx_word' id='word_1_189' title='bbox 947 1643 1021 1698; x_wconf 91' lang='lat' dir='ltr'><strong>bono</strong></span> <span class='ocrx_word' id='word_1_190' title='bbox 1046 1641 1113 1697; x_wconf 89' lang='lat' dir='ltr'><strong>omi·</strong></span> <span class='ocrx_word' id='word_1_191' title='bbox 1217 1657 1282 1712; x_wconf 66' lang='grc' dir='ltr'><strong>ριι,</strong></span> <span class='ocrx_word' id='word_1_192' title='bbox 1298 1654 1390 1711; x_wconf 45' lang='grc' dir='ltr'><strong>ιιιιιιι,</strong></span> <span class='ocrx_word' id='word_1_193' title='bbox 1412 1654 1525 1710; x_wconf 50' lang='lat' dir='ltr'><strong>pergam</strong></span> <span class='ocrx_word' id='word_1_194' title='bbox 1540 1651 1692 1709; x_wconf 63' lang='grc' dir='ltr'><strong>ιιιιιιιιιιιιιι</strong></span> <span class='ocrx_word' id='word_1_195' title='bbox 1707 1653 1800 1709; x_wconf 59' lang='lat' dir='ltr'><em>eodem</em></span> <span class='ocrx_word' id='word_1_196' title='bbox 1819 1653 1866 1710; x_wconf 51' lang='grc' dir='ltr'><strong>ιιι</strong></span> <span class='ocrx_word' id='word_1_197' title='bbox 1885 1653 1920 1709; x_wconf 53' lang='grc' dir='ltr'><strong>ιι</strong></span> 
     </span>
     <span class='ocr_line' id='line_1_16' title="bbox 289 1725 1665 1805; baseline -0.015 -5"><span class='ocrx_word' id='word_1_198' title='bbox 289 1759 324 1800; x_wconf 91' lang='lat' dir='ltr'><strong>ne</strong></span> <span class='ocrx_word' id='word_1_199' title='bbox 343 1757 394 1799; x_wconf 91' lang='lat' dir='ltr'><strong>suo</strong></span> <span class='ocrx_word' id='word_1_200' title='bbox 413 1757 443 1798; x_wconf 90' lang='lat' dir='ltr'><strong>se</strong></span> <span class='ocrx_word' id='word_1_201' title='bbox 454 1740 520 1797; x_wconf 92' lang='lat' dir='ltr'><strong>illue</strong></span> <span class='ocrx_word' id='word_1_202' title='bbox 535 1739 696 1803; x_wconf 90' lang='lat' dir='ltr'><strong>admissum,</strong></span> <span class='ocrx_word' id='word_1_203' title='bbox 711 1748 744 1792; x_wconf 94' lang='lat' dir='ltr'><strong>eo</strong></span> <span class='ocrx_word' id='word_1_204' title='bbox 760 1732 834 1805; x_wconf 93' lang='lat' dir='ltr'><strong>quod</strong></span> <span class='ocrx_word' id='word_1_205' title='bbox 859 1731 1004 1803; x_wconf 84' lang='lat' dir='ltr'><strong>praesentis</strong></span> <span class='ocrx_word' id='word_1_206' title='bbox 1025 1729 1113 1785; x_wconf 89' lang='lat' dir='ltr'><strong>sancti</strong></span> <span class='ocrx_word' id='word_1_207' title='bbox 1464 1725 1572 1781; x_wconf 63' lang='lat' dir='ltr'><strong>nubre</strong></span> <span class='ocrx_word' id='word_1_208' title='bbox 1584 1739 1665 1781; x_wconf 80' lang='lat' dir='ltr'><strong>cuce.</strong></span> 
     </span>
    </p>
   </div>
   <div class='ocr_carea' id='block_1_6' title="bbox 272 1811 2043 4931">
    <p class='ocr_par' dir='ltr' id='par_1_6' title="bbox 272 1811 2043 4931">
     <span class='ocr_line' id='line_1_17' title="bbox 289 1811 1982 1896; baseline -0.011 -7"><span class='ocrx_word' id='word_1_209' title='bbox 289 1838 393 1889; x_wconf 92' lang='lat' dir='ltr'><strong>attactu</strong></span> <span class='ocrx_word' id='word_1_210' title='bbox 408 1830 456 1886; x_wconf 93' lang='lat' dir='ltr'><strong>diu</strong></span> <span class='ocrx_word' id='word_1_211' title='bbox 470 1829 599 1884; x_wconf 90' lang='lat' dir='ltr'><strong>amissum</strong></span> <span class='ocrx_word' id='word_1_212' title='bbox 619 1824 755 1896; x_wconf 89' lang='lat' dir='ltr'><strong>receperit</strong></span> <span class='ocrx_word' id='word_1_213' title='bbox 774 1824 872 1889; x_wconf 90' lang='lat' dir='ltr'><strong>visum,</strong></span> <span class='ocrx_word' id='word_1_214' title='bbox 898 1820 1024 1877; x_wconf 91' lang='lat' dir='ltr'><strong>eumdem</strong></span> <span class='ocrx_word' id='word_1_215' title='bbox 1049 1811 1147 1874; x_wconf 74' lang='grc' dir='ltr'><strong>ειη-Β</strong></span> <span class='ocrx_word' id='word_1_216' title='bbox 1190 1816 1312 1874; x_wconf 86' lang='lat' dir='ltr'><strong>Necdum</strong></span> <span class='ocrx_word' id='word_1_217' title='bbox 1331 1828 1397 1872; x_wconf 91' lang='lat' dir='ltr'><strong>vero</strong></span> <span class='ocrx_word' id='word_1_218' title='bbox 1415 1814 1517 1886; x_wconf 82' lang='lat' dir='ltr'><strong>hymno</strong></span> <span class='ocrx_word' id='word_1_219' title='bbox 1546 1813 1684 1884; x_wconf 88' lang='lat' dir='ltr'><strong>completo</strong></span> <span class='ocrx_word' id='word_1_220' title='bbox 1711 1821 1739 1870; x_wconf 93' lang='lat' dir='ltr'><strong>et</strong></span> <span class='ocrx_word' id='word_1_221' title='bbox 1765 1814 1861 1871; x_wconf 90' lang='lat' dir='ltr'><strong>adbuc</strong></span> <span class='ocrx_word' id='word_1_222' title='bbox 1893 1815 1982 1871; x_wconf 82' lang='lat' dir='ltr'><strong>maritis</strong></span> 
     </span>
     <span class='ocr_line' id='line_1_18' title="bbox 291 1903 1981 1981; baseline -0.011 -2"><span class='ocrx_word' id='word_1_223' title='bbox 291 1922 357 1979; x_wconf 92' lang='lat' dir='ltr'><strong>nino</strong></span> <span class='ocrx_word' id='word_1_224' title='bbox 373 1920 516 1976; x_wconf 88' lang='lat' dir='ltr'><strong>obtestans</strong></span> <span class='ocrx_word' id='word_1_225' title='bbox 532 1923 561 1972; x_wconf 91' lang='lat' dir='ltr'><strong>ut</strong></span> <span class='ocrx_word' id='word_1_226' title='bbox 576 1916 629 1972; x_wconf 91' lang='lat' dir='ltr'><strong>boc</strong></span> <span class='ocrx_word' id='word_1_227' title='bbox 653 1918 768 1979; x_wconf 89' lang='lat' dir='ltr'><strong>taceret,</strong></span> <span class='ocrx_word' id='word_1_228' title='bbox 793 1911 861 1967; x_wconf 91' lang='lat' dir='ltr'><strong>nulli</strong></span> <span class='ocrx_word' id='word_1_229' title='bbox 881 1923 1001 1981; x_wconf 90' lang='lat' dir='ltr'><strong>unquam</strong></span> <span class='ocrx_word' id='word_1_230' title='bbox 1020 1907 1113 1978; x_wconf 89' lang='lat' dir='ltr'><strong>uperi-</strong></span> <span class='ocrx_word' id='word_1_231' title='bbox 1155 1906 1285 1964; x_wconf 87' lang='lat' dir='ltr'><strong>dentibus</strong></span> <span class='ocrx_word' id='word_1_232' title='bbox 1299 1919 1357 1975; x_wconf 81' lang='lat' dir='ltr'><strong>prae</strong></span> <span class='ocrx_word' id='word_1_233' title='bbox 1380 1905 1492 1977; x_wconf 89' lang='lat' dir='ltr'><strong>gaudio,</strong></span> <span class='ocrx_word' id='word_1_234' title='bbox 1522 1903 1649 1975; x_wconf 86' lang='lat' dir='ltr'><strong>quaedam</strong></span> <span class='ocrx_word' id='word_1_235' title='bbox 1678 1905 1759 1960; x_wconf 90' lang='lat' dir='ltr'><strong>etiam</strong></span> <span class='ocrx_word' id='word_1_236' title='bbox 1788 1905 1894 1962; x_wconf 90' lang='lat' dir='ltr'><strong>mulier</strong></span> <span class='ocrx_word' id='word_1_237' title='bbox 1912 1921 1981 1962; x_wconf 71' lang='lat' dir='ltr'><strong>caca</strong></span> 
     </span>
     <span class='ocr_line' id='line_1_19' title="bbox 290 1991 1982 2074; baseline -0.011 -7"><span class='ocrx_word' id='word_1_238' title='bbox 290 2019 343 2067; x_wconf 90' lang='lat' dir='ltr'><strong>ret.</strong></span> <span class='ocrx_word' id='word_1_239' title='bbox 359 2011 459 2065; x_wconf 87' lang='lat' dir='ltr'><strong>Verum</strong></span> <span class='ocrx_word' id='word_1_240' title='bbox 478 2006 549 2063; x_wconf 90' lang='lat' dir='ltr'><strong>alter</strong></span> <span class='ocrx_word' id='word_1_241' title='bbox 568 2015 740 2074; x_wconf 89' lang='lat' dir='ltr'><strong>nequaquam</strong></span> <span class='ocrx_word' id='word_1_242' title='bbox 765 2007 847 2056; x_wconf 80' lang='lat' dir='ltr'><strong>tantae</strong></span> <span class='ocrx_word' id='word_1_243' title='bbox 864 2001 924 2070; x_wconf 76' lang='lat' dir='ltr'><strong>eJus</strong></span> <span class='ocrx_word' id='word_1_244' title='bbox 946 1997 1115 2054; x_wconf 90' lang='lat' dir='ltr'><strong>insensibili·</strong></span> <span class='ocrx_word' id='word_1_245' title='bbox 1154 1995 1237 2067; x_wconf 87' lang='lat' dir='ltr'><strong>bujus</strong></span> <span class='ocrx_word' id='word_1_246' title='bbox 1266 1994 1386 2051; x_wconf 90' lang='lat' dir='ltr'><strong>civitatis</strong></span> <span class='ocrx_word' id='word_1_247' title='bbox 1409 1993 1603 2063; x_wconf 88' lang='lat' dir='ltr'><strong>mansionaria,</strong></span> <span class='ocrx_word' id='word_1_248' title='bbox 1628 1993 1692 2051; x_wconf 88' lang='lat' dir='ltr'><strong>ideo</strong></span> <span class='ocrx_word' id='word_1_249' title='bbox 1714 1994 1824 2050; x_wconf 91' lang='lat' dir='ltr'><strong>cunctis</strong></span> <span class='ocrx_word' id='word_1_250' title='bbox 1852 1991 1982 2051; x_wconf 86' lang='lat' dir='ltr'><strong>iratribus</strong></span> 
     </span>
     <span class='ocr_line' id='line_1_20' title="bbox 290 2083 1981 2167; baseline -0.009 -12"><span class='ocrx_word' id='word_1_251' title='bbox 290 2101 339 2155; x_wconf 89' lang='lat' dir='ltr'><strong>tati</strong></span> <span class='ocrx_word' id='word_1_252' title='bbox 370 2097 524 2167; x_wconf 84' lang='lat' dir='ltr'><strong>acquievit,</strong></span> <span class='ocrx_word' id='word_1_253' title='bbox 554 2094 603 2150; x_wconf 88' lang='lat' dir='ltr'><strong>sed</strong></span> <span class='ocrx_word' id='word_1_254' title='bbox 631 2089 874 2149; x_wconf 86' lang='lat' dir='ltr'><strong>circumstantibus</strong></span> <span class='ocrx_word' id='word_1_255' title='bbox 906 2102 969 2145; x_wconf 86' lang='lat' dir='ltr'><strong>moa</strong></span> <span class='ocrx_word' id='word_1_256' title='bbox 1000 2085 1113 2144; x_wconf 86' lang='lat' dir='ltr'><strong>detexit.</strong></span> <span class='ocrx_word' id='word_1_257' title='bbox 1156 2085 1309 2151; x_wconf 89' lang='lat' dir='ltr'><strong>notissima,</strong></span> <span class='ocrx_word' id='word_1_258' title='bbox 1330 2089 1395 2140; x_wconf 90' lang='lat' dir='ltr'><strong>tnnc</strong></span> <span class='ocrx_word' id='word_1_259' title='bbox 1415 2083 1502 2139; x_wconf 93' lang='lat' dir='ltr'><strong>visum</strong></span> <span class='ocrx_word' id='word_1_260' title='bbox 1522 2083 1660 2155; x_wconf 89' lang='lat' dir='ltr'><strong>recepisse</strong></span> <span class='ocrx_word' id='word_1_261' title='bbox 1682 2083 1885 2152; x_wconf 88' lang='lat' dir='ltr'><strong>denuntiatur;</strong></span> <span class='ocrx_word' id='word_1_262' title='bbox 1910 2084 1981 2155; x_wconf 86' lang='lat' dir='ltr'><strong>ipsa·</strong></span> 
     </span>
     <span class='ocr_line' id='line_1_21' title="bbox 288 2172 1981 2256; baseline -0.008 -13"><span class='ocrx_word' id='word_1_263' title='bbox 288 2186 365 2256; x_wconf 86' lang='lat' dir='ltr'><strong>Quod</strong></span> <span class='ocrx_word' id='word_1_264' title='bbox 385 2185 496 2256; x_wconf 90' lang='lat' dir='ltr'><strong>quidam</strong></span> <span class='ocrx_word' id='word_1_265' title='bbox 526 2183 640 2238; x_wconf 90' lang='lat' dir='ltr'><strong>lratcum</strong></span> <span class='ocrx_word' id='word_1_266' title='bbox 664 2195 728 2235; x_wconf 89' lang='lat' dir='ltr'><strong>vere</strong></span> <span class='ocrx_word' id='word_1_267' title='bbox 748 2177 896 2248; x_wconf 75' lang='lat' dir='ltr'><strong>contigisse</strong></span> <span class='ocrx_word' id='word_1_268' title='bbox 920 2177 1113 2246; x_wconf 87' lang='lat' dir='ltr'><strong>comperiens,</strong></span> <span class='ocrx_word' id='word_1_269' title='bbox 1157 2188 1210 2245; x_wconf 94' lang='lat' dir='ltr'><strong>que</strong></span> <span class='ocrx_word' id='word_1_270' title='bbox 1225 2175 1253 2230; x_wconf 95' lang='lat' dir='ltr'><strong>in</strong></span> <span class='ocrx_word' id='word_1_271' title='bbox 1268 2179 1418 2244; x_wconf 90' lang='lat' dir='ltr'><strong>conspectu</strong></span> <span class='ocrx_word' id='word_1_272' title='bbox 1439 2172 1560 2230; x_wconf 92' lang='lat' dir='ltr'><strong>omnium</strong></span> <span class='ocrx_word' id='word_1_273' title='bbox 1576 2174 1699 2230; x_wconf 90' lang='lat' dir='ltr'><strong>nuntium</strong></span> <span class='ocrx_word' id='word_1_274' title='bbox 1719 2173 1882 2244; x_wconf 81' lang='lat' dir='ltr'><strong>hujusmodi</strong></span> <span class='ocrx_word' id='word_1_275' title='bbox 1896 2173 1981 2229; x_wconf 90' lang='lat' dir='ltr'><strong>comi-</strong></span> 
     </span>
     <span class='ocr_line' id='line_1_22' title="bbox 287 2261 1978 2333; baseline -0.008 -1"><span class='ocrx_word' id='word_1_276' title='bbox 287 2281 399 2332; x_wconf 85' lang='lat' dir='ltr'><strong>ertenta</strong></span> <span class='ocrx_word' id='word_1_277' title='bbox 417 2288 499 2329; x_wconf 90' lang='lat' dir='ltr'><strong>manu</strong></span> <span class='ocrx_word' id='word_1_278' title='bbox 528 2271 639 2328; x_wconf 90' lang='lat' dir='ltr'><strong>eunctis</strong></span> <span class='ocrx_word' id='word_1_279' title='bbox 668 2267 807 2324; x_wconf 90' lang='lat' dir='ltr'><strong>silentium</strong></span> <span class='ocrx_word' id='word_1_280' title='bbox 832 2265 969 2331; x_wconf 88' lang='lat' dir='ltr'><strong>indicens,</strong></span> <span class='ocrx_word' id='word_1_281' title='bbox 990 2266 1114 2322; x_wconf 91' lang='lat' dir='ltr'><strong>eumdem</strong></span> <span class='ocrx_word' id='word_1_282' title='bbox 1156 2269 1240 2332; x_wconf 89' lang='lat' dir='ltr'><strong>tatur,</strong></span> <span class='ocrx_word' id='word_1_283' title='bbox 1260 2277 1293 2318; x_wconf 93' lang='lat' dir='ltr'><strong>ae</strong></span> <span class='ocrx_word' id='word_1_284' title='bbox 1312 2275 1399 2333; x_wconf 92' lang='lat' dir='ltr'><strong>puero</strong></span> <span class='ocrx_word' id='word_1_285' title='bbox 1423 2262 1457 2317; x_wconf 90' lang='lat' dir='ltr'><strong>ad</strong></span> <span class='ocrx_word' id='word_1_286' title='bbox 1482 2261 1591 2319; x_wconf 88' lang='lat' dir='ltr'><strong>laudem</strong></span> <span class='ocrx_word' id='word_1_287' title='bbox 1615 2261 1664 2319; x_wconf 79' lang='lat' dir='ltr'><strong>liei</strong></span> <span class='ocrx_word' id='word_1_288' title='bbox 1686 2269 1714 2320; x_wconf 91' lang='lat' dir='ltr'><strong>et</strong></span> <span class='ocrx_word' id='word_1_289' title='bbox 1739 2263 1775 2319; x_wconf 90' lang='lat' dir='ltr'><strong>ad</strong></span> <span class='ocrx_word' id='word_1_290' title='bbox 1799 2264 1931 2319; x_wconf 90' lang='lat' dir='ltr'><strong>meritum</strong></span> <span class='ocrx_word' id='word_1_291' title='bbox 1954 2265 1978 2318; x_wconf 88' lang='lat' dir='ltr'><strong>S.</strong></span> 
     </span>
     <span class='ocr_line' id='line_1_23' title="bbox 287 2350 1980 2423; baseline -0.008 -3"><span class='ocrx_word' id='word_1_292' title='bbox 287 2365 370 2420; x_wconf 91' lang='lat' dir='ltr'><strong>unius</strong></span> <span class='ocrx_word' id='word_1_293' title='bbox 400 2361 474 2418; x_wconf 89' lang='lat' dir='ltr'><strong>oculi</strong></span> <span class='ocrx_word' id='word_1_294' title='bbox 493 2361 552 2416; x_wconf 93' lang='lat' dir='ltr'><strong>visu</strong></span> <span class='ocrx_word' id='word_1_295' title='bbox 576 2359 623 2415; x_wconf 93' lang='lat' dir='ltr'><strong>diu</strong></span> <span class='ocrx_word' id='word_1_296' title='bbox 642 2357 810 2422; x_wconf 90' lang='lat' dir='ltr'><strong>damnatum,</strong></span> <span class='ocrx_word' id='word_1_297' title='bbox 832 2361 898 2411; x_wconf 93' lang='lat' dir='ltr'><strong>tunc</strong></span> <span class='ocrx_word' id='word_1_298' title='bbox 922 2369 987 2411; x_wconf 90' lang='lat' dir='ltr'><strong>vero</strong></span> <span class='ocrx_word' id='word_1_299' title='bbox 1010 2355 1116 2411; x_wconf 93' lang='lat' dir='ltr'><strong>meritis</strong></span> <span class='ocrx_word' id='word_1_300' title='bbox 1157 2353 1260 2408; x_wconf 89' lang='lat' dir='ltr'><strong>Berlini</strong></span> <span class='ocrx_word' id='word_1_301' title='bbox 1290 2350 1484 2422; x_wconf 89' lang='lat' dir='ltr'><strong>protelandum</strong></span> <span class='ocrx_word' id='word_1_302' title='bbox 1512 2358 1649 2423; x_wconf 92' lang='lat' dir='ltr'><strong>prostrata</strong></span> <span class='ocrx_word' id='word_1_303' title='bbox 1677 2352 1860 2410; x_wconf 88' lang='lat' dir='ltr'><strong>admiscetur.</strong></span> <span class='ocrx_word' id='word_1_304' title='bbox 1881 2353 1980 2420; x_wconf 87' lang='lat' dir='ltr'><strong>Quanta</strong></span> 
     </span>
     <span class='ocr_line' id='line_1_24' title="bbox 286 2441 1982 2521; baseline -0.006 -12"><span class='ocrx_word' id='word_1_305' title='bbox 286 2453 375 2509; x_wconf 88' lang='lat' dir='ltr'><strong>saneti</strong></span> <span class='ocrx_word' id='word_1_306' title='bbox 388 2455 546 2521; x_wconf 87' lang='lat' dir='ltr'><strong>exspectato</strong></span> <span class='ocrx_word' id='word_1_307' title='bbox 561 2446 672 2504; x_wconf 90' lang='lat' dir='ltr'><strong>luminis</strong></span> <span class='ocrx_word' id='word_1_308' title='bbox 691 2445 764 2502; x_wconf 91' lang='lat' dir='ltr'><strong>dono</strong></span> <span class='ocrx_word' id='word_1_309' title='bbox 780 2445 901 2500; x_wconf 90' lang='lat' dir='ltr'><strong>clamitat</strong></span> <span class='ocrx_word' id='word_1_310' title='bbox 916 2451 1081 2514; x_wconf 88' lang='lat' dir='ltr'><strong>reparatum.</strong></span> <span class='ocrx_word' id='word_1_311' title='bbox 1157 2455 1222 2499; x_wconf 91' lang='lat' dir='ltr'><strong>vero</strong></span> <span class='ocrx_word' id='word_1_312' title='bbox 1237 2441 1421 2498; x_wconf 80' lang='lat' dir='ltr'><strong>exsultatione</strong></span> <span class='ocrx_word' id='word_1_313' title='bbox 1446 2448 1580 2514; x_wconf 88' lang='lat' dir='ltr'><strong>quantave</strong></span> <span class='ocrx_word' id='word_1_314' title='bbox 1599 2442 1732 2515; x_wconf 79' lang='lat' dir='ltr'><strong>dignitate</strong></span> <span class='ocrx_word' id='word_1_315' title='bbox 1751 2457 1785 2500; x_wconf 90' lang='lat' dir='ltr'><strong>ea</strong></span> <span class='ocrx_word' id='word_1_316' title='bbox 1808 2442 1857 2499; x_wconf 90' lang='lat' dir='ltr'><strong>die</strong></span> <span class='ocrx_word' id='word_1_317' title='bbox 1881 2443 1911 2499; x_wconf 95' lang='lat' dir='ltr'><strong>in</strong></span> <span class='ocrx_word' id='word_1_318' title='bbox 1934 2444 1982 2498; x_wconf 81' lang='lat' dir='ltr'><strong>llo</strong></span> 
     </span>
     <span class='ocr_line' id='line_1_25' title="bbox 286 2531 1981 2604; baseline -0.006 -6"><span class='ocrx_word' id='word_1_319' title='bbox 286 2543 353 2598; x_wconf 79' lang='lat' dir='ltr'><strong>Cle.</strong></span> <span class='ocrx_word' id='word_1_320' title='bbox 369 2541 449 2596; x_wconf 81' lang='lat' dir='ltr'><strong>xxii.</strong></span> <span class='ocrx_word' id='word_1_321' title='bbox 467 2535 615 2595; x_wconf 85' lang='lat' dir='ltr'><strong>Secundum</strong></span> <span class='ocrx_word' id='word_1_322' title='bbox 633 2531 786 2590; x_wconf 83' lang='lat' dir='ltr'><strong>miraculum</strong></span> <span class='ocrx_word' id='word_1_323' title='bbox 805 2533 894 2588; x_wconf 83' lang='lat' dir='ltr'><strong>eodem</strong></span> <span class='ocrx_word' id='word_1_324' title='bbox 912 2533 954 2588; x_wconf 86' lang='lat' dir='ltr'><strong>die</strong></span> <span class='ocrx_word' id='word_1_325' title='bbox 972 2537 1114 2604; x_wconf 79' lang='lat' dir='ltr'><strong>pulsurum.</strong></span> <span class='ocrx_word' id='word_1_326' title='bbox 1157 2531 1232 2588; x_wconf 85' lang='lat' dir='ltr'><strong>utino</strong></span> <span class='ocrx_word' id='word_1_327' title='bbox 1247 2531 1462 2603; x_wconf 84' lang='lat' dir='ltr'><strong>exsultatumac</strong></span> <span class='ocrx_word' id='word_1_328' title='bbox 1477 2532 1642 2588; x_wconf 87' lang='lat' dir='ltr'><strong>delectatum</strong></span> <span class='ocrx_word' id='word_1_329' title='bbox 1666 2538 1719 2602; x_wconf 90' lang='lat' dir='ltr'><strong>est,</strong></span> <span class='ocrx_word' id='word_1_330' title='bbox 1740 2533 1846 2590; x_wconf 91' lang='lat' dir='ltr'><strong>nullius</strong></span> <span class='ocrx_word' id='word_1_331' title='bbox 1869 2533 1981 2589; x_wconf 81' lang='lat' dir='ltr'><strong>assertio</strong></span> 
     </span>
     <span class='ocr_line' id='line_1_26' title="bbox 322 2611 1982 2698; baseline -0.004 -13"><span class='ocrx_word' id='word_1_332' title='bbox 322 2628 451 2698; x_wconf 74' lang='lat' dir='ltr'><strong>Quaedam</strong></span> <span class='ocrx_word' id='word_1_333' title='bbox 472 2626 570 2683; x_wconf 91' lang='lat' dir='ltr'><strong>mulier</strong></span> <span class='ocrx_word' id='word_1_334' title='bbox 585 2639 648 2681; x_wconf 92' lang='lat' dir='ltr'><strong>cum</strong></span> <span class='ocrx_word' id='word_1_335' title='bbox 670 2623 726 2680; x_wconf 91' lang='lat' dir='ltr'><strong>lilio</strong></span> <span class='ocrx_word' id='word_1_336' title='bbox 752 2623 864 2680; x_wconf 89' lang='lat' dir='ltr'><strong>bracbia</strong></span> <span class='ocrx_word' id='word_1_337' title='bbox 891 2637 1026 2694; x_wconf 89' lang='lat' dir='ltr'><strong>cruraque</strong></span> <span class='ocrx_word' id='word_1_338' title='bbox 1046 2611 1137 2679; x_wconf 81' lang='lat' dir='ltr'><strong>eon-&#39;</strong></span> <span class='ocrx_word' id='word_1_339' title='bbox 1158 2619 1321 2690; x_wconf 87' lang='lat' dir='ltr'><strong>adplenum</strong></span> <span class='ocrx_word' id='word_1_340' title='bbox 1351 2620 1481 2692; x_wconf 84' lang='lat' dir='ltr'><strong>expedire</strong></span> <span class='ocrx_word' id='word_1_341' title='bbox 1508 2619 1637 2678; x_wconf 89' lang='lat' dir='ltr'><strong>suiliclet.</strong></span> <span class='ocrx_word' id='word_1_342' title='bbox 1661 2623 1710 2678; x_wconf 88' lang='lat' dir='ltr'><strong>llis</strong></span> <span class='ocrx_word' id='word_1_343' title='bbox 1733 2622 1771 2678; x_wconf 89' lang='lat' dir='ltr'><strong>ita</strong></span> <span class='ocrx_word' id='word_1_344' title='bbox 1790 2623 1890 2695; x_wconf 88' lang='lat' dir='ltr'><strong>gestis,</strong></span> <span class='ocrx_word' id='word_1_345' title='bbox 1913 2624 1982 2679; x_wconf 83' lang='lat' dir='ltr'><strong>cele-</strong></span> 
     </span>
     <span class='ocr_line' id='line_1_27' title="bbox 289 2709 1982 2787; baseline -0.002 -13"><span class='ocrx_word' id='word_1_346' title='bbox 289 2719 387 2774; x_wconf 89' lang='lat' dir='ltr'><strong>stricto</strong></span> <span class='ocrx_word' id='word_1_347' title='bbox 403 2717 430 2772; x_wconf 93' lang='lat' dir='ltr'><strong>S.</strong></span> <span class='ocrx_word' id='word_1_348' title='bbox 447 2716 587 2772; x_wconf 90' lang='lat' dir='ltr'><strong>Bertinum</strong></span> <span class='ocrx_word' id='word_1_349' title='bbox 607 2727 657 2786; x_wconf 92' lang='lat' dir='ltr'><strong>pro</strong></span> <span class='ocrx_word' id='word_1_350' title='bbox 682 2713 756 2770; x_wconf 87' lang='lat' dir='ltr'><strong>iliius</strong></span> <span class='ocrx_word' id='word_1_351' title='bbox 775 2713 863 2769; x_wconf 90' lang='lat' dir='ltr'><strong>salute</strong></span> <span class='ocrx_word' id='word_1_352' title='bbox 893 2718 1021 2783; x_wconf 86' lang='lat' dir='ltr'><strong>rogatura</strong></span> <span class='ocrx_word' id='word_1_353' title='bbox 1049 2709 1117 2768; x_wconf 91' lang='lat' dir='ltr'><strong>loris</strong></span> <span class='ocrx_word' id='word_1_354' title='bbox 1159 2711 1358 2768; x_wconf 89' lang='lat' dir='ltr'><strong>berrimadies</strong></span> <span class='ocrx_word' id='word_1_355' title='bbox 1382 2711 1511 2768; x_wconf 89' lang='lat' dir='ltr'><strong>iliacum</strong></span> <span class='ocrx_word' id='word_1_356' title='bbox 1538 2713 1716 2770; x_wconf 87' lang='lat' dir='ltr'><strong>inenarrabili</strong></span> <span class='ocrx_word' id='word_1_357' title='bbox 1750 2713 1841 2787; x_wconf 89' lang='lat' dir='ltr'><strong>gloria</strong></span> <span class='ocrx_word' id='word_1_358' title='bbox 1860 2728 1982 2771; x_wconf 89' lang='lat' dir='ltr'><strong>consum·</strong></span> 
     </span>
     <span class='ocr_line' id='line_1_28' title="bbox 291 2803 1980 2876; baseline -0.002 -12"><span class='ocrx_word' id='word_1_359' title='bbox 291 2815 368 2864; x_wconf 83' lang='lat' dir='ltr'><strong>extra</strong></span> <span class='ocrx_word' id='word_1_360' title='bbox 383 2806 513 2876; x_wconf 91' lang='lat' dir='ltr'><strong>templum</strong></span> <span class='ocrx_word' id='word_1_361' title='bbox 530 2804 671 2876; x_wconf 89' lang='lat' dir='ltr'><strong>perstabat</strong></span> <span class='ocrx_word' id='word_1_362' title='bbox 689 2804 717 2859; x_wconf 94' lang='lat' dir='ltr'><strong>in</strong></span> <span class='ocrx_word' id='word_1_363' title='bbox 740 2804 828 2871; x_wconf 91' lang='lat' dir='ltr'><strong>atrio;</strong></span> <span class='ocrx_word' id='word_1_364' title='bbox 849 2815 912 2873; x_wconf 82' lang='lat' dir='ltr'><strong>quae</strong></span> <span class='ocrx_word' id='word_1_365' title='bbox 935 2803 1017 2858; x_wconf 85' lang='lat' dir='ltr'><strong>etiam</strong></span> <span class='ocrx_word' id='word_1_366' title='bbox 1041 2809 1117 2856; x_wconf 86' lang='lat' dir='ltr'><strong>aute·</strong></span> <span class='ocrx_word' id='word_1_367' title='bbox 1158 2807 1258 2857; x_wconf 85' lang='lat' dir='ltr'><strong>matur.</strong></span> <span class='ocrx_word' id='word_1_368' title='bbox 1274 2803 1406 2871; x_wconf 90' lang='lat' dir='ltr'><strong>Sequenti</strong></span> <span class='ocrx_word' id='word_1_369' title='bbox 1425 2815 1490 2859; x_wconf 90' lang='lat' dir='ltr'><strong>vero</strong></span> <span class='ocrx_word' id='word_1_370' title='bbox 1506 2803 1550 2858; x_wconf 89' lang='lat' dir='ltr'><strong>die</strong></span> <span class='ocrx_word' id='word_1_371' title='bbox 1574 2803 1640 2859; x_wconf 90' lang='lat' dir='ltr'><strong>item</strong></span> <span class='ocrx_word' id='word_1_372' title='bbox 1663 2803 1698 2859; x_wconf 89' lang='lat' dir='ltr'><strong>ad</strong></span> <span class='ocrx_word' id='word_1_373' title='bbox 1722 2803 1796 2860; x_wconf 93' lang='lat' dir='ltr'><strong>diem</strong></span> <span class='ocrx_word' id='word_1_374' title='bbox 1819 2807 1980 2872; x_wconf 86' lang='lat' dir='ltr'><strong>acceditur,</strong></span> 
     </span>
     <span class='ocr_line' id='line_1_29' title="bbox 290 2890 1981 2966; baseline -0.003 -11"><span class='ocrx_word' id='word_1_375' title='bbox 290 2898 343 2955; x_wconf 89' lang='lat' dir='ltr'><strong>bac</strong></span> <span class='ocrx_word' id='word_1_376' title='bbox 362 2911 424 2954; x_wconf 89' lang='lat' dir='ltr'><strong>cum</strong></span> <span class='ocrx_word' id='word_1_377' title='bbox 440 2896 566 2953; x_wconf 92' lang='lat' dir='ltr'><strong>eumdem</strong></span> <span class='ocrx_word' id='word_1_378' title='bbox 582 2908 696 2964; x_wconf 92' lang='lat' dir='ltr'><strong>puerum</strong></span> <span class='ocrx_word' id='word_1_379' title='bbox 716 2894 892 2950; x_wconf 90' lang='lat' dir='ltr'><strong>duodennem</strong></span> <span class='ocrx_word' id='word_1_380' title='bbox 916 2891 1058 2947; x_wconf 85' lang='lat' dir='ltr'><strong>Coloniam</strong></span> <span class='ocrx_word' id='word_1_381' title='bbox 1082 2890 1117 2947; x_wconf 92' lang='lat' dir='ltr'><strong>ad</strong></span> <span class='ocrx_word' id='word_1_382' title='bbox 1158 2895 1240 2960; x_wconf 87' lang='lat' dir='ltr'><strong>atque</strong></span> <span class='ocrx_word' id='word_1_383' title='bbox 1256 2891 1336 2946; x_wconf 89' lang='lat' dir='ltr'><strong>testis</strong></span> <span class='ocrx_word' id='word_1_384' title='bbox 1348 2897 1434 2962; x_wconf 81' lang='lat' dir='ltr'><strong>gestae</strong></span> <span class='ocrx_word' id='word_1_385' title='bbox 1453 2892 1493 2947; x_wconf 91' lang='lat' dir='ltr'><strong>rei</strong></span> <span class='ocrx_word' id='word_1_386' title='bbox 1516 2893 1608 2950; x_wconf 87' lang='lat' dir='ltr'><strong>cautio</strong></span> <span class='ocrx_word' id='word_1_387' title='bbox 1621 2893 1756 2962; x_wconf 91' lang='lat' dir='ltr'><strong>ordinem,</strong></span> <span class='ocrx_word' id='word_1_388' title='bbox 1781 2901 1906 2966; x_wconf 89' lang='lat' dir='ltr'><strong>tempus,</strong></span> <span class='ocrx_word' id='word_1_389' title='bbox 1923 2910 1981 2966; x_wconf 91' lang='lat' dir='ltr'><strong>per·</strong></span> 
     </span>
     <span class='ocr_line' id='line_1_30' title="bbox 292 2981 1981 3056; baseline -0.002 -12"><span class='ocrx_word' id='word_1_390' title='bbox 292 2991 319 3045; x_wconf 91' lang='lat' dir='ltr'><strong>S.</strong></span> <span class='ocrx_word' id='word_1_391' title='bbox 350 2987 489 3043; x_wconf 89' lang='lat' dir='ltr'><strong>lleribertl</strong></span> <span class='ocrx_word' id='word_1_392' title='bbox 517 2992 737 3054; x_wconf 71' lang='lat' dir='ltr'><strong>ceterorumque</strong></span> <span class='ocrx_word' id='word_1_393' title='bbox 765 2990 923 3039; x_wconf 88' lang='lat' dir='ltr'><strong>sanctorum</strong></span> <span class='ocrx_word' id='word_1_394' title='bbox 943 2981 1012 3036; x_wconf 91' lang='lat' dir='ltr'><strong>inibi</strong></span> <span class='ocrx_word' id='word_1_395' title='bbox 1040 2981 1118 3050; x_wconf 91' lang='lat' dir='ltr'><strong>quie·</strong></span> <span class='ocrx_word' id='word_1_396' title='bbox 1157 2992 1252 3034; x_wconf 88' lang='lat' dir='ltr'><strong>sonam</strong></span> <span class='ocrx_word' id='word_1_397' title='bbox 1267 2995 1299 3035; x_wconf 89' lang='lat' dir='ltr'><strong>ac</strong></span> <span class='ocrx_word' id='word_1_398' title='bbox 1320 2987 1405 3037; x_wconf 90' lang='lat' dir='ltr'><strong>testes</strong></span> <span class='ocrx_word' id='word_1_399' title='bbox 1422 2982 1579 3050; x_wconf 89' lang='lat' dir='ltr'><strong>continens,</strong></span> <span class='ocrx_word' id='word_1_400' title='bbox 1605 2989 1710 3040; x_wconf 88' lang='lat' dir='ltr'><strong>astante</strong></span> <span class='ocrx_word' id='word_1_401' title='bbox 1729 2984 1880 3040; x_wconf 89' lang='lat' dir='ltr'><strong>innumera</strong></span> <span class='ocrx_word' id='word_1_402' title='bbox 1894 2984 1981 3056; x_wconf 91' lang='lat' dir='ltr'><strong>populi</strong></span> 
     </span>
     <span class='ocr_line' id='line_1_31' title="bbox 293 3051 2043 3145; baseline -0.003 -12"><span class='ocrx_word' id='word_1_403' title='bbox 293 3077 430 3134; x_wconf 86' lang='lat' dir='ltr'><strong>scentiuut</strong></span> <span class='ocrx_word' id='word_1_404' title='bbox 449 3073 578 3145; x_wconf 88' lang='lat' dir='ltr'><strong>sullragia</strong></span> <span class='ocrx_word' id='word_1_405' title='bbox 597 3073 732 3144; x_wconf 89' lang='lat' dir='ltr'><strong>cogitaret</strong></span> <span class='ocrx_word' id='word_1_406' title='bbox 755 3069 957 3136; x_wconf 86' lang='lat' dir='ltr'><strong>devehendum,</strong></span> <span class='ocrx_word' id='word_1_407' title='bbox 981 3076 1117 3140; x_wconf 87' lang='lat' dir='ltr'><strong>quatenus</strong></span> <span class='ocrx_word' id='word_1_408' title='bbox 1158 3068 1334 3124; x_wconf 91' lang='lat' dir='ltr'><strong>multitudine</strong></span> <span class='ocrx_word' id='word_1_409' title='bbox 1349 3070 1490 3139; x_wconf 89' lang='lat' dir='ltr'><strong>recitatur,</strong></span> <span class='ocrx_word' id='word_1_410' title='bbox 1507 3085 1539 3127; x_wconf 91' lang='lat' dir='ltr'><strong>ac</strong></span> <span class='ocrx_word' id='word_1_411' title='bbox 1557 3070 1679 3142; x_wconf 89' lang='lat' dir='ltr'><strong>perlecta</strong></span> <span class='ocrx_word' id='word_1_412' title='bbox 1695 3073 1890 3130; x_wconf 89' lang='lat' dir='ltr'><strong>cumiuveuta</strong></span> <span class='ocrx_word' id='word_1_413' title='bbox 1908 3088 1981 3130; x_wconf 84' lang='lat' dir='ltr'><strong>entre</strong></span> <span class='ocrx_word' id='word_1_414' title='bbox 2042 3051 2043 3065; x_wconf 41' lang='lat'>¹</span> 
     </span>
     <span class='ocr_line' id='line_1_32' title="bbox 293 3141 1982 3235; baseline -0.001 -13"><span class='ocrx_word' id='word_1_415' title='bbox 293 3177 390 3222; x_wconf 89' lang='lat' dir='ltr'><strong>eorum</strong></span> <span class='ocrx_word' id='word_1_416' title='bbox 424 3163 531 3218; x_wconf 91' lang='lat' dir='ltr'><strong>meritis</strong></span> <span class='ocrx_word' id='word_1_417' title='bbox 563 3162 689 3217; x_wconf 90' lang='lat' dir='ltr'><strong>obtinere</strong></span> <span class='ocrx_word' id='word_1_418' title='bbox 719 3160 811 3217; x_wconf 89' lang='lat' dir='ltr'><strong>lorsan</strong></span> <span class='ocrx_word' id='word_1_419' title='bbox 843 3167 996 3216; x_wconf 88' lang='lat' dir='ltr'><strong>mereretur</strong></span> <span class='ocrx_word' id='word_1_420' title='bbox 1028 3141 1340 3216; x_wconf 74' lang='lat' dir='ltr'><strong>otdciasssacrosancto</strong></span> <span class='ocrx_word' id='word_1_421' title='bbox 1360 3160 1472 3230; x_wconf 88' lang='lat' dir='ltr'><strong>corpori</strong></span> <span class='ocrx_word' id='word_1_422' title='bbox 1496 3161 1693 3232; x_wconf 89' lang='lat' dir='ltr'><strong>componitur:</strong></span> <span class='ocrx_word' id='word_1_423' title='bbox 1722 3163 1820 3232; x_wconf 91' lang='lat' dir='ltr'><strong>sieque</strong></span> <span class='ocrx_word' id='word_1_424' title='bbox 1852 3165 1982 3235; x_wconf 55' lang='lat' dir='ltr'><strong>compost</strong></span> 
     </span>
     <span class='ocr_line' id='line_1_33' title="bbox 295 3247 1981 3322; baseline -0.001 -12"><span class='ocrx_word' id='word_1_425' title='bbox 295 3251 491 3310; x_wconf 88' lang='lat' dir='ltr'><strong>membrorum.</strong></span> <span class='ocrx_word' id='word_1_426' title='bbox 508 3250 549 3306; x_wconf 80' lang='lat' dir='ltr'><strong>nd</strong></span> <span class='ocrx_word' id='word_1_427' title='bbox 568 3250 628 3306; x_wconf 84' lang='lat' dir='ltr'><strong>baec</strong></span> <span class='ocrx_word' id='word_1_428' title='bbox 647 3248 731 3317; x_wconf 92' lang='lat' dir='ltr'><strong>idem,</strong></span> <span class='ocrx_word' id='word_1_429' title='bbox 752 3262 907 3320; x_wconf 89' lang='lat' dir='ltr'><strong>quanquam</strong></span> <span class='ocrx_word' id='word_1_430' title='bbox 932 3261 1010 3318; x_wconf 88' lang='lat' dir='ltr'><strong>puer,</strong></span> <span class='ocrx_word' id='word_1_431' title='bbox 1027 3247 1119 3319; x_wconf 92' lang='lat' dir='ltr'><strong>inquit</strong></span> <span class='ocrx_word' id='word_1_432' title='bbox 1158 3250 1216 3301; x_wconf 90' lang='lat' dir='ltr'><strong>tum</strong></span> <span class='ocrx_word' id='word_1_433' title='bbox 1231 3247 1329 3303; x_wconf 87' lang='lat' dir='ltr'><strong>summi</strong></span> <span class='ocrx_word' id='word_1_434' title='bbox 1349 3249 1478 3318; x_wconf 77' lang='lat' dir='ltr'><strong>praesulis</strong></span> <span class='ocrx_word' id='word_1_435' title='bbox 1490 3248 1583 3320; x_wconf 87' lang='lat' dir='ltr'><strong>sigillo</strong></span> <span class='ocrx_word' id='word_1_436' title='bbox 1602 3251 1736 3322; x_wconf 83' lang='lat' dir='ltr'><strong>signatur,</strong></span> <span class='ocrx_word' id='word_1_437' title='bbox 1761 3252 1903 3309; x_wconf 79' lang='lat' dir='ltr'><strong>somnium</strong></span> <span class='ocrx_word' id='word_1_438' title='bbox 1917 3254 1981 3309; x_wconf 84' lang='lat' dir='ltr'><strong>clau</strong></span> 
     </span>
     <span class='ocr_line' id='line_1_34' title="bbox 294 3334 1981 3412; baseline 0 -14"><span class='ocrx_word' id='word_1_439' title='bbox 294 3357 323 3400; x_wconf 90' lang='lat' dir='ltr'><strong>se</strong></span> <span class='ocrx_word' id='word_1_440' title='bbox 339 3355 390 3412; x_wconf 92' lang='lat' dir='ltr'><strong>per</strong></span> <span class='ocrx_word' id='word_1_441' title='bbox 404 3341 491 3397; x_wconf 90' lang='lat' dir='ltr'><strong>visum</strong></span> <span class='ocrx_word' id='word_1_442' title='bbox 505 3340 559 3409; x_wconf 83' lang='lat' dir='ltr'><strong>jam</strong></span> <span class='ocrx_word' id='word_1_443' title='bbox 579 3344 623 3395; x_wconf 94' lang='lat' dir='ltr'><strong>ter</strong></span> <span class='ocrx_word' id='word_1_444' title='bbox 653 3339 822 3395; x_wconf 91' lang='lat' dir='ltr'><strong>admonitum</strong></span> <span class='ocrx_word' id='word_1_445' title='bbox 841 3352 876 3394; x_wconf 89' lang='lat' dir='ltr'><strong>ne</strong></span> <span class='ocrx_word' id='word_1_446' title='bbox 904 3351 1042 3409; x_wconf 90' lang='lat' dir='ltr'><strong>quoquam</strong></span> <span class='ocrx_word' id='word_1_447' title='bbox 1067 3337 1118 3393; x_wconf 89' lang='lat' dir='ltr'><strong>de·</strong></span> <span class='ocrx_word' id='word_1_448' title='bbox 1159 3334 1244 3403; x_wconf 91' lang='lat' dir='ltr'><strong>ditur,</strong></span> <span class='ocrx_word' id='word_1_449' title='bbox 1262 3334 1359 3392; x_wconf 91' lang='lat' dir='ltr'><strong>ierreis</strong></span> <span class='ocrx_word' id='word_1_450' title='bbox 1374 3338 1487 3394; x_wconf 89' lang='lat' dir='ltr'><strong>circulis</strong></span> <span class='ocrx_word' id='word_1_451' title='bbox 1508 3338 1647 3411; x_wconf 89' lang='lat' dir='ltr'><strong>clavisque</strong></span> <span class='ocrx_word' id='word_1_452' title='bbox 1669 3347 1802 3410; x_wconf 89' lang='lat' dir='ltr'><strong>arctatur,</strong></span> <span class='ocrx_word' id='word_1_453' title='bbox 1830 3345 1981 3405; x_wconf 86' lang='lat' dir='ltr'><strong>consuitur.</strong></span> 
     </span>
     <span class='ocr_line' id='line_1_35' title="bbox 296 3424 1983 3504; baseline 0 -15"><span class='ocrx_word' id='word_1_454' title='bbox 296 3436 463 3504; x_wconf 90' lang='lat' dir='ltr'><strong>portaretur,</strong></span> <span class='ocrx_word' id='word_1_455' title='bbox 480 3428 533 3485; x_wconf 89' lang='lat' dir='ltr'><strong>nisi</strong></span> <span class='ocrx_word' id='word_1_456' title='bbox 554 3429 630 3499; x_wconf 93' lang='lat' dir='ltr'><strong>prius</strong></span> <span class='ocrx_word' id='word_1_457' title='bbox 644 3429 679 3485; x_wconf 92' lang='lat' dir='ltr'><strong>ad</strong></span> <span class='ocrx_word' id='word_1_458' title='bbox 694 3430 721 3485; x_wconf 90' lang='lat' dir='ltr'><strong>S.</strong></span> <span class='ocrx_word' id='word_1_459' title='bbox 747 3427 888 3484; x_wconf 89' lang='lat' dir='ltr'><strong>Bertinum</strong></span> <span class='ocrx_word' id='word_1_460' title='bbox 910 3427 1119 3497; x_wconf 84' lang='lat' dir='ltr'><strong>latusejusdem</strong></span> <span class='ocrx_word' id='word_1_461' title='bbox 1160 3424 1280 3481; x_wconf 91' lang='lat' dir='ltr'><strong>vincitur</strong></span> <span class='ocrx_word' id='word_1_462' title='bbox 1308 3425 1595 3500; x_wconf 90' lang='lat' dir='ltr'><strong>indissolubiliterque</strong></span> <span class='ocrx_word' id='word_1_463' title='bbox 1628 3445 1781 3488; x_wconf 87' lang='lat' dir='ltr'><strong>connexum</strong></span> <span class='ocrx_word' id='word_1_464' title='bbox 1811 3447 1878 3489; x_wconf 90' lang='lat' dir='ltr'><strong>curn</strong></span> <span class='ocrx_word' id='word_1_465' title='bbox 1913 3436 1983 3489; x_wconf 79' lang='lat' dir='ltr'><strong>inor</strong></span> 
     </span>
     <span class='ocr_line' id='line_1_36' title="bbox 297 3515 1982 3594; baseline 0.002 -17"><span class='ocrx_word' id='word_1_466' title='bbox 297 3522 394 3578; x_wconf 88' lang='lat' dir='ltr'><strong>merita</strong></span> <span class='ocrx_word' id='word_1_467' title='bbox 420 3518 604 3589; x_wconf 79' lang='lat' dir='ltr'><strong>experiretur.</strong></span> <span class='ocrx_word' id='word_1_468' title='bbox 621 3519 743 3589; x_wconf 81' lang='lat' dir='ltr'><strong>Cumque</strong></span> <span class='ocrx_word' id='word_1_469' title='bbox 766 3517 832 3573; x_wconf 90' lang='lat' dir='ltr'><strong>illuc</strong></span> <span class='ocrx_word' id='word_1_470' title='bbox 856 3517 936 3573; x_wconf 90' lang='lat' dir='ltr'><strong>etlam</strong></span> <span class='ocrx_word' id='word_1_471' title='bbox 959 3531 1009 3587; x_wconf 94' lang='lat' dir='ltr'><strong>per</strong></span> <span class='ocrx_word' id='word_1_472' title='bbox 1032 3518 1119 3574; x_wconf 92' lang='lat' dir='ltr'><strong>visum</strong></span> <span class='ocrx_word' id='word_1_473' title='bbox 1161 3529 1244 3572; x_wconf 78' lang='lat' dir='ltr'><strong>merae</strong></span> <span class='ocrx_word' id='word_1_474' title='bbox 1259 3515 1444 3573; x_wconf 92' lang='lat' dir='ltr'><strong>multitudinis</strong></span> <span class='ocrx_word' id='word_1_475' title='bbox 1459 3518 1582 3590; x_wconf 90' lang='lat' dir='ltr'><strong>tripudio</strong></span> <span class='ocrx_word' id='word_1_476' title='bbox 1602 3519 1629 3576; x_wconf 94' lang='lat' dir='ltr'><strong>in</strong></span> <span class='ocrx_word' id='word_1_477' title='bbox 1644 3521 1742 3577; x_wconf 87' lang='lat' dir='ltr'><strong>Sancta</strong></span> <span class='ocrx_word' id='word_1_478' title='bbox 1756 3529 1922 3580; x_wconf 80' lang='lat' dir='ltr'><strong>sanctonum</strong></span> <span class='ocrx_word' id='word_1_479' title='bbox 1940 3523 1982 3594; x_wconf 64' lang='lat'><strong>158]</strong></span> 
     </span>
     <span class='ocr_line' id='line_1_37' title="bbox 295 3605 1984 3682; baseline 0.002 -14"><span class='ocrx_word' id='word_1_480' title='bbox 295 3618 405 3668; x_wconf 85' lang='lat' dir='ltr'><strong>ventum</strong></span> <span class='ocrx_word' id='word_1_481' title='bbox 425 3613 499 3664; x_wconf 91' lang='lat' dir='ltr'><strong>esset</strong></span> <span class='ocrx_word' id='word_1_482' title='bbox 514 3613 541 3664; x_wconf 90' lang='lat' dir='ltr'><strong>et</strong></span> <span class='ocrx_word' id='word_1_483' title='bbox 554 3613 672 3678; x_wconf 90' lang='lat' dir='ltr'><strong>oratum,</strong></span> <span class='ocrx_word' id='word_1_484' title='bbox 692 3607 759 3662; x_wconf 91' lang='lat' dir='ltr'><strong>item</strong></span> <span class='ocrx_word' id='word_1_485' title='bbox 784 3606 856 3662; x_wconf 89' lang='lat' dir='ltr'><strong>idem</strong></span> <span class='ocrx_word' id='word_1_486' title='bbox 875 3613 994 3676; x_wconf 89' lang='lat' dir='ltr'><strong>quatuor</strong></span> <span class='ocrx_word' id='word_1_487' title='bbox 1016 3607 1121 3663; x_wconf 91' lang='lat' dir='ltr'><strong>colum·</strong></span> <span class='ocrx_word' id='word_1_488' title='bbox 1161 3619 1222 3661; x_wconf 91' lang='lat' dir='ltr'><strong>cum</strong></span> <span class='ocrx_word' id='word_1_489' title='bbox 1243 3605 1359 3676; x_wconf 93' lang='lat' dir='ltr'><strong>reliquis</strong></span> <span class='ocrx_word' id='word_1_490' title='bbox 1387 3607 1529 3665; x_wconf 88' lang='lat' dir='ltr'><strong>inducitur</strong></span> <span class='ocrx_word' id='word_1_491' title='bbox 1558 3611 1806 3682; x_wconf 85' lang='lat' dir='ltr'><strong>magnificandum:</strong></span> <span class='ocrx_word' id='word_1_492' title='bbox 1839 3615 1890 3670; x_wconf 92' lang='lat' dir='ltr'><strong>ubi</strong></span> <span class='ocrx_word' id='word_1_493' title='bbox 1919 3627 1984 3670; x_wconf 89' lang='lat' dir='ltr'><strong>nunc</strong></span> 
     </span>
     <span class='ocr_line' id='line_1_38' title="bbox 298 3693 1987 3770; baseline 0.004 -16"><span class='ocrx_word' id='word_1_494' title='bbox 298 3698 347 3755; x_wconf 90' lang='lat' dir='ltr'><strong>bas</strong></span> <span class='ocrx_word' id='word_1_495' title='bbox 362 3696 572 3755; x_wconf 89' lang='lat' dir='ltr'><strong>candidissimas</strong></span> <span class='ocrx_word' id='word_1_496' title='bbox 586 3696 686 3753; x_wconf 89' lang='lat' dir='ltr'><strong>vidisse</strong></span> <span class='ocrx_word' id='word_1_497' title='bbox 706 3710 736 3752; x_wconf 90' lang='lat' dir='ltr'><strong>se</strong></span> <span class='ocrx_word' id='word_1_498' title='bbox 754 3696 794 3751; x_wconf 87' lang='lat' dir='ltr'><strong>ait</strong></span> <span class='ocrx_word' id='word_1_499' title='bbox 812 3696 952 3751; x_wconf 85' lang='lat' dir='ltr'><strong>avolantes</strong></span> <span class='ocrx_word' id='word_1_500' title='bbox 966 3693 1041 3752; x_wconf 85' lang='lat' dir='ltr'><strong>locas</strong></span> <span class='ocrx_word' id='word_1_501' title='bbox 1064 3710 1121 3753; x_wconf 92' lang='lat' dir='ltr'><strong>mo·</strong></span> <span class='ocrx_word' id='word_1_502' title='bbox 1162 3707 1249 3764; x_wconf 90' lang='lat' dir='ltr'><strong>usque</strong></span> <span class='ocrx_word' id='word_1_503' title='bbox 1264 3701 1411 3752; x_wconf 90' lang='lat' dir='ltr'><strong>veneratur</strong></span> <span class='ocrx_word' id='word_1_504' title='bbox 1429 3703 1467 3766; x_wconf 83' lang='lat' dir='ltr'><strong>et,</strong></span> <span class='ocrx_word' id='word_1_505' title='bbox 1493 3700 1609 3756; x_wconf 82' lang='lat' dir='ltr'><strong>Domino</strong></span> <span class='ocrx_word' id='word_1_506' title='bbox 1633 3707 1782 3770; x_wconf 87' lang='lat' dir='ltr'><strong>annuente,</strong></span> <span class='ocrx_word' id='word_1_507' title='bbox 1812 3705 1987 3761; x_wconf 81' lang='lat' dir='ltr'><strong>venerabitur</strong></span> 
     </span>
     <span class='ocr_line' id='line_1_39' title="bbox 299 3782 1986 3856; baseline 0.002 -12"><span class='ocrx_word' id='word_1_508' title='bbox 299 3787 448 3844; x_wconf 81' lang='lat' dir='ltr'><strong>casterium</strong></span> <span class='ocrx_word' id='word_1_509' title='bbox 480 3786 624 3856; x_wconf 89' lang='lat' dir='ltr'><strong>ipsumque</strong></span> <span class='ocrx_word' id='word_1_510' title='bbox 654 3783 740 3840; x_wconf 89' lang='lat' dir='ltr'><strong>altare</strong></span> <span class='ocrx_word' id='word_1_511' title='bbox 768 3797 932 3841; x_wconf 90' lang='lat' dir='ltr'><strong>concussum</strong></span> <span class='ocrx_word' id='word_1_512' title='bbox 956 3786 1045 3841; x_wconf 91' lang='lat' dir='ltr'><strong>instar</strong></span> <span class='ocrx_word' id='word_1_513' title='bbox 1062 3783 1121 3842; x_wconf 88' lang='lat' dir='ltr'><strong>lolii</strong></span> <span class='ocrx_word' id='word_1_514' title='bbox 1162 3782 1305 3839; x_wconf 81' lang='lat' dir='ltr'><strong>insaecula</strong></span> <span class='ocrx_word' id='word_1_515' title='bbox 1324 3785 1501 3843; x_wconf 84' lang='lat' dir='ltr'><strong>saeculorum.</strong></span> <span class='ocrx_word' id='word_1_516' title='bbox 1521 3789 1626 3846; x_wconf 81' lang='lat' dir='ltr'><strong>Dehinc</strong></span> <span class='ocrx_word' id='word_1_517' title='bbox 1644 3798 1734 3847; x_wconf 89' lang='lat' dir='ltr'><strong>autem</strong></span> <span class='ocrx_word' id='word_1_518' title='bbox 1748 3805 1839 3849; x_wconf 78' lang='lat' dir='ltr'><strong>sacrae</strong></span> <span class='ocrx_word' id='word_1_519' title='bbox 1866 3793 1986 3850; x_wconf 82' lang='lat' dir='ltr'><strong>elevatio</strong></span> 
     </span>
     <span class='ocr_line' id='line_1_40' title="bbox 300 3873 1986 3952; baseline 0.003 -19"><span class='ocrx_word' id='word_1_520' title='bbox 300 3884 483 3942; x_wconf 88' lang='lat' dir='ltr'><strong>contremere,</strong></span> <span class='ocrx_word' id='word_1_521' title='bbox 499 3887 616 3944; x_wconf 87' lang='lat' dir='ltr'><strong>seseque</strong></span> <span class='ocrx_word' id='word_1_522' title='bbox 643 3887 735 3931; x_wconf 91' lang='lat' dir='ltr'><strong>coram</strong></span> <span class='ocrx_word' id='word_1_523' title='bbox 761 3887 794 3930; x_wconf 88' lang='lat' dir='ltr'><strong>eo</strong></span> <span class='ocrx_word' id='word_1_524' title='bbox 818 3880 1049 3945; x_wconf 87' lang='lat' dir='ltr'><strong>prosternentem.</strong></span> <span class='ocrx_word' id='word_1_525' title='bbox 1070 3889 1122 3931; x_wconf 93' lang='lat' dir='ltr'><strong>nec</strong></span> <span class='ocrx_word' id='word_1_526' title='bbox 1162 3873 1206 3928; x_wconf 91' lang='lat' dir='ltr'><strong>nis</strong></span> <span class='ocrx_word' id='word_1_527' title='bbox 1225 3873 1297 3929; x_wconf 90' lang='lat' dir='ltr'><strong>diem</strong></span> <span class='ocrx_word' id='word_1_528' title='bbox 1328 3876 1513 3934; x_wconf 89' lang='lat' dir='ltr'><strong>memorialem</strong></span> <span class='ocrx_word' id='word_1_529' title='bbox 1540 3891 1662 3936; x_wconf 87' lang='lat' dir='ltr'><strong>summus</strong></span> <span class='ocrx_word' id='word_1_530' title='bbox 1689 3881 1792 3952; x_wconf 75' lang='lat' dir='ltr'><strong>praesul</strong></span> <span class='ocrx_word' id='word_1_531' title='bbox 1811 3895 1846 3939; x_wconf 92' lang='lat' dir='ltr'><strong>ac</strong></span> <span class='ocrx_word' id='word_1_532' title='bbox 1876 3883 1986 3940; x_wconf 90' lang='lat' dir='ltr'><strong>domnus</strong></span> 
     </span>
     <span class='ocr_line' id='line_1_41' title="bbox 300 3962 1985 4041; baseline 0.004 -20"><span class='ocrx_word' id='word_1_533' title='bbox 300 3979 377 4022; x_wconf 90' lang='lat' dir='ltr'><strong>mora</strong></span> <span class='ocrx_word' id='word_1_534' title='bbox 405 3964 470 4020; x_wconf 91' lang='lat' dir='ltr'><strong>inde</strong></span> <span class='ocrx_word' id='word_1_535' title='bbox 494 3964 599 4019; x_wconf 91' lang='lat' dir='ltr'><strong>meritis</strong></span> <span class='ocrx_word' id='word_1_536' title='bbox 626 3963 714 4020; x_wconf 86' lang='lat' dir='ltr'><strong>sancti</strong></span> <span class='ocrx_word' id='word_1_537' title='bbox 742 3964 873 4034; x_wconf 87' lang='lat' dir='ltr'><strong>sospitem</strong></span> <span class='ocrx_word' id='word_1_538' title='bbox 902 3964 1065 4020; x_wconf 84' lang='lat' dir='ltr'><strong>surrexisse.</strong></span> <span class='ocrx_word' id='word_1_539' title='bbox 1090 3964 1120 4020; x_wconf 90' lang='lat' dir='ltr'><strong>ld</strong></span> <span class='ocrx_word' id='word_1_540' title='bbox 1163 3962 1311 4033; x_wconf 90' lang='lat' dir='ltr'><strong>episcopus</strong></span> <span class='ocrx_word' id='word_1_541' title='bbox 1335 3971 1460 4021; x_wconf 90' lang='lat' dir='ltr'><strong>nostera</strong></span> <span class='ocrx_word' id='word_1_542' title='bbox 1480 3975 1580 4024; x_wconf 89' lang='lat' dir='ltr'><strong>cuncto</strong></span> <span class='ocrx_word' id='word_1_543' title='bbox 1603 3969 1708 4041; x_wconf 93' lang='lat' dir='ltr'><strong>populo</strong></span> <span class='ocrx_word' id='word_1_544' title='bbox 1729 3971 1812 4040; x_wconf 79' lang='lat' dir='ltr'><strong>buius</strong></span> <span class='ocrx_word' id='word_1_545' title='bbox 1836 3971 1985 4030; x_wconf 72' lang='lat' dir='ltr'><strong>dioecesem</strong></span> 
     </span>
     <span class='ocr_line' id='line_1_42' title="bbox 301 4051 1985 4133; baseline 0.005 -22"><span class='ocrx_word' id='word_1_546' title='bbox 301 4067 367 4125; x_wconf 88' lang='lat' dir='ltr'><strong>ergo</strong></span> <span class='ocrx_word' id='word_1_547' title='bbox 387 4065 473 4123; x_wconf 90' lang='lat' dir='ltr'><strong>puero</strong></span> <span class='ocrx_word' id='word_1_548' title='bbox 488 4052 615 4123; x_wconf 86' lang='lat' dir='ltr'><strong>genitrici</strong></span> <span class='ocrx_word' id='word_1_549' title='bbox 635 4051 771 4108; x_wconf 80' lang='lat' dir='ltr'><strong>referente</strong></span> <span class='ocrx_word' id='word_1_550' title='bbox 787 4053 953 4123; x_wconf 87' lang='lat' dir='ltr'><strong>jamjamque</strong></span> <span class='ocrx_word' id='word_1_551' title='bbox 974 4051 1044 4108; x_wconf 90' lang='lat' dir='ltr'><strong>lama</strong></span> <span class='ocrx_word' id='word_1_552' title='bbox 1069 4053 1123 4110; x_wconf 93' lang='lat' dir='ltr'><strong>ele-</strong></span> <span class='ocrx_word' id='word_1_553' title='bbox 1163 4051 1296 4123; x_wconf 92' lang='lat' dir='ltr'><strong>deinceps</strong></span> <span class='ocrx_word' id='word_1_554' title='bbox 1324 4055 1511 4112; x_wconf 90' lang='lat' dir='ltr'><strong>venerandum</strong></span> <span class='ocrx_word' id='word_1_555' title='bbox 1540 4057 1681 4130; x_wconf 92' lang='lat' dir='ltr'><strong>multaque</strong></span> <span class='ocrx_word' id='word_1_556' title='bbox 1710 4061 1864 4119; x_wconf 89' lang='lat' dir='ltr'><strong>devotione</strong></span> <span class='ocrx_word' id='word_1_557' title='bbox 1879 4063 1985 4133; x_wconf 65' lang='lat' dir='ltr'><strong>simstdb</strong></span> 
     </span>
     <span class='ocr_line' id='line_1_43' title="bbox 300 4140 1986 4222; baseline 0.008 -25"><span class='ocrx_word' id='word_1_558' title='bbox 300 4140 381 4198; x_wconf 83' lang='lat' dir='ltr'><strong>randi</strong></span> <span class='ocrx_word' id='word_1_559' title='bbox 400 4141 489 4196; x_wconf 88' lang='lat' dir='ltr'><strong>sancti</strong></span> <span class='ocrx_word' id='word_1_560' title='bbox 512 4146 686 4210; x_wconf 86' lang='lat' dir='ltr'><strong>assequente,</strong></span> <span class='ocrx_word' id='word_1_561' title='bbox 711 4140 808 4196; x_wconf 90' lang='lat' dir='ltr'><strong>eodem</strong></span> <span class='ocrx_word' id='word_1_562' title='bbox 832 4155 894 4197; x_wconf 90' lang='lat' dir='ltr'><strong>curn</strong></span> <span class='ocrx_word' id='word_1_563' title='bbox 919 4156 1006 4214; x_wconf 92' lang='lat' dir='ltr'><strong>puero</strong></span> <span class='ocrx_word' id='word_1_564' title='bbox 1030 4142 1123 4199; x_wconf 90' lang='lat' dir='ltr'><strong>multis</strong></span> <span class='ocrx_word' id='word_1_565' title='bbox 1163 4144 1242 4220; x_wconf 86' lang='lat' dir='ltr'><strong>annis</strong></span> <span class='ocrx_word' id='word_1_566' title='bbox 1257 4143 1417 4201; x_wconf 88' lang='lat' dir='ltr'><strong>indixerunt</strong></span> <span class='ocrx_word' id='word_1_567' title='bbox 1430 4145 1588 4204; x_wconf 91' lang='lat' dir='ltr'><strong>colendum.</strong></span> <span class='ocrx_word' id='word_1_568' title='bbox 1610 4149 1659 4206; x_wconf 88' lang='lat' dir='ltr'><strong>llis</strong></span> <span class='ocrx_word' id='word_1_569' title='bbox 1677 4149 1715 4206; x_wconf 88' lang='lat' dir='ltr'><strong>ita</strong></span> <span class='ocrx_word' id='word_1_570' title='bbox 1729 4153 1856 4222; x_wconf 87' lang='lat' dir='ltr'><strong>peractis</strong></span> <span class='ocrx_word' id='word_1_571' title='bbox 1870 4163 1899 4210; x_wconf 92' lang='lat' dir='ltr'><strong>et</strong></span> <span class='ocrx_word' id='word_1_572' title='bbox 1921 4155 1986 4210; x_wconf 80' lang='lat' dir='ltr'><strong>dom</strong></span> 
     </span>
     <span class='ocr_line' id='line_1_44' title="bbox 300 4229 1984 4310; baseline 0.008 -22"><span class='ocrx_word' id='word_1_573' title='bbox 300 4233 429 4288; x_wconf 87' lang='lat' dir='ltr'><strong>comitata</strong></span> <span class='ocrx_word' id='word_1_574' title='bbox 461 4229 580 4297; x_wconf 89' lang='lat' dir='ltr'><strong>advolat,</strong></span> <span class='ocrx_word' id='word_1_575' title='bbox 604 4236 821 4300; x_wconf 89' lang='lat' dir='ltr'><strong>proventumque</strong></span> <span class='ocrx_word' id='word_1_576' title='bbox 839 4230 947 4287; x_wconf 84' lang='lat' dir='ltr'><strong>Domini</strong></span> <span class='ocrx_word' id='word_1_577' title='bbox 966 4231 1122 4287; x_wconf 90' lang='lat' dir='ltr'><strong>interventu</strong></span> <span class='ocrx_word' id='word_1_578' title='bbox 1162 4231 1207 4286; x_wconf 90' lang='lat' dir='ltr'><strong>uis</strong></span> <span class='ocrx_word' id='word_1_579' title='bbox 1239 4232 1404 4301; x_wconf 81' lang='lat' dir='ltr'><strong>praesulibus</strong></span> <span class='ocrx_word' id='word_1_580' title='bbox 1437 4243 1465 4291; x_wconf 92' lang='lat' dir='ltr'><strong>et</strong></span> <span class='ocrx_word' id='word_1_581' title='bbox 1491 4236 1638 4293; x_wconf 89' lang='lat' dir='ltr'><strong>abbatibus</strong></span> <span class='ocrx_word' id='word_1_582' title='bbox 1670 4240 1803 4310; x_wconf 88' lang='lat' dir='ltr'><strong>quidnam</strong></span> <span class='ocrx_word' id='word_1_583' title='bbox 1835 4251 1984 4301; x_wconf 70' lang='lat' dir='ltr'><strong>saneuruu</strong></span> 
     </span>
     <span class='ocr_line' id='line_1_45' title="bbox 298 4317 1985 4400; baseline 0.005 -23"><span class='ocrx_word' id='word_1_584' title='bbox 298 4324 327 4378; x_wconf 90' lang='lat' dir='ltr'><strong>S.</strong></span> <span class='ocrx_word' id='word_1_585' title='bbox 344 4319 448 4377; x_wconf 81' lang='lat' dir='ltr'><strong>bertini</strong></span> <span class='ocrx_word' id='word_1_586' title='bbox 467 4332 518 4389; x_wconf 92' lang='lat' dir='ltr'><strong>pro</strong></span> <span class='ocrx_word' id='word_1_587' title='bbox 542 4317 649 4375; x_wconf 89' lang='lat' dir='ltr'><strong>loribus</strong></span> <span class='ocrx_word' id='word_1_588' title='bbox 674 4319 838 4390; x_wconf 75' lang='lat' dir='ltr'><strong>prestolans</strong></span> <span class='ocrx_word' id='word_1_589' title='bbox 866 4321 1036 4387; x_wconf 89' lang='lat' dir='ltr'><strong>monasterii,</strong></span> <span class='ocrx_word' id='word_1_590' title='bbox 1057 4335 1122 4390; x_wconf 93' lang='lat' dir='ltr'><strong>sup·</strong></span> <span class='ocrx_word' id='word_1_591' title='bbox 1163 4317 1340 4388; x_wconf 89' lang='lat' dir='ltr'><strong>reliquiarum</strong></span> <span class='ocrx_word' id='word_1_592' title='bbox 1360 4322 1526 4394; x_wconf 91' lang='lat' dir='ltr'><strong>impetratis,</strong></span> <span class='ocrx_word' id='word_1_593' title='bbox 1549 4326 1650 4398; x_wconf 84' lang='lat' dir='ltr'><strong>singuli</strong></span> <span class='ocrx_word' id='word_1_594' title='bbox 1675 4328 1794 4400; x_wconf 89' lang='lat' dir='ltr'><strong>singulis</strong></span> <span class='ocrx_word' id='word_1_595' title='bbox 1818 4330 1920 4390; x_wconf 87' lang='lat' dir='ltr'><strong>donati</strong></span> <span class='ocrx_word' id='word_1_596' title='bbox 1941 4347 1985 4388; x_wconf 77' lang='lat' dir='ltr'><strong>ua</strong></span> 
     </span>
     <span class='ocr_line' id='line_1_46' title="bbox 286 4407 1677 4482; baseline 0.007 -16"><span class='ocrx_word' id='word_1_597' title='bbox 286 4411 363 4482; x_wconf 86' lang='lat' dir='ltr'><strong>·plex</strong></span> <span class='ocrx_word' id='word_1_598' title='bbox 382 4422 443 4465; x_wconf 92' lang='lat' dir='ltr'><strong>cum</strong></span> <span class='ocrx_word' id='word_1_599' title='bbox 458 4407 515 4464; x_wconf 90' lang='lat' dir='ltr'><strong>illio</strong></span> <span class='ocrx_word' id='word_1_600' title='bbox 530 4408 679 4478; x_wconf 88' lang='lat' dir='ltr'><strong>perstabat.</strong></span> <span class='ocrx_word' id='word_1_601' title='bbox 695 4409 817 4479; x_wconf 84' lang='lat' dir='ltr'><strong>Cumque</strong></span> <span class='ocrx_word' id='word_1_602' title='bbox 832 4409 891 4479; x_wconf 90' lang='lat' dir='ltr'><strong>ipsa</strong></span> <span class='ocrx_word' id='word_1_603' title='bbox 915 4409 988 4465; x_wconf 90' lang='lat' dir='ltr'><strong>inter</strong></span> <span class='ocrx_word' id='word_1_604' title='bbox 1002 4409 1121 4479; x_wconf 91' lang='lat' dir='ltr'><strong>compri-</strong></span> <span class='ocrx_word' id='word_1_605' title='bbox 1162 4409 1276 4466; x_wconf 92' lang='lat' dir='ltr'><strong>neribus</strong></span> <span class='ocrx_word' id='word_1_606' title='bbox 1289 4411 1323 4466; x_wconf 89' lang='lat' dir='ltr'><strong>ad</strong></span> <span class='ocrx_word' id='word_1_607' title='bbox 1338 4427 1387 4469; x_wconf 88' lang='lat' dir='ltr'><strong>sua</strong></span> <span class='ocrx_word' id='word_1_608' title='bbox 1403 4423 1563 4474; x_wconf 89' lang='lat' dir='ltr'><strong>remearunt</strong></span> <span class='ocrx_word' id='word_1_609' title='bbox 1575 4418 1677 4476; x_wconf 86' lang='lat' dir='ltr'><strong>laetius.</strong></span> 
     </span>
     <span class='ocr_line' id='line_1_47' title="bbox 299 4477 1941 4598; baseline -0.001 -43"><span class='ocrx_word' id='word_1_610' title='bbox 299 4497 515 4557; x_wconf 89' lang='lat' dir='ltr'><strong>menteslurbas</strong></span> <span class='ocrx_word' id='word_1_611' title='bbox 538 4496 572 4553; x_wconf 89' lang='lat' dir='ltr'><strong>ad</strong></span> <span class='ocrx_word' id='word_1_612' title='bbox 599 4496 777 4553; x_wconf 88' lang='lat' dir='ltr'><strong>osculandum</strong></span> <span class='ocrx_word' id='word_1_613' title='bbox 796 4497 884 4554; x_wconf 90' lang='lat' dir='ltr'><strong>saneti</strong></span> <span class='ocrx_word' id='word_1_614' title='bbox 912 4496 1043 4566; x_wconf 80' lang='lat' dir='ltr'><strong>feretrum</strong></span> <span class='ocrx_word' id='word_1_615' title='bbox 1071 4477 1155 4554; x_wconf 86' lang='lat' dir='ltr'><strong>im·D</strong></span> <span class='ocrx_word' id='word_1_616' title='bbox 1216 4521 1281 4576; x_wconf 41' lang='grc' dir='ltr'><strong>ιιι,</strong></span> <span class='ocrx_word' id='word_1_617' title='bbox 1301 4521 1391 4580; x_wconf 44' lang='lat' dir='ltr'><strong>mv·</strong></span> <span class='ocrx_word' id='word_1_618' title='bbox 1407 4525 1447 4580; x_wconf 64' lang='lat' dir='ltr'><strong>D,</strong></span> <span class='ocrx_word' id='word_1_619' title='bbox 1461 4526 1576 4598; x_wconf 57' lang='lat' dir='ltr'><strong>quodam</strong></span> <span class='ocrx_word' id='word_1_620' title='bbox 1593 4542 1662 4584; x_wconf 64' lang='lat' dir='ltr'><strong>mo</strong></span> <span class='ocrx_word' id='word_1_621' title='bbox 1693 4527 1769 4588; x_wconf 54' lang='lat' dir='ltr'><strong>me</strong></span> <span class='ocrx_word' id='word_1_622' title='bbox 1782 4531 1807 4589; x_wconf 75' lang='lat'><strong><em>3</em></strong></span> <span class='ocrx_word' id='word_1_623' title='bbox 1837 4534 1941 4593; x_wconf 55' lang='lat' dir='ltr'><strong>Bm.</strong></span> 
     </span>
     <span class='ocr_line' id='line_1_48' title="bbox 272 4572 1817 4661; baseline 0.006 -16"><span class='ocrx_word' id='word_1_624' title='bbox 272 4595 275 4604; x_wconf 82' lang='grc'>’</span> <span class='ocrx_word' id='word_1_625' title='bbox 298 4589 435 4661; x_wconf 86' lang='lat' dir='ltr'><strong>pingeret,</strong></span> <span class='ocrx_word' id='word_1_626' title='bbox 455 4600 487 4644; x_wconf 90' lang='lat' dir='ltr'><strong>ac</strong></span> <span class='ocrx_word' id='word_1_627' title='bbox 507 4587 617 4657; x_wconf 88' lang='lat' dir='ltr'><strong>repulsa</strong></span> <span class='ocrx_word' id='word_1_628' title='bbox 644 4587 800 4656; x_wconf 91' lang='lat' dir='ltr'><strong>importuna</strong></span> <span class='ocrx_word' id='word_1_629' title='bbox 827 4593 976 4657; x_wconf 88' lang='lat' dir='ltr'><strong>repeteret,</strong></span> <span class='ocrx_word' id='word_1_630' title='bbox 996 4601 1124 4658; x_wconf 88' lang='lat' dir='ltr'><strong>puerum·</strong></span> <span class='ocrx_word' id='word_1_631' title='bbox 1502 4572 1673 4656; x_wconf 79' lang='lat' dir='ltr'><strong>illumirtoto.&#39;</strong></span> <span class='ocrx_word' id='word_1_632' title='bbox 1808 4573 1817 4589; x_wconf 67' lang='lat'><em>⁰</em></span> 
     </span>
     <span class='ocr_line' id='line_1_49' title="bbox 298 4674 1982 4766; baseline 0.009 -31"><span class='ocrx_word' id='word_1_633' title='bbox 298 4691 352 4750; x_wconf 91' lang='lat' dir='ltr'><strong>que</strong></span> <span class='ocrx_word' id='word_1_634' title='bbox 371 4675 459 4734; x_wconf 91' lang='lat' dir='ltr'><strong>sancti</strong></span> <span class='ocrx_word' id='word_1_635' title='bbox 478 4674 581 4732; x_wconf 90' lang='lat' dir='ltr'><strong>ieretro</strong></span> <span class='ocrx_word' id='word_1_636' title='bbox 598 4689 739 4746; x_wconf 89' lang='lat' dir='ltr'><strong>apponere</strong></span> <span class='ocrx_word' id='word_1_637' title='bbox 767 4675 853 4732; x_wconf 92' lang='lat' dir='ltr'><strong>multo</strong></span> <span class='ocrx_word' id='word_1_638' title='bbox 883 4677 1026 4734; x_wconf 87' lang='lat' dir='ltr'><strong>conamine</strong></span> <span class='ocrx_word' id='word_1_639' title='bbox 1054 4678 1124 4734; x_wconf 82' lang='lat' dir='ltr'><strong>nite·</strong></span> <span class='ocrx_word' id='word_1_640' title='bbox 1198 4679 1319 4748; x_wconf 88' lang='lat' dir='ltr'><strong>Quorum</strong></span> <span class='ocrx_word' id='word_1_641' title='bbox 1349 4697 1430 4753; x_wconf 90' lang='lat' dir='ltr'><strong>unus,</strong></span> <span class='ocrx_word' id='word_1_642' title='bbox 1458 4685 1590 4744; x_wconf 76' lang='lat' dir='ltr'><strong>videlicet</strong></span> <span class='ocrx_word' id='word_1_643' title='bbox 1612 4687 1698 4745; x_wconf 90' lang='lat' dir='ltr'><strong>abbas</strong></span> <span class='ocrx_word' id='word_1_644' title='bbox 1721 4691 1748 4748; x_wconf 87' lang='lat' dir='ltr'><strong>S.</strong></span> <span class='ocrx_word' id='word_1_645' title='bbox 1774 4691 1912 4754; x_wconf 81' lang='lat' dir='ltr'><strong>Waletr&#39;ei</strong></span> <span class='ocrx_word' id='word_1_646' title='bbox 1930 4693 1982 4766; x_wconf 68' lang='lat' dir='ltr'><strong>l⁵9l=</strong></span> 
     </span>
     <span class='ocr_line' id='line_1_50' title="bbox 298 4763 1982 4856; baseline 0.01 -32"><span class='ocrx_word' id='word_1_647' title='bbox 298 4774 386 4834; x_wconf 91' lang='lat' dir='ltr'><strong>retur,</strong></span> <span class='ocrx_word' id='word_1_648' title='bbox 410 4767 466 4822; x_wconf 86' lang='lat' dir='ltr'><strong>Deo</strong></span> <span class='ocrx_word' id='word_1_649' title='bbox 492 4769 630 4822; x_wconf 88' lang='lat' dir='ltr'><strong>annuente</strong></span> <span class='ocrx_word' id='word_1_650' title='bbox 659 4763 732 4819; x_wconf 89' lang='lat' dir='ltr'><strong>idem</strong></span> <span class='ocrx_word' id='word_1_651' title='bbox 750 4777 820 4834; x_wconf 93' lang='lat' dir='ltr'><strong>puer</strong></span> <span class='ocrx_word' id='word_1_652' title='bbox 848 4763 960 4820; x_wconf 90' lang='lat' dir='ltr'><strong>bracbia</strong></span> <span class='ocrx_word' id='word_1_653' title='bbox 986 4780 1122 4837; x_wconf 89' lang='lat' dir='ltr'><strong>cruraque</strong></span> <span class='ocrx_word' id='word_1_654' title='bbox 1163 4775 1318 4826; x_wconf 89' lang='lat' dir='ltr'><strong>sanctarum</strong></span> <span class='ocrx_word' id='word_1_655' title='bbox 1334 4771 1515 4844; x_wconf 88' lang='lat' dir='ltr'><strong>reliquiarum</strong></span> <span class='ocrx_word' id='word_1_656' title='bbox 1540 4776 1669 4846; x_wconf 90' lang='lat' dir='ltr'><strong>quiddam</strong></span> <span class='ocrx_word' id='word_1_657' title='bbox 1692 4777 1820 4850; x_wconf 88' lang='lat' dir='ltr'><strong>adeptus,</strong></span> <span class='ocrx_word' id='word_1_658' title='bbox 1848 4793 1982 4856; x_wconf 83' lang='lat' dir='ltr'><strong>postqmn</strong></span> 
     </span>
     <span class='ocr_line' id='line_1_51' title="bbox 300 4851 1984 4931; baseline 0.011 -20"><span class='ocrx_word' id='word_1_659' title='bbox 300 4855 424 4912; x_wconf 88' lang='lat' dir='ltr'><strong>directus</strong></span> <span class='ocrx_word' id='word_1_660' title='bbox 438 4853 566 4924; x_wconf 91' lang='lat' dir='ltr'><strong>sospitati</strong></span> <span class='ocrx_word' id='word_1_661' title='bbox 585 4852 714 4909; x_wconf 89' lang='lat' dir='ltr'><strong>donatur.</strong></span> <span class='ocrx_word' id='word_1_662' title='bbox 742 4851 820 4921; x_wconf 88' lang='lat' dir='ltr'><strong>Quod</strong></span> <span class='ocrx_word' id='word_1_663' title='bbox 849 4852 927 4908; x_wconf 91' lang='lat' dir='ltr'><strong>multi</strong></span> <span class='ocrx_word' id='word_1_664' title='bbox 955 4861 1122 4924; x_wconf 90' lang='lat' dir='ltr'><strong>cernentes,</strong></span> <span class='ocrx_word' id='word_1_665' title='bbox 1164 4864 1277 4927; x_wconf 88' lang='lat' dir='ltr'><strong>peraeto</strong></span> <span class='ocrx_word' id='word_1_666' title='bbox 1299 4874 1385 4918; x_wconf 87' lang='lat' dir='ltr'><strong>saerae</strong></span> <span class='ocrx_word' id='word_1_667' title='bbox 1407 4863 1571 4921; x_wconf 88' lang='lat' dir='ltr'><strong>elevationis</strong></span> <span class='ocrx_word' id='word_1_668' title='bbox 1589 4865 1724 4925; x_wconf 89' lang='lat' dir='ltr'><strong>solemnio</strong></span> <span class='ocrx_word' id='word_1_669' title='bbox 1745 4869 1864 4929; x_wconf 90' lang='lat' dir='ltr'><strong>domum</strong></span> <span class='ocrx_word' id='word_1_670' title='bbox 1888 4883 1929 4931; x_wconf 88' lang='lat' dir='ltr'><strong>est</strong></span> <span class='ocrx_word' id='word_1_671' title='bbox 1950 4889 1984 4929; x_wconf 74' lang='lat' dir='ltr'><strong>re</strong></span> 
     </span>
    </p>
   </div>
   <div class='ocr_carea' id='block_1_7' title="bbox 299 4941 2038 5394">
    <p class='ocr_par' dir='ltr' id='par_1_7' title="bbox 299 4941 2038 5394">
     <span class='ocr_line' id='line_1_52' title="bbox 301 4941 1984 5036; baseline 0.008 -34"><span class='ocrx_word' id='word_1_672' title='bbox 301 4945 412 5016; x_wconf 89' lang='lat' dir='ltr'><strong>quidam</strong></span> <span class='ocrx_word' id='word_1_673' title='bbox 449 4942 597 4999; x_wconf 88' lang='lat' dir='ltr'><strong>astantium</strong></span> <span class='ocrx_word' id='word_1_674' title='bbox 633 4955 774 5012; x_wconf 84' lang='lat' dir='ltr'><strong>oppressae</strong></span> <span class='ocrx_word' id='word_1_675' title='bbox 810 4941 891 4997; x_wconf 90' lang='lat' dir='ltr'><strong>matri</strong></span> <span class='ocrx_word' id='word_1_676' title='bbox 932 4951 1120 5010; x_wconf 89' lang='lat' dir='ltr'><strong>succurrunt;</strong></span> <span class='ocrx_word' id='word_1_677' title='bbox 1163 4961 1268 5016; x_wconf 89' lang='lat' dir='ltr'><strong>versus,</strong></span> <span class='ocrx_word' id='word_1_678' title='bbox 1285 4951 1396 5020; x_wconf 91' lang='lat' dir='ltr'><strong>quidam</strong></span> <span class='ocrx_word' id='word_1_679' title='bbox 1417 4954 1541 5010; x_wconf 90' lang='lat' dir='ltr'><strong>rusticus</strong></span> <span class='ocrx_word' id='word_1_680' title='bbox 1564 4962 1744 5028; x_wconf 88' lang='lat' dir='ltr'><strong>utrorumque</strong></span> <span class='ocrx_word' id='word_1_681' title='bbox 1767 4960 1883 5019; x_wconf 90' lang='lat' dir='ltr'><strong>orbium</strong></span> <span class='ocrx_word' id='word_1_682' title='bbox 1907 4963 1984 5036; x_wconf 76' lang='lat' dir='ltr'><strong>papii</strong></span> 
     </span>
     <span class='ocr_line' id='line_1_53' title="bbox 300 5031 1983 5122; baseline 0.006 -31"><span class='ocrx_word' id='word_1_683' title='bbox 300 5033 411 5106; x_wconf 88' lang='lat' dir='ltr'><strong>quidam</strong></span> <span class='ocrx_word' id='word_1_684' title='bbox 440 5044 505 5089; x_wconf 91' lang='lat' dir='ltr'><strong>vero</strong></span> <span class='ocrx_word' id='word_1_685' title='bbox 534 5045 650 5102; x_wconf 90' lang='lat' dir='ltr'><strong>puerum</strong></span> <span class='ocrx_word' id='word_1_686' title='bbox 660 5031 897 5102; x_wconf 82' lang='lat' dir='ltr'><strong>comprehensum</strong></span> <span class='ocrx_word' id='word_1_687' title='bbox 917 5031 1043 5089; x_wconf 86' lang='lat' dir='ltr'><strong>ederunt.</strong></span> <span class='ocrx_word' id='word_1_688' title='bbox 1063 5036 1122 5102; x_wconf 84' lang='lat' dir='ltr'><strong>Quo</strong></span> <span class='ocrx_word' id='word_1_689' title='bbox 1164 5036 1198 5092; x_wconf 90' lang='lat' dir='ltr'><strong>lis</strong></span> <span class='ocrx_word' id='word_1_690' title='bbox 1212 5038 1340 5109; x_wconf 87' lang='lat' dir='ltr'><strong>gravibus</strong></span> <span class='ocrx_word' id='word_1_691' title='bbox 1363 5041 1478 5099; x_wconf 91' lang='lat' dir='ltr'><strong>maculis</strong></span> <span class='ocrx_word' id='word_1_692' title='bbox 1509 5043 1638 5102; x_wconf 89' lang='lat' dir='ltr'><strong>obductis</strong></span> <span class='ocrx_word' id='word_1_693' title='bbox 1662 5054 1793 5118; x_wconf 83' lang='lat' dir='ltr'><strong>caecatus,</strong></span> <span class='ocrx_word' id='word_1_694' title='bbox 1823 5065 1915 5122; x_wconf 72' lang='lat' dir='ltr'><strong>puero</strong></span> <span class='ocrx_word' id='word_1_695' title='bbox 1941 5053 1983 5108; x_wconf 71' lang='lat' dir='ltr'><strong>siet</strong></span> 
     </span>
     <span class='ocr_line' id='line_1_54' title="bbox 300 5120 1983 5210; baseline 0.011 -30"><span class='ocrx_word' id='word_1_696' title='bbox 300 5123 384 5191; x_wconf 90' lang='lat' dir='ltr'><strong>iacto,</strong></span> <span class='ocrx_word' id='word_1_697' title='bbox 406 5120 597 5179; x_wconf 90' lang='lat' dir='ltr'><strong>tumultuantis</strong></span> <span class='ocrx_word' id='word_1_698' title='bbox 626 5121 779 5176; x_wconf 74' lang='lat' dir='ltr'><strong>innumere</strong></span> <span class='ocrx_word' id='word_1_699' title='bbox 806 5120 991 5178; x_wconf 89' lang='lat' dir='ltr'><strong>multitudinis</strong></span> <span class='ocrx_word' id='word_1_700' title='bbox 1019 5123 1123 5181; x_wconf 91' lang='lat' dir='ltr'><strong>clamor</strong></span> <span class='ocrx_word' id='word_1_701' title='bbox 1163 5127 1300 5198; x_wconf 87' lang='lat' dir='ltr'><strong>dirigente</strong></span> <span class='ocrx_word' id='word_1_702' title='bbox 1314 5143 1425 5201; x_wconf 85' lang='lat' dir='ltr'><strong>gressus</strong></span> <span class='ocrx_word' id='word_1_703' title='bbox 1443 5134 1565 5190; x_wconf 80' lang='lat' dir='ltr'><strong>accessit</strong></span> <span class='ocrx_word' id='word_1_704' title='bbox 1587 5136 1621 5192; x_wconf 89' lang='lat' dir='ltr'><strong>ad</strong></span> <span class='ocrx_word' id='word_1_705' title='bbox 1644 5151 1717 5203; x_wconf 89' lang='lat' dir='ltr'><strong>eum,</strong></span> <span class='ocrx_word' id='word_1_706' title='bbox 1741 5139 1887 5210; x_wconf 90' lang='lat' dir='ltr'><strong>quidlibet</strong></span> <span class='ocrx_word' id='word_1_707' title='bbox 1912 5143 1983 5199; x_wconf 75' lang='lat' dir='ltr'><strong>medi</strong></span> 
     </span>
     <span class='ocr_line' id='line_1_55' title="bbox 299 5208 1982 5301; baseline 0.005 -32"><span class='ocrx_word' id='word_1_708' title='bbox 299 5211 456 5278; x_wconf 90' lang='lat' dir='ltr'><strong>attollitur,</strong></span> <span class='ocrx_word' id='word_1_709' title='bbox 489 5212 561 5268; x_wconf 88' lang='lat' dir='ltr'><strong>beus</strong></span> <span class='ocrx_word' id='word_1_710' title='bbox 588 5208 722 5266; x_wconf 90' lang='lat' dir='ltr'><strong>mirabilis</strong></span> <span class='ocrx_word' id='word_1_711' title='bbox 753 5210 782 5265; x_wconf 91' lang='lat' dir='ltr'><strong>in</strong></span> <span class='ocrx_word' id='word_1_712' title='bbox 814 5210 918 5266; x_wconf 88' lang='lat' dir='ltr'><strong>sanctis</strong></span> <span class='ocrx_word' id='word_1_713' title='bbox 945 5211 1003 5268; x_wconf 90' lang='lat' dir='ltr'><strong>suis</strong></span> <span class='ocrx_word' id='word_1_714' title='bbox 1035 5211 1121 5285; x_wconf 83' lang='lat' dir='ltr'><strong>(Paul.</strong></span> <span class='ocrx_word' id='word_1_715' title='bbox 1164 5217 1281 5274; x_wconf 90' lang='lat' dir='ltr'><strong>cationis</strong></span> <span class='ocrx_word' id='word_1_716' title='bbox 1295 5221 1494 5290; x_wconf 89' lang='lat' dir='ltr'><strong>postulaturus.</strong></span> <span class='ocrx_word' id='word_1_717' title='bbox 1511 5225 1562 5281; x_wconf 84' lang='lat' dir='ltr'><strong>Cui</strong></span> <span class='ocrx_word' id='word_1_718' title='bbox 1576 5225 1640 5283; x_wconf 93' lang='lat' dir='ltr'><strong>ille:</strong></span> <span class='ocrx_word' id='word_1_719' title='bbox 1655 5227 1739 5296; x_wconf 89' lang='lat' dir='ltr'><strong>Nibil,</strong></span> <span class='ocrx_word' id='word_1_720' title='bbox 1755 5228 1863 5301; x_wconf 82' lang='lat' dir='ltr'><strong>inquit,</strong></span> <span class='ocrx_word' id='word_1_721' title='bbox 1879 5231 1982 5289; x_wconf 67' lang='lat' dir='ltr'><strong>anunm</strong></span> 
     </span>
     <span class='ocr_line' id='line_1_56' title="bbox 299 5296 2038 5394; baseline -0.001 -37"><span class='ocrx_word' id='word_1_722' title='bbox 299 5315 383 5368; x_wconf 84' lang='lat' dir='ltr'><strong>eavn,</strong></span> <span class='ocrx_word' id='word_1_723' title='bbox 398 5299 442 5373; x_wconf 79' lang='lat'><strong>36)</strong></span> <span class='ocrx_word' id='word_1_724' title='bbox 457 5299 539 5372; x_wconf 89' lang='lat' dir='ltr'><strong>vulgo</strong></span> <span class='ocrx_word' id='word_1_725' title='bbox 553 5296 740 5371; x_wconf 84' lang='lat' dir='ltr'><strong>praediealur;</strong></span> <span class='ocrx_word' id='word_1_726' title='bbox 761 5298 890 5368; x_wconf 90' lang='lat' dir='ltr'><strong>quoniam</strong></span> <span class='ocrx_word' id='word_1_727' title='bbox 909 5313 1025 5371; x_wconf 88' lang='lat' dir='ltr'><strong>puerum</strong></span> <span class='ocrx_word' id='word_1_728' title='bbox 1040 5317 1122 5374; x_wconf 91' lang='lat' dir='ltr'><strong>quem</strong></span> <span class='ocrx_word' id='word_1_729' title='bbox 1164 5305 1211 5362; x_wconf 91' lang='lat' dir='ltr'><strong>tali</strong></span> <span class='ocrx_word' id='word_1_730' title='bbox 1231 5308 1327 5366; x_wconf 93' lang='lat' dir='ltr'><strong>morbo</strong></span> <span class='ocrx_word' id='word_1_731' title='bbox 1347 5311 1411 5367; x_wconf 90' lang='lat' dir='ltr'><strong>novi</strong></span> <span class='ocrx_word' id='word_1_732' title='bbox 1440 5311 1625 5384; x_wconf 83' lang='lat' dir='ltr'><strong>salutiferum,</strong></span> <span class='ocrx_word' id='word_1_733' title='bbox 1650 5323 1752 5387; x_wconf 87' lang='lat' dir='ltr'><strong>praeter</strong></span> <span class='ocrx_word' id='word_1_734' title='bbox 1774 5323 1982 5394; x_wconf 63' lang='lat' dir='ltr'><strong>cunctipotente</strong></span> <span class='ocrx_word' id='word_1_735' title='bbox 2037 5349 2038 5355; x_wconf 75' lang='grc'>,</span> 
     </span>
    </p>
   </div>
   <div class='ocr_carea' id='block_1_8' title="bbox 298 5405 1984 5560">
    <p class='ocr_par' dir='ltr' id='par_1_8' title="bbox 298 5405 1984 5560">
     <span class='ocr_line' id='line_1_57' title="bbox 335 5405 1663 5483; baseline 0.014 -22"><span class='ocrx_word' id='word_1_736' title='bbox 335 5405 386 5476; x_wconf 73' lang='grc'><strong>(58)</strong></span> <span class='ocrx_word' id='word_1_737' title='bbox 413 5408 443 5464; x_wconf 91' lang='lat' dir='ltr'><strong>ld</strong></span> <span class='ocrx_word' id='word_1_738' title='bbox 472 5413 516 5465; x_wconf 90' lang='lat' dir='ltr'><strong>est</strong></span> <span class='ocrx_word' id='word_1_739' title='bbox 543 5408 572 5464; x_wconf 93' lang='lat' dir='ltr'><strong>in</strong></span> <span class='ocrx_word' id='word_1_740' title='bbox 597 5405 783 5463; x_wconf 90' lang='lat' dir='ltr'><strong>sanctuarium</strong></span> <span class='ocrx_word' id='word_1_741' title='bbox 810 5420 860 5462; x_wconf 92' lang='lat' dir='ltr'><strong>seu</strong></span> <span class='ocrx_word' id='word_1_742' title='bbox 885 5406 976 5464; x_wconf 90' lang='lat' dir='ltr'><strong>locum</strong></span> <span class='ocrx_word' id='word_1_743' title='bbox 1010 5411 1123 5480; x_wconf 83' lang='lat' dir='ltr'><strong>majoris</strong></span> <span class='ocrx_word' id='word_1_744' title='bbox 1163 5412 1324 5483; x_wconf 81' lang='lat' dir='ltr'><strong>distinguens</strong></span> <span class='ocrx_word' id='word_1_745' title='bbox 1343 5417 1483 5474; x_wconf 79' lang='lat' dir='ltr'><strong>assuetis</strong></span> <span class='ocrx_word' id='word_1_746' title='bbox 1500 5425 1663 5479; x_wconf 78' lang='lat' dir='ltr'><strong>eremorum.</strong></span> 
     </span>
     <span class='ocr_line' id='line_1_58' title="bbox 298 5477 1984 5560; baseline 0.014 -28"><span class='ocrx_word' id='word_1_747' title='bbox 298 5477 403 5534; x_wconf 88' lang='lat' dir='ltr'><strong>altaris.</strong></span> <span class='ocrx_word' id='word_1_748' title='bbox 419 5480 525 5548; x_wconf 89' lang='lat' dir='ltr'><strong>iperius</strong></span> <span class='ocrx_word' id='word_1_749' title='bbox 539 5493 599 5560; x_wconf 90' lang='lat' dir='ltr'><strong>cap.</strong></span> <span class='ocrx_word' id='word_1_750' title='bbox 616 5477 800 5536; x_wconf 79' lang='lat' dir='ltr'><strong>28blatbildis</strong></span> <span class='ocrx_word' id='word_1_751' title='bbox 818 5478 946 5535; x_wconf 84' lang='lat' dir='ltr'><strong>cortioom</strong></span> <span class='ocrx_word' id='word_1_752' title='bbox 960 5479 1030 5537; x_wconf 84' lang='lat' dir='ltr'><strong>dedit</strong></span> <span class='ocrx_word' id='word_1_753' title='bbox 1049 5483 1122 5540; x_wconf 79' lang='lat' dir='ltr'><strong>mire</strong></span> <span class='ocrx_word' id='word_1_754' title='bbox 1199 5483 1251 5555; x_wconf 73' lang='grc'>(59)</span> <span class='ocrx_word' id='word_1_755' title='bbox 1266 5487 1292 5542; x_wconf 94' lang='lat' dir='ltr'><strong>ls</strong></span> <span class='ocrx_word' id='word_1_756' title='bbox 1306 5495 1366 5545; x_wconf 93' lang='lat' dir='ltr'><strong>erat</strong></span> <span class='ocrx_word' id='word_1_757' title='bbox 1381 5489 1474 5560; x_wconf 86' lang='lat' dir='ltr'><strong>Waso,</strong></span> <span class='ocrx_word' id='word_1_758' title='bbox 1490 5490 1579 5550; x_wconf 83' lang='lat' dir='ltr'><strong>abbas</strong></span> <span class='ocrx_word' id='word_1_759' title='bbox 1592 5495 1752 5553; x_wconf 89' lang='lat' dir='ltr'><strong>monasterii</strong></span> <span class='ocrx_word' id='word_1_760' title='bbox 1771 5497 1984 5558; x_wconf 81' lang='lat' dir='ltr'><strong>Leuconarens&#39;s</strong></span> 
     </span>
    </p>
   </div>
   <div class='ocr_carea' id='block_1_9' title="bbox 298 5549 1984 5697">
    <p class='ocr_par' dir='ltr' id='par_1_9' title="bbox 298 5549 1984 5697">
     <span class='ocr_line' id='line_1_59' title="bbox 298 5549 1984 5676; baseline 0.016 -73"><span class='ocrx_word' id='word_1_761' title='bbox 298 5549 483 5674; x_wconf 54' lang='grc' dir='ltr'><strong>πνρεϋεάὀεὶε</strong></span> <span class='ocrx_word' id='word_1_762' title='bbox 498 5564 647 5632; x_wconf 78' lang='lat' dir='ltr'><strong>¹operasque</strong></span> <span class='ocrx_word' id='word_1_763' title='bbox 662 5551 821 5632; x_wconf 32' lang='lat' dir='ltr'><strong>&#39;precipuh</strong></span> <span class='ocrx_word' id='word_1_764' title='bbox 848 5564 909 5676; x_wconf 54' lang='grc' dir='ltr'><strong>ἕνα</strong></span> <span class='ocrx_word' id='word_1_765' title='bbox 936 5551 1021 5633; x_wconf 78' lang='lat' dir='ltr'><strong>udbuc</strong></span> <span class='ocrx_word' id='word_1_766' title='bbox 1045 5553 1122 5612; x_wconf 87' lang='lat' dir='ltr'><strong>bodie</strong></span> <span class='ocrx_word' id='word_1_767' title='bbox 1162 5569 1210 5612; x_wconf 90' lang='lat' dir='ltr'><strong>seu</strong></span> <span class='ocrx_word' id='word_1_768' title='bbox 1225 5556 1355 5616; x_wconf 80' lang='lat' dir='ltr'><strong>walarici</strong></span> <span class='ocrx_word' id='word_1_769' title='bbox 1379 5560 1413 5615; x_wconf 91' lang='lat' dir='ltr'><strong>ad</strong></span> <span class='ocrx_word' id='word_1_770' title='bbox 1434 5562 1504 5618; x_wconf 90' lang='lat' dir='ltr'><strong>ostia</strong></span> <span class='ocrx_word' id='word_1_771' title='bbox 1532 5565 1660 5630; x_wconf 56' lang='lat' dir='ltr'><strong>&amp;menae</strong></span> <span class='ocrx_word' id='word_1_772' title='bbox 1685 5567 1714 5624; x_wconf 92' lang='lat' dir='ltr'><strong>in</strong></span> <span class='ocrx_word' id='word_1_773' title='bbox 1741 5569 1896 5640; x_wconf 70' lang='lat' dir='ltr'><strong>ormam</strong></span> <span class='ocrx_word' id='word_1_774' title='bbox 1924 5570 1984 5628; x_wconf 83' lang='lat' dir='ltr'><strong>tuin</strong></span> 
     </span>
     <span class='ocr_line' id='line_1_60' title="bbox 350 5619 1288 5697; baseline 0.012 -24"><span class='ocrx_word' id='word_1_775' title='bbox 350 5625 388 5686; x_wconf 85' lang='lat' dir='ltr'><strong>ot,</strong></span> <span class='ocrx_word' id='word_1_776' title='bbox 403 5625 427 5674; x_wconf 86' lang='lat' dir='ltr'><strong>et</strong></span> <span class='ocrx_word' id='word_1_777' title='bbox 441 5627 480 5675; x_wconf 84' lang='lat' dir='ltr'><strong>eet</strong></span> <span class='ocrx_word' id='word_1_778' title='bbox 493 5619 541 5674; x_wconf 76' lang='lat' dir='ltr'><strong>tur</strong></span> <span class='ocrx_word' id='word_1_779' title='bbox 560 5636 612 5691; x_wconf 86' lang='lat' dir='ltr'><strong>qun</strong></span> <span class='ocrx_word' id='word_1_780' title='bbox 630 5627 726 5677; x_wconf 76' lang='lat' dir='ltr'><strong>mamm</strong></span> <span class='ocrx_word' id='word_1_781' title='bbox 739 5637 766 5677; x_wconf 81' lang='lat' dir='ltr'><strong>nu</strong></span> <span class='ocrx_word' id='word_1_782' title='bbox 789 5622 847 5688; x_wconf 79' lang='lat' dir='ltr'><strong>(iven</strong></span> <span class='ocrx_word' id='word_1_783' title='bbox 866 5635 997 5692; x_wconf 77' lang='lat' dir='ltr'><strong>ropmtmo</strong></span> <span class='ocrx_word' id='word_1_784' title='bbox 1015 5631 1119 5691; x_wconf 83' lang='lat' dir='ltr'><strong>sancto,</strong></span> <span class='ocrx_word' id='word_1_785' title='bbox 1162 5639 1223 5697; x_wconf 90' lang='lat' dir='ltr'><strong>cap.</strong></span> <span class='ocrx_word' id='word_1_786' title='bbox 1243 5628 1288 5683; x_wconf 87' lang='grc'><strong>31.</strong></span> 
     </span>
    </p>
   </div>
   <div class='ocr_carea' id='block_1_10' title="bbox 0 0 2062 6178">
    <p class='ocr_par' dir='ltr' id='par_1_10' title="bbox 0 0 2062 6178">
     <span class='ocr_line' id='line_1_61' title="bbox 0 0 2062 6178; baseline 0 0"><span class='ocrx_word' id='word_1_787' title='bbox 0 0 2062 6178; x_wconf 95' lang='lat' dir='ltr'><strong> </strong></span> 
     </span>
    </p>
   </div>
  </div>
 </body>
</html>
