4024 6174
208 264 257 320 571
733 264 901 321 sunnonis
919 261 1051 320 utuntur
1071 258 1369 316 brununuuuuusts
1842 254 1893 312 57?

207 391 280 448 beati
296 391 369 446 Petri
384 405 399 448 a
414 391 522 449 cunetis
532 393 652 463 peccatis
662 388 905 447 absolutosuosad
917 387 1029 444 eoeleste
1039 384 1186 450 Aieeistis‚
1203 383 1328 439 ellectum
1344 382 1470 438 habitura
1494 385 1546 450 est,
1571 381 1762 439 indubitanter
1775 387 1892 448 constat,

208 495 322 552 reguum
336 481 469 550 perducat
484 487 654 552 regnaturos.
673 501 686 531 ι
1071 476 1136 546 quia
1148 475 1200 531 iste
1216 488 1263 530 rex
1274 487 1335 530 esse
1349 485 1406 530 nou
1421 479 1522 544 potest.
1533 472 1676 541 Quomodo
1691 473 1765 529 eninr
1780 487 1893 544 regnare

246 568 306 624 lid.
323 571 424 626 Contra
441 584 520 641 quam
537 576 674 626 nostrates
693 569 774 634 banc,
786 581 865 636 quam
886 564 1029 637 supposui,
1073 569 1173 635 potest,
1190 563 1234 620 eui
1249 561 1341 619 nullus
1351 561 1450 619 amodo
1461 560 1620 618 fidelitatem
1631 577 1665 618 ex
1674 562 1770 618 debito
1784 567 1894 618 servat?

209 658 343 714 miseruut
362 659 503 728 epistolam
521 678 528 714 ε
547 657 738 728 «decepimus
760 653 1031 712 dudumsauctitatis
1070 652 1212 721 Quomodo
1237 666 1332 724 regere
1357 651 1488 722 populum
1519 657 1620 722 potest,
1654 651 1701 722 qui
1729 650 1893 722 iungendis

208 754 306 804 vestrae
330 747 435 803 litteras
459 746 512 803 ltoe
526 746 709 814 continentes,
730 744 804 816 quod
824 759 873 800 uos
888 743 915 799 iu
930 743 1029 799 sinodo
1071 743 1161 798 causis
1176 741 1309 814 legalibus
1333 742 1468 798 nemiuem
1484 741 1518 796 ad
1533 738 1688 796 iaciendum
1704 741 1808 810 justum
1822 739 1894 811 judi·

208 835 329 891 Romana
353 835 523 902 decrevistis,
558 842 693 905 quatenus
720 835 749 890 iu
778 834 881 890 uostris
908 832 1031 903 partibus
1071 833 1143 887 cium
1180 836 1413 887 sacramentorum
1438 830 1607 902 obligatione
1635 829 1826 901 constringere
1849 843 1894 899 po

208 929 359 981 conuentus
387 925 508 981 omnium
535 925 728 995 episcoporum
753 931 781 980 et
799 921 930 978 laicorum
946 923 1028 976 boum
1071 927 1146 977 test?
1159 921 1187 976 Si
1198 926 1299 986 autern,
1311 919 1385 990 quod
1396 921 1482 976 absit!
1495 921 1648 992 apostolica
1663 920 1709 976 illa
1724 919 1893 990 indulgentia

209 1012 362 1068 timentium
387 1013 475 1080 deret,
500 1013 535 1069 ad
550 1013 752 1070 discutiendum
768 1013 831 1080 boc,
848 1011 892 1068 cui
909 1011 1028 1074 illorum,
1072 1024 1121 1081 pro
1132 1017 1192 1066 rato
1207 1009 1332 1065 habenda
1346 1022 1400 1065 uon
1416 1015 1468 1076 cst,
1485 1009 1551 1080 quid
1562 1009 1615 1065 erit
1629 1008 1664 1065 de
1675 1007 1730 1065 iliis
1744 1009 1893 1078 episcopis,

207 1102 255 1172 qui
284 1102 318 1157 de
344 1102 421 1172 regni
450 1102 638 1173 gurbernaculo
664 1108 781 1170 certant,
808 1101 915 1171 justitia
944 1099 1030 1169 magis
1072 1105 1100 1154 et
1116 1099 1187 1165 aliis,
1204 1100 1251 1168 qui
1266 1113 1315 1168 spe
1330 1097 1362 1130 ⁸⁸⁸
1382 1099 1523 1169 praedictae
1538 1097 1721 1154 absolutionis
1741 1099 1894 1170 juramenta

206 1187 303 1245 iaveat.
332 1191 362 1245 lu
395 1205 449 1261 qua
487 1205 517 1248 re
545 1191 599 1248 hoe
637 1191 753 1262 primum
787 1191 926 1256 miramur,
956 1185 1030 1258 quod
1071 1187 1201 1244 lleiurico
1221 1188 1354 1258 praedicto
1380 1185 1451 1243 lacta
1475 1187 1665 1258 infregerunt?
1689 1189 1786 1243 Nonue
1806 1187 1894 1241 mani·

207 1277 354 1346 prudentia
386 1279 493 1347 statuit,
531 1279 606 1351 quod
636 1279 711 1336 uullo
751 1279 832 1336 modo
861 1291 942 1349 posse
971 1275 1030 1332 fleri
1071 1277 1139 1334 leste
1174 1277 1288 1347 perjurii
1323 1277 1542 1334 convineuntur?
1574 1277 1602 1332 si
1634 1277 1707 1333 euim
1739 1275 1787 1332 ille
1821 1277 1895 1346 juste

206 1372 324 1424 constat.
353 1368 484 1425 Novimus
503 1369 576 1426 enim
606 1370 659 1425 lroc
688 1369 828 1426 memoriae
856 1374 955 1424 vestrae
975 1378 1030 1421 uon
1072 1381 1186 1439 regnare
1211 1372 1313 1436 potest,
1338 1366 1384 1422 isti
1407 1367 1508 1437 injuste
1535 1365 1661 1423 iecerunt
1684 1367 1732 1438 qui
1753 1366 1895 1436 promissa

206 1455 353 1522 excidisse,
369 1457 443 1529 quod
475 1465 528 1513 tam
560 1458 679 1514 assiduis
700 1456 880 1527 querimoniis
904 1454 1031 1525 irequeu·
1071 1456 1124 1512 sibi
1139 1455 1279 1512 fidelitatis
1293 1456 1388 1526 jugum
1411 1469 1426 1510 a
1450 1470 1480 1512 se
1496 1455 1681 1526 projecerunt.
1698 1454 1795 1512 Adbuc
1810 1451 1894 1510 aliud.

206 1549 291 1600 tatum
325 1550 368 1600 est
401 1545 474 1616 apud
501 1560 559 1613 vos,
589 1547 691 1618 quippe
725 1546 798 1617 quod
833 1559 903 1616 pene
935 1556 1031 1600 ourues
1071 1544 1140 1613 Quid
1162 1545 1196 1600 de
1221 1544 1276 1600 illis
1298 1545 1477 1601 sacramentis
1500 1544 1554 1600 erit
1577 1558 1639 1614 quae
1661 1550 1756 1615 postea
1771 1543 1831 1615 regi
1845 1544 1897 1600 Ro

206 1632 330 1703 episcopi
360 1635 408 1705 qui
431 1635 492 1691 sedi
516 1635 676 1706 apostolicae
691 1636 834 1701 obediunt,
851 1636 886 1691 de
901 1634 958 1689 suis
973 1631 1031 1702 epi·
1071 1632 1148 1690 dulio
1175 1632 1245 1690 lacta
1274 1640 1349 1701 sunt,
1379 1649 1458 1703 eujus
1490 1633 1588 1690 ditioni
1614 1638 1704 1689 restra
1731 1631 1895 1689 auctoritate

205 1721 364 1791 scopatibns
389 1723 507 1793 expulsi,
531 1737 547 1778 a
573 1722 642 1780 facie
667 1725 889 1796 persequentium
910 1721 1211 1795 tugiuntsssubjugau
1232 1729 1348 1779 sumus?
1373 1724 1443 1780 Ecce
1467 1723 1556 1794 qualis
1584 1736 1675 1779 rerum
1699 1722 1894 1792 perturbatior

206 1817 235 1867 et
248 1809 375 1880 latitaut;
392 1819 420 1868 ei
443 1813 583 1884 quomodo
608 1813 636 1869 bi
657 1829 718 1870 cum
734 1815 791 1870 suis
806 1813 1031 1884 persecutoribus
1072 1813 1222 1869 Attendaut
1241 1819 1269 1868 et
1292 1813 1403 1869 videant
1421 1826 1518 1869 omues
1542 1813 1590 1883 qui
1614 1825 1710 1868 sanum
1731 1811 1855 1882 sapiunt,
1871 1811 1893 1866 si

206 1900 354 1958 convenire
381 1908 410 1958 et
435 1901 561 1958 conierre
589 1904 624 1960 de
651 1903 694 1960 bis
718 1904 808 1960 causis
833 1907 958 1973 possunt,
980 1915 1030 1973 pro
1071 1900 1237 1957 factumest
1264 1901 1465 1972 hujuscemodi,
1489 1903 1513 1957 si
1539 1901 1632 1958 audita
1655 1907 1698 1956 est
1717 1912 1849 1971 umquam
1867 1899 1893 1954 iu

206 1989 307 2060 quibus
320 1990 406 2061 aliqui
435 1990 545 2048 illorum
570 1992 654 2048 occisi
673 2000 748 2060 suut,
770 1992 880 2062 quidam
896 1990 924 2046 iu
940 1991 1029 2061 capti·
1071 1989 1194 2046 Ecclesia
1222 1989 1348 2046 conlusio
1381 1989 1479 2046 similis
1503 1990 1567 2046 huic
1595 1988 1761 2046 confusioni.
1787 1988 1893 2052 Videte,

204 2079 315 2134 ritatem
343 2079 466 2147 abducti,
497 2081 596 2151 reliqui
620 2095 685 2138 vero
714 2081 842 2137 omnibus
866 2080 949 2136 rebus
973 2079 1031 2135 suis
1071 2077 1211 2134 carissime
1226 2077 1347 2146 domine,
1377 2080 1441 2150 quia
1466 2085 1539 2136 terra
1567 2084 1703 2136 commota
1718 2083 1761 2134 esi
1784 2081 1812 2132 et
1831 2089 1895 2132 con-

205 2168 371 2238 exspoliati?
387 2168 491 2225 Deinde
506 2183 616 2240 quoque
631 2170 685 2225 boc
700 2169 853 2226 mirandum
873 2182 1029 2235 censemus,
1071 2169 1189 2225 turbata.
1219 2169 1246 2225 Si
1274 2169 1357 2224 vultis
1380 2183 1477 2225 sanare
1506 2169 1689 2225 contritiones
1712 2169 1783 2239 ejus,
1809 2166 1837 2222 iu
1861 2179 1893 2221 eo

204 2256 278 2326 quod
302 2255 377 2312 illius
409 2257 530 2314 bominis
559 2272 668 2314 causam
698 2272 759 2314 cum
787 2257 843 2314 illis
870 2257 1030 2314 bominibus
1070 2257 1145 2327 quod
1161 2257 1286 2327 coepistis
1300 2259 1415 2314 tirmiter
1429 2259 1579 2329 persistite,
1592 2264 1619 2314 et
1634 2257 1710 2327 quod
1726 2251 1896 2318 adiurante·

202 2343 342 2400 discutere
359 2346 499 2415 jubemur,
529 2361 599 2416 quos
627 2355 760 2418 utrosque
791 2346 898 2418 legatus
925 2353 1029 2402 sanctae
1070 2358 1126 2401 nou
1142 2345 1286 2402 destruite.
1298 2347 1325 2403 Si
1343 2346 1414 2402 enim
1426 2347 1454 2403 in
1465 2345 1497 2379 ⁸³⁹
1507 2347 1618 2417 incepto
1633 2347 1733 2402 itinere
1743 2353 1892 2401 retrorsum

204 2433 335 2490 Romane
351 2434 482 2492 Ecclesiae
505 2444 594 2491 vestra
607 2436 732 2505 jussione
745 2450 760 2491 a
775 2434 917 2491 liminibus
941 2435 1030 2490 eecle-
1070 2433 1162 2491 redire
1182 2443 1209 2490 et
1224 2436 1260 2492 ob
1275 2435 1462 2492 diiilcultatem
1476 2435 1638 2492 diverticula
1654 2449 1780 2507 querere
1799 2433 1891 2498 uultis,
1993 2463 1995 2488 ι

203 2521 369 2580 siaesanctae
388 2525 534 2595 separauit.
565 2525 592 2580 Si
621 2534 712 2581 autom
727 2525 813 2582 nichil
831 2525 928 2581 borum
943 2525 1030 2581 obsti·
1070 2536 1126 2580 uon
1155 2523 1244 2580 solum
1272 2524 1413 2581 vulnerata
1437 2539 1492 2581 uon
1521 2525 1635 2590 sanatis,
1664 2525 1712 2581 sed
1740 2537 1804 2595 quar
1830 2527 1891 2578 sana

203 2611 292 2680 tisset,
308 2612 374 2684 quid
390 2621 483 2670 nostra
498 2614 530 2646 ⁵⁵⁸
544 2615 668 2682 interest,
691 2622 721 2671 ut
736 2616 791 2686 jam
807 2614 909 2671 dudum
925 2614 1028 2671 linitam
1069 2618 1134 2668 suut
1148 2613 1307 2669 vulneratis.
1329 2615 1395 2668 liam
1410 2613 1433 2670 si
1457 2627 1490 2670 ea
1504 2612 1703 2670 dissimulando
1722 2625 1785 2682 qnae
1806 2619 1890 2666 vestra
1994 2629 1995 2700 ᾗ

202 2700 295 2758 sinodi
318 2703 449 2760 Romanae
472 2705 635 2762 sententiam
665 2710 856 2770 retractemus,
884 2711 913 2759 et
936 2704 1028 2760 denuo
1069 2704 1167 2760 statuit
1190 2705 1351 2772 auctoritas,
1371 2718 1423 2762 uos
1448 2705 1476 2760 iu
1507 2705 1596 2761 media
1615 2707 1791 2775 tempestate,
1812 2715 1890 2772 quan
1994 2709 1995 2714 ’

203 2789 237 2845 ad
257 2791 391 2848 rationem
407 2801 561 2863 ponamus?
579 2794 649 2863 Quid
663 2794 698 2850 ad
713 2808 774 2860 uos,
791 2800 821 2850 ut
837 2793 1027 2859 discutiamus,
1069 2806 1120 2863 pro
1134 2793 1213 2848 uobis
1230 2793 1407 2860 incurrimus,
1428 2793 1633 2864 derelinquitis,
1655 2793 1734 2848 testis
1748 2797 1791 2848 est
1810 2803 1891 2860 super

202 2879 228 2935 si
254 2879 294 2936 illi
318 2882 426 2952 justitia
445 2881 533 2940 iaveat
564 2885 598 2940 ad
632 2883 813 2941 obtinendum
842 2896 967 2954 regnum,
983 2883 1028 2939 eui
1070 2895 1122 2937 nos
1137 2881 1237 2937 coelum
1252 2889 1279 2937 et
1294 2889 1378 2950 terra,
1393 2882 1457 2954 quia
1472 2881 1504 2914 ⁵⁸⁰
1518 2882 1620 2954 injuste
1635 2881 1736 2952 perditi
1749 2893 1855 2936 sumus.
1876 2897 1889 2928 u

203 2981 252 3023 vos
275 2970 352 3041 regni
375 2972 560 3042 gubernacula
588 2975 643 3043 jam
667 2981 730 3029 ante
754 2972 903 3028 triennium
926 2971 1027 3028 sinodo
1107 2968 1166 3025 115.
1199 2971 1267 3026 ltem
1299 2978 1361 3041 post
1402 2971 1515 3042 aliquod
1553 2972 1685 3042 temporis
1720 2967 1890 3025 interuallum

200 3055 343 3125 iudicante
371 3059 574 3119 interdixistis?
606 3063 703 3118 Nouuo
731 3062 817 3133 magis
844 3063 968 3131 oportuit
996 3039 1726 3132 utGuosuatesbancepistotamuomnoapostolico
1742 3058 1888 3115 miseruut:

200 3144 334 3215 judicium
349 3146 418 3204 illud
433 3148 570 3207 discussio
589 3150 770 3221 precederet,
786 3165 950 3221 quamnuuc
965 3156 1025 3207 tau-
1070 3168 1085 3203 u
1105 3150 1165 3205 Non
1193 3150 1261 3206 latei
1297 3151 1471 3207 sanctitatem
1499 3159 1628 3218 vestram,
1671 3157 1788 3222 quantas
1815 3147 1890 3204 uobis
1993 3145 1994 3196 ι

202 3232 266 3290 dent
279 3235 484 3307 subsequatur?
507 3240 637 3296 Novimus
662 3239 871 3310 intelligentiam
895 3247 1023 3307 vestram,
1070 3238 1226 3296 obediendo
1246 3241 1453 3310 persecutiones
1470 3241 1542 3311 passi
1557 3237 1892 3312 sumus,quomodoaesti·

202 3322 267 3394 quia
293 3338 432 3397 uunquam
455 3327 491 3386 de
513 3344 543 3385 re
565 3329 719 3386 indiscussa
734 3329 848 3385 sinodus
861 3329 941 3385 robis
955 3344 1025 3400 prae·
1070 3329 1135 3385 mati
1159 3343 1254 3386 sumus
1272 3329 1344 3385 sieut
1376 3343 1440 3387 oves
1461 3331 1619 3396 occisionis,
1644 3327 1785 3400 quomodo
1799 3323 1890 3382 traditi

201 3411 310 3470 sidente
346 3415 490 3486 judicarit.
524 3421 589 3487 Quae
618 3432 684 3490 ergo
714 3419 863 3475 necessitas
895 3419 1024 3476 secundae
1070 3432 1163 3474 sumus
1182 3419 1210 3474 in
1234 3416 1353 3474 iabulam
1377 3425 1406 3475 et
1423 3419 1452 3475 in
1468 3418 1675 3490 improperium.
1695 3418 1722 3474 Si
1742 3429 1809 3488 ergo
1828 3414 1889 3471 talia

201 3501 403 3562 discussionis?
435 3508 462 3564 Si
500 3515 591 3565 autem
633 3507 783 3579 praedictus
820 3508 866 3565 ille
903 3509 1025 3566 nondum
1071 3521 1121 3581 pro
1136 3508 1213 3564 vobis
1236 3507 1408 3576 sustinendo,
1434 3509 1518 3565 nichil
1543 3523 1558 3565 a
1581 3508 1659 3564 uobis
1681 3507 1777 3579 gratiae
1793 3503 1890 3562 merui·

201 3589 342 3650 discussus
361 3601 413 3664 est,
428 3597 478 3653 sed
493 3599 565 3655 sieut
592 3612 640 3655 vos
654 3598 748 3654 dicitis
771 3597 862 3654 adbuc
876 3597 1025 3656 discuticn·
1070 3613 1141 3666 mus,
1153 3612 1203 3654 nee
1213 3597 1290 3669 digni
1303 3612 1397 3654 sumus
1410 3613 1525 3670 quorum
1541 3597 1698 3654 liberationi
1708 3596 1830 3653 studium
1845 3594 1890 3650 im·

202 3677 263 3748 dus,
286 3696 348 3752 quae
364 3683 434 3741 ratio
460 3684 521 3752 luit,
550 3693 581 3742 ut
608 3686 712 3743 bomini
741 3686 896 3744 indiscusso
925 3688 1035 3766 regalis·
1070 3685 1890 3760 pendatur2quaresaltemjustitia,quaeneciuimicisdeue

139 3815 142 3822 .
202 3767 322 3839 dignitas
336 3785 369 3826 ex
385 3771 518 3844 dignitate
541 3775 692 3844 apostolica
707 3776 767 3831 sine
786 3776 842 3832 ullo
857 3776 1025 3834 conditionis
1069 3777 1158 3848 ganda
1168 3783 1219 3844 est,
1232 3777 1312 3833 uobis
1322 3777 1490 3850 denegatur?
1508 3779 1537 3835 Si
1551 3792 1617 3850 ergo
1630 3781 1733 3850 justum
1746 3783 1799 3846 est,
1817 3773 1889 3846 quod

201 3854 390 3914 additamento
413 3860 646 3918 interdiceretur?
665 3863 693 3918 si
722 3863 844 3921 noudum
872 3864 1023 3933 discussus,
1067 3866 1170 3936 justum
1186 3881 1246 3923 esse
1258 3865 1350 3922 multis
1364 3867 1394 3899 ⁸⁶¹
1409 3869 1509 3925 restris
1517 3868 1721 3925 hortationibus
1733 3865 1890 3930 didicimus,

202 3941 251 3998 sed
275 3944 365 4001 adbuc
379 3947 579 4017 discutiendus,
595 3965 680 4021 quare
695 3953 753 4024 regi
768 3953 846 4009 alteri
862 3953 976 4010 obedire
991 3969 1025 4010 ex
1070 3954 1178 4011 scilicet
1196 3961 1227 4011 ut
1249 3954 1289 4011 illi
1304 3956 1449 4013 sententiae
1477 3965 1575 4014 vestras
1604 3971 1665 4028 quae
1688 3956 1716 4012 in
1732 3954 1889 4012 lleiuricum

203 4039 293 4087 vestra
321 4036 485 4093 anctoritate
514 4039 585 4107 jussi
613 4053 716 4107 sumus,
740 4042 899 4113 priusquam
918 4048 1024 4100 certum
1070 4043 1206 4114 processit
1221 4044 1392 4112 obediamus,
1407 4045 1448 4101 illi
1471 4046 1548 4116 quie
1568 4045 1708 4103 contrario
1723 4044 1812 4102 eidem
1833 4056 1892 4099 sen·

203 4117 309 4189 luisset,
325 4122 408 4180 istum
437 4139 492 4183 uon
513 4141 594 4197 posse
619 4135 754 4200 regnare?
779 4132 866 4200 liujus
885 4132 925 4187 rei
940 4136 1025 4188 testes
1069 4133 1163 4190 tentiae
1177 4141 1275 4190 vestra
1302 4134 1421 4204 superbe
1447 4143 1602 4207 repugnant
1624 4134 1666 4202 ⁸⁸¹,
1691 4149 1777 4206 quare
1792 4145 1890 4190 secuu-

201 4217 266 4268 suut
281 4213 354 4284 apud
378 4228 429 4271 uos
452 4215 553 4276 litterae
576 4224 685 4285 restrae,
712 4219 814 4289 quippe
829 4220 904 4290 quod
919 4220 1025 4292 legatus
1069 4221 1133 4278 dum
1158 4223 1295 4293 iustitiam
1319 4237 1374 4280 uon
1399 4225 1649 4296 coustringuntur?
1671 4238 1758 4295 quare
1773 4237 1825 4294 pro
1840 4221 1889 4278 bac

201 4301 277 4358 sodis
297 4305 458 4374 apostoticae
483 4312 572 4363 vestra
590 4308 715 4378 jussione
729 4308 861 4366 auteriori
877 4309 917 4366 illi
932 4310 1023 4367 denuo
1068 4312 1258 4369 inobedientia
1276 4313 1380 4370 nullam
1404 4315 1565 4386 apostolicae
1588 4314 1730 4386 gravitatis
1745 4326 1887 4370 cerrsurarn

201 4391 279 4464 regui
293 4393 480 4464 gubernacula
509 4395 734 4454 interdicendos
760 4397 902 4455 liminibus
920 4366 1211 4460 sanctaeDscntiuot?
1234 4417 1319 4474 quare
1347 4403 1403 4460 illis
1433 4405 1607 4472 conceditur,
1628 4404 1702 4475 quod
1733 4411 1788 4460 tam
1822 4401 1889 4472 ipsis

200 4481 327 4539 ecclesia?
341 4485 478 4554 separavit
501 4492 555 4542 um
577 4487 653 4542 illum
675 4501 757 4557 quam
777 4500 872 4544 omnes
886 4488 939 4544 sibi
954 4503 1023 4545 eon·
1064 4507 1145 4564 quam
1156 4493 1237 4549 nobis
1251 4493 1431 4550 interdictum
1446 4501 1507 4551 est?
1522 4494 1719 4565 autquomodo
1738 4493 1796 4549 iilis
1811 4492 1886 4554 licet,

199 4571 352 4628 sentientes
365 4593 373 4640 ς
388 4574 504 4632 alterum
530 4589 606 4644 vero,
622 4577 669 4648 qni
685 4577 713 4634 in
729 4577 820 4634 locum
839 4578 914 4635 illius
927 4578 1024 4635 subro·
1065 4582 1139 4653 quod
1160 4583 1240 4639 uobis
1256 4582 1382 4639 illicitum
1398 4581 1499 4640 iactum
1515 4591 1576 4640 est?
1586 4585 1656 4641 Eece
1672 4583 1725 4654 ipsi
1741 4583 1803 4640 sine
1813 4581 1886 4639 omui

199 4667 279 4731 gatus
306 4669 349 4718 esi
372 4670 466 4720 nostra
492 4663 639 4732 electione,
673 4667 702 4722 iu
732 4667 836 4738 regiam
863 4667 1024 4738 dignitatem
1065 4670 1284 4728 contradictione
1312 4678 1412 4740 restra,
1433 4671 1475 4728 illi
1499 4673 1534 4729 ad
1554 4674 1696 4730 obtentum
1714 4672 1792 4744 regui
1808 4669 1886 4728 auxi·

199 4751 352 4821 apostolica
380 4754 545 4810 auctoritate
571 4755 752 4822 confirmarit,
786 4755 969 4827 omnibusque
992 4755 1024 4787 ⁶⁸⁸
1065 4758 1131 4816 lium
1161 4761 1298 4830 praebent,
1328 4763 1373 4818 cui
1402 4774 1452 4817 vos
1480 4761 1557 4832 regni
1586 4761 1774 4833 gubernacula
1803 4761 1886 4817 inter-

199 4838 229 4897 ιιι
253 4853 340 4912 reguo
367 4842 539 4902 Tbeutouico
568 4845 796 4912 consistentibus,
816 4850 847 4902 ιιι
875 4845 928 4901 sibl
957 4846 1024 4902 obe·
1064 4847 1191 4917 dixistis;
1215 4849 1255 4906 illi
1277 4850 1349 4907 sicut
1372 4850 1430 4922 regi
1455 4851 1589 4919 seruiunt,
1615 4865 1697 4922 quem
1725 4864 1774 4907 ros
1800 4863 1884 4921 usque

200 4928 287 4999 diant,
305 4943 338 4986 ex
353 4937 430 5002 parte
445 4933 645 5004 omnipotentis
662 4934 711 4991 bei
727 4935 870 5005 precepit.
885 4935 1023 5006 Numquid
1064 4937 1134 4994 adeo
1154 4951 1169 4994 a
1194 4938 1268 5010 regia
1290 4937 1424 5011 dignitate
1443 4939 1623 5010 deposuistis,
1638 4945 1668 4996 ut
1682 4953 1779 4996 omnes
1794 4953 1810 4996 a
1824 4941 1885 4995 vio-

200 5018 261 5076 baec
275 5019 367 5078 omnia
381 5021 549 5080 destruenda
556 5030 620 5081 suut
634 5030 662 5081 et
673 5037 723 5096 pro
734 5023 838 5081 nichilo
849 5025 1023 5095 reputanda?
1064 5026 1127 5084 culo
1138 5027 1299 5098 iuramenti,
1328 5027 1403 5098 quod
1430 5028 1456 5084 ei
1468 5027 1594 5084 iecerunt
1607 5028 1649 5086 rel
1665 5027 1778 5096 facient,
1794 5028 1884 5085 absol·

202 5109 345 5169 litantem
368 5111 403 5168 de
427 5111 542 5183 reliquis
570 5112 698 5170 omnibus
724 5117 873 5182 necamus,
899 5122 975 5171 certe
998 5115 1021 5170 si
1062 5116 1233 5184 veretis;illi
1248 5116 1440 5188 participando
1454 5117 1667 5186 communicant,
1683 5131 1765 5189 quem
1781 5118 1886 5192 legatus

200 5195 260 5255 sola
272 5197 321 5256 illa
344 5200 481 5259 absolutio
505 5209 749 5272 sacramentorum,
774 5215 855 5275 quam
870 5202 898 5260 in
913 5204 1020 5275 syuodo
1062 5212 1166 5264 sancta
1180 5208 1309 5264 Romanae
1333 5205 1465 5266 Ecclesiae
1479 5207 1572 5266 denuo
1587 5207 1641 5265 sibi
1654 5208 1734 5280 regul
1748 5208 1886 5280 guberna·

891 5347 1003 5404 VARLE
1021 5348 1186 5406 uncrinus

200 5463 410 5611 eumeleus?
466 5469 662 5543 Ιι’ᾳιιοιιιιιι,
681 5471 705 5529 1.
760 5471 846 5528 ⁸⁸⁸ito
867 5471 895 5528 2.
917 5479 1033 5545 propter
1049 5472 1073 5529 l.
1129 5471 1253 5530 ⁸⁸’aba
1308 5473 1430 5548 “tquou
1445 5474 1473 5530 2.
1529 5474 1698 5536 “¹vultisl.
1755 5475 1885 5547 “¹repu·
