4034 6152
241 355 309 411 1015
766 354 794 409 s.
813 354 957 409 ιιιιιιι
975 353 1113 410 mutnus
1131 351 1388 408 subventionis
1447 334 1452 342 “
1859 350 1931 403 toto

235 482 317 538 miam
347 479 534 550 cognovissem
564 481 764 548 paupertatem,
784 477 866 532 aliam
894 491 951 534 nun
974 475 1201 548 longanaeterre
1213 477 1299 545 juvat,
1320 473 1393 545 quod
1410 487 1461 545 pro
1484 487 1518 530 eo
1542 479 1596 530 tam
1615 474 1678 531 vivo
1692 487 1776 546 quam
1790 474 1931 531 deiuncto

235 570 301 627 dedi
316 569 357 625 eis
371 568 516 624 ecclesiam
531 573 626 622 sancto
640 565 743 621 lacobo
758 564 923 633 dedicatam,
939 565 1059 622 illomm·
1100 567 1159 622 iteri
1173 567 1288 632 curavit,
1304 565 1332 620 in
1348 578 1469 635 perenne
1484 566 1519 621 oh
1539 570 1581 621 tut
1595 564 1728 624 beneficia
1744 565 1831 622 abeo
1847 580 1932 622 acce-

236 673 290 729 que
303 656 432 728 suilragio
451 655 492 711 vel
512 655 643 724 precibus
656 667 771 723 sperans
789 669 877 710 meam
891 653 964 726 apud
975 656 1059 710 licum
1101 661 1147 726 pta
1169 654 1239 725 grati
1267 654 1350 710 animi
1379 660 1595 710 monumentum.
1616 654 1694 721 Quod
1714 653 1829 723 quidem
1849 655 1932 710 insti·

236 747 358 816 adjuvari
378 746 505 799 animam.
522 759 536 794 u
556 744 623 797 Tum
643 749 771 800 recenset
793 743 882 799 varias
896 741 1060 799 donationes
1101 749 1200 809 tutum,
1222 755 1256 797 ne
1270 740 1341 798 iorte
1361 747 1425 812 post
1447 741 1529 813 longa
1551 748 1706 812 temporum
1725 737 1875 798 intervalla
1901 745 1928 798 iu

238 849 302 890 ase
315 841 342 889 et
356 834 390 888 ab
407 833 520 902 lingone
548 830 668 901 quodam
692 832 807 888 eremita
835 831 978 888 monacbis
1005 830 1061 887 illis
1101 830 1310 886 desuetudinem
1339 831 1437 896 abiret,
1458 831 1617 887 convocatis
1640 831 1668 885 in
1695 831 1850 901 capitulum
1869 829 1929 886 ira·

237 923 333 989 iactas,
353 935 415 990 quae
434 920 525 975 omnia
544 933 593 976 rex
607 919 667 990 ipse
682 934 743 976 oum
763 920 820 976 illio
835 935 885 978 suo
901 923 982 978 Petro
997 933 1062 978 eon·
1102 920 1202 989 tribus,
1217 919 1306 990 iisque
1322 919 1394 976 ultro
1412 919 1662 983 consentientibus,
1685 919 1798 989 publico
1825 921 1930 975 instru-

238 1011 354 1067 cessisse
370 1016 397 1064 et
416 1009 592 1065 conllrmasse
615 1009 727 1065 dicitur.
752 1009 827 1066 ldem
853 1011 984 1081 princeps
1007 1024 1062 1066 aera
1103 1016 1195 1065 mento
1223 1009 1308 1064 inseri
1336 1008 1433 1074 voluit,
1467 1008 1541 1078 quod
1569 1009 1597 1064 in
1615 1007 1727 1064 brebivi
1754 1008 1929 1065 Silvensibns

238 1115 344 1165 ucxxrv,
363 1098 509 1154 llesenitas
530 1097 581 1168 lli„
601 1097 744 1168 mosqudes)
771 1098 805 1154 do
825 1101 938 1170 Essem,
966 1099 1061 1168 procul
1103 1098 1155 1153 sub
1170 1098 1221 1153 bac
1235 1096 1321 1153 torma
1336 1096 1463 1152 babetur.

239 1189 323 1245 dtibio
338 1202 353 1242 a
368 1188 468 1242 Mauris
483 1191 602 1256 ereptas,
619 1201 680 1241 cum
695 1186 812 1243 decimis
826 1195 854 1243 et
873 1187 934 1243 aliis
948 1188 1063 1244 redditi·
1141 1203 1155 1240 ι
1176 1189 1205 1243 ιι
1229 1187 1340 1243 nomine
1359 1192 1461 1242 saumae
1480 1191 1508 1242 et
1528 1185 1678 1242 individuae
1697 1184 1855 1243 Trinitatis.
1874 1190 1930 1244 lio-

238 1278 290 1333 bus
317 1275 459 1332 monacbis
478 1274 647 1330 Silvensibus
676 1275 799 1331 tradidit.
830 1275 880 1331 Cui
909 1276 1061 1343 donationi,
1104 1282 1162 1331 tum
1181 1275 1240 1332 ieri
1260 1275 1385 1332 volumus
1399 1275 1506 1331 cunctis
1520 1281 1624 1332 sancte
1639 1275 1772 1332 Ecclesiae
1786 1275 1928 1343 fidelibus,

238 1371 340 1436 praeter
356 1367 463 1420 vetrum
479 1365 538 1432 ejus
553 1362 649 1430 lilium,
669 1363 835 1435 subscripsit
859 1379 969 1435 quoque
994 1365 1064 1421 Feli·
1105 1373 1159 1418 tam
1180 1363 1298 1433 posteris
1316 1375 1397 1433 quam
1422 1363 1615 1433 presentibus,
1640 1363 1715 1434 quod
1734 1363 1857 1420 domnus
1871 1365 1931 1420 lit-

240 1453 389 1524 ciaregina
408 1453 468 1523 ejus
492 1466 562 1507 uxor
587 1458 615 1508 et
638 1453 711 1508 Petri
740 1459 845 1520 mater;
873 1453 959 1509 multo
986 1454 1064 1524 plura
1105 1451 1203 1508 lelvnus
1228 1451 1393 1508 venerabilis
1411 1452 1564 1522 Aquitaniae
1588 1451 1655 1519 dux,
1683 1451 1820 1524 quidquid
1846 1453 1931 1509 babe-

240 1541 352 1600 donavit
367 1556 421 1597 aera
435 1557 535 1596 mcxxxv
550 1555 644 1597 mense
662 1541 788 1607 Octobri,
809 1541 894 1597 idest
913 1541 995 1611 paulo
1018 1555 1066 1598 an·
1103 1527 1153 1596 bat
1167 1542 1195 1596 in
1216 1540 1366 1608 territorio,
1392 1540 1467 1610 quod
1486 1540 1657 1610 Silva-llajor
1676 1540 1843 1611 appellatur,
1863 1556 1931 1596 san·

242 1636 351 1700 tequam
368 1643 383 1684 e
402 1629 470 1684 vivis
481 1627 638 1696 excederet,
655 1629 764 1685 occisus
774 1629 877 1700 quippe
888 1635 931 1684 est
944 1631 972 1684 in
982 1633 1064 1686 nueae
1106 1636 1158 1686 ctae
1187 1630 1277 1685 llariae
1300 1627 1425 1696 tradidit,
1449 1635 1532 1700 atque
1553 1629 1629 1684 omni
1648 1629 1776 1685 libertate
1805 1631 1930 1685 donavit.

242 1718 319 1774 urbis
343 1716 490 1773 obsidione
514 1731 586 1773 anno
605 1718 744 1787 sequenti,
769 1718 859 1774 idest
882 1732 954 1776 anno
976 1719 1063 1787 1094,
1106 1719 1163 1789 ligo
1178 1718 1272 1787 itaquo
1291 1717 1434 1784 deraldus,
1460 1717 1632 1788 providentia
1646 1717 1697 1774 bei
1711 1718 1798 1773 abbas
1814 1719 1931 1788 primus,

241 1805 319 1860 diet
346 1805 430 1860 lunii.
451 1804 579 1873 Ejusdem
608 1819 692 1878 porro
720 1807 794 1876 regis
821 1807 939 1863 consilio
966 1799 1168 1864 PetrusBcum
1186 1807 1260 1862 omui
1281 1805 1393 1862 iratrum
1417 1805 1534 1877 collegio
1559 1807 1740 1873 decrevimus,
1770 1807 1932 1862 decretum-

242 1893 464 1962 Pampilonensis
495 1893 621 1958 antistes,
654 1893 714 1964 (qui
739 1908 772 1948 eu
805 1895 941 1951 monacbo
973 1897 1065 1952 Sancti
1107 1909 1161 1965 que
1181 1894 1209 1950 in
1229 1895 1444 1966 congregatione
1463 1897 1609 1951 statuimus
1627 1903 1658 1951 ut
1676 1909 1727 1966 pro
1743 1896 1798 1951 boc
1813 1896 1931 1966 aliisque

241 1982 333 2037 Pontii
349 1981 535 2037 Tomeriarum
551 1982 579 2036 in
598 1980 681 2036 Gallis
696 1981 730 2036 ad
745 1982 816 2038 banc
839 1983 943 2052 sedem,
968 1990 998 2039 ul
1020 1985 1067 2039 Ta·
1107 1983 1249 2040 henellciis
1264 1997 1326 2053 quae
1341 1984 1458 2054 plurima
1481 1997 1546 2055 erga
1560 1997 1612 2040 nos
1635 1989 1777 2055 operatur,
1793 1986 1824 2040 in
1841 1993 1932 2040 nosm

242 2070 375 2125 maiusin
391 2070 516 2142 catalogo
536 2071 730 2140 episcoporum
756 2070 1066 2140 Pampilonensiumdie
1107 2086 1216 2143 semper
1251 2073 1385 2129 orationis
1412 2073 1543 2130 memoria
1571 2073 1722 2142 habeatur,
1752 2080 1894 2144 quatenus
1918 2088 1934 2128 a

242 2157 376 2228 taprilis
390 2158 477 2214 relato
496 2165 600 2226 monet,
624 2165 735 2214 evectus
753 2157 863 2226 lucrati
881 2159 1067 2231 Argileensem
1108 2162 1217 2219 cbristo
1232 2162 1482 2218 remunerationem
1501 2168 1648 2218 mereatur.
1662 2164 1720 2219 lloe
1733 2177 1850 2234 quoque
1866 2177 1933 2218 con-

244 2247 394 2304 Ecclesiam
424 2261 485 2303 eum
508 2249 566 2303 suis·
585 2247 760 2317 pertiuentiis
783 2255 810 2305 et
833 2246 895 2304 aliis
913 2248 1069 2306 redditibus
1109 2251 1258 2318 stituimus,
1279 2255 1309 2306 ut
1337 2265 1387 2320 pro
1407 2265 1441 2308 eo
1469 2251 1586 2322 singuiis
1601 2251 1785 2308 hebdomadis
1803 2253 1933 2322 specialis

244 2343 341 2392 sancto
359 2335 476 2392 Geraldo
495 2335 607 2393 donavit
622 2348 677 2392 aera
691 2350 792 2392 mcxxv.
1110 2339 1192 2394 missa
1224 2345 1348 2406 canatur,
1382 2345 1465 2410 alque
1498 2345 1599 2410 quanta
1631 2341 1748 2410 singulis
1781 2339 1931 2406 iratribus,

283 2423 325 2478 17.
344 2423 477 2479 Geraldus
489 2429 587 2479 ‚autem
605 2427 647 2478 tot
674 2423 871 2479 henetcturum
898 2438 915 2480 a
942 2425 988 2495 pio
1005 2439 1069 2497 rege
1110 2436 1186 2485 tanta
1198 2429 1223 2484 ei
1243 2427 1368 2500 quotidie
1383 2427 1550 2485 decernatur
1573 2429 1722 2500 praebenda
1737 2443 1789 2500 pro
1813 2443 1850 2486 oo
1870 2443 1934 2500 pau-

245 2516 421 2581 aeeeptorum
435 2524 492 2567 non
516 2511 659 2567 immemor
681 2511 777 2566 statuit
805 2518 836 2567 ut
863 2526 934 2568 unus
961 2527 1072 2583 semper
1111 2517 1225 2588 peribus
1247 2516 1397 2588 eroganda.
1416 2517 1495 2585 Quod
1509 2518 1547 2573 ita
1571 2518 1713 2574 delinitum
1732 2525 1786 2586 est,
1807 2524 1842 2574 ut
1865 2520 1933 2574 sicut

249 2613 354 2670 pauper
369 2600 430 2655 loeo
445 2598 521 2655 illius
534 2599 609 2670 regis
628 2598 670 2655 vel
686 2600 746 2669 elus
764 2613 956 2657 successorum
969 2603 998 2657 in
1014 2614 1072 2657 mo·
1111 2606 1165 2662 boc
1180 2606 1264 2661 invita
1277 2606 1365 2675 ipsius
1378 2606 1479 2676 agitur,
1491 2619 1546 2663 nou
1562 2607 1661 2664 minori
1675 2607 1769 2664 studio
1786 2616 1853 2678 post
1866 2621 1936 2663 mor·

251 2688 372 2744 nasterio
386 2688 502 2744 Silvensi
522 2688 684 2744 nutriretur.
705 2689 852 2744 Decretum
874 2689 1004 2747 eadere
1028 2689 1074 2746 ιιι
1111 2699 1177 2761 tem,
1198 2693 1319 2764 quandiu
1338 2694 1446 2750 steterit
1465 2694 1592 2762 ecclesia,
1612 2701 1718 2766 agatur.
1741 2697 1934 2753 Necessarium

251 2785 325 2834 ctum
339 2777 393 2834 buc
410 2775 533 2847 proierre
553 2777 630 2834 libet.
1113 2796 1180 2854 ergo
1191 2781 1319 2838 duximus
1331 2788 1361 2839 ιι
1375 2782 1428 2838 ιιι
1447 2785 1587 2840 memoriae
1601 2784 1761 2855 chartisque
1776 2786 1934 2854 mandetur,

287 2868 524 2922 alestamentum
543 2867 702 2924 monasterii
722 2869 813 2924 Beatae
837 2868 930 2925 llarlae
949 2869 983 2925 de
1002 2867 1073 2925 Silva
1113 2884 1149 2927 ne
1182 2869 1337 2926 futurorum
1366 2869 1533 2943 negligentia
1560 2871 1692 2940 privetur.
1725 2873 1848 2944 Scriptae
1873 2881 1934 2930 sunt

250 2956 366 3024 llajores
382 2953 415 3009 ad
432 2968 523 3025 regem
539 2955 666 3010 sancium
691 2958 904 3024 aragonensem.
925 2958 1073 3014 Exaucto·
1115 2963 1207 3032 itaquo
1221 2959 1282 3016 duat
1309 2961 1414 3017 similes
1441 2959 1583 3028 chartule,
1603 2969 1634 3018 ut
1662 2960 1793 3031 praefatus
1813 2964 1872 3019 dux
1890 2965 1935 3018 ba·

250 3042 332 3096 ritate
357 3041 404 3096 bei
433 3041 522 3096 Patris
541 3041 749 3111 omnipotentis,
779 3057 812 3098 ex
840 3043 974 3112 petitione
1000 3046 1074 3116 regis
1114 3050 1281 3116 beatunam,
1298 3049 1384 3106 altera
1402 3064 1467 3107 vero
1482 3051 1519 3106 sit
1539 3050 1612 3120 apud
1635 3051 1793 3108 ecelesiam.
1813 3053 1935 3120 Quodsi

249 3128 342 3183 sancii
358 3127 500 3195 coullrmo,
518 3132 546 3183 et
569 3129 777 3186 successoribus
800 3131 904 3186 nostris
922 3131 1070 3188 tenendum
1081 3120 1103 3181 G
1115 3137 1186 3196 lorte
1216 3139 1361 3209 quisquam
1375 3139 1440 3195 bule
1458 3138 1573 3194 decreto
1588 3141 1726 3196 contrarie
1745 3155 1935 3212 praesumpse-

248 3215 394 3288 praecipio,
415 3221 551 3286 quatenus
566 3230 617 3286 pro
631 3231 695 3288 rege
710 3218 819 3283 sancio,
840 3225 868 3274 ct
882 3233 933 3289 pro
948 3233 1072 3291 unoquo·
1116 3228 1162 3296 rit,
1183 3227 1364 3284 anathematis
1383 3226 1507 3298 periculo
1536 3241 1600 3284 rcus
1625 3229 1688 3296 erit,
1717 3229 1810 3286 donoc
1830 3230 1936 3286 satista-

146 3314 149 3329 ¹
248 3319 302 3377 que
317 3305 352 3360 de
367 3305 544 3361 successione
559 3305 647 3375 ipsius
661 3320 766 3376 pauper
784 3319 856 3363 unus
883 3308 911 3362 in
936 3319 1072 3367 conventu
1113 3317 1206 3372 ctione
1221 3315 1367 3372 obedierit.
1391 3315 1431 3372 td
1455 3315 1669 3374 conurmandum
1693 3331 1762 3388 ergo
1786 3319 1873 3389 nujus
1899 3321 1935 3376 rei

247 3394 301 3450 isto
316 3393 480 3463 accipiatur,
501 3399 530 3449 ut
544 3395 696 3450 monachus
722 3395 769 3450 ilat
782 3396 895 3452 omniuo
914 3397 975 3453 sine
991 3413 1073 3468 pecu·
1113 3405 1301 3461 testimonium
1315 3404 1529 3474 subscripsimus
1548 3407 1659 3463 nomina
1678 3420 1787 3474 eornm,
1802 3409 1855 3476 qui
1875 3410 1935 3464 buit

248 3483 303 3549 nia,
319 3481 382 3539 ioco
398 3482 472 3551 regis
486 3483 629 3550 vestiatur,
645 3483 792 3540 manducet
807 3489 835 3540 et
849 3484 926 3540 bibat
941 3491 969 3542 et
989 3493 1070 3554 oret;
1114 3493 1228 3550 decreto
1248 3492 1450 3550 interimerunt:
1471 3493 1497 3548 S.
1514 3493 1629 3551 liuberti
1652 3495 1687 3550 de
1709 3497 1890 3567 burgundia:
1909 3499 1936 3552 8.

248 3569 376 3628 similiter
389 3583 441 3640 pro
456 3571 675 3626 successoribus.
694 3571 722 3627 Si
737 3572 854 3628 moritur
872 3586 943 3630 unus
957 3574 992 3630 de
1006 3589 1074 3644 pau·
1113 3580 1244 3637 willelmi
1272 3582 1346 3652 Elyae
1369 3581 1598 3652 burdegalensts;
1618 3584 1646 3640 S·
1666 3585 1741 3640 Petri
1765 3587 1937 3642 vicecomitis

248 3659 363 3731 peribus
390 3659 437 3728 qui
464 3657 531 3715 iacti
553 3664 617 3715 sunt
636 3659 763 3717 monaehi
788 3673 838 3730 pro
863 3662 984 3732 regibus,
1004 3662 1074 3719 alter
1114 3668 1149 3724 de
1167 3670 1353 3738 castellione;
1373 3671 1400 3725 s.
1415 3672 1554 3727 amarent
1573 3672 1608 3728 de
1633 3673 1742 3730 llaroba
1753 3689 1763 3738 ;
1783 3675 1812 3730 S.
1829 3675 1936 3732 ltoduli

249 3747 312 3804 loeo
327 3749 387 3818 ejus
401 3746 578 3815 subrogetur.
592 3747 686 3803 Omnis
700 3747 838 3818 capitulus
852 3750 1072 3819 responderunt:
1115 3758 1150 3813 de
1164 3759 1265 3815 Sancto
1281 3759 1379 3830 litigio.
1397 3780 1410 3809 ι

248 3838 354 3903 Αιιιις
371 3834 428 3902 dat,
448 3834 505 3889 ilat.
522 3853 536 3886 ι
556 3836 685 3905 acceptis
704 3850 752 3892 rex
771 3835 815 3892 bis
832 3837 934 3893 litteris
956 3838 1074 3895 deraldo
1154 3846 1195 3904 19.
1216 3847 1403 3905 particulatim
1422 3851 1593 3920 prescripsit
1614 3852 1676 3923 pius
1693 3853 1780 3909 abbas
1800 3854 1871 3924 quid
1891 3867 1938 3926 pro

249 3925 351 3994 gratias
365 3923 432 3992 egit,
448 3927 479 3977 ut
493 3935 528 3978 ³¹
542 3925 602 3992 ejus
617 3925 753 3995 rescripto
772 3925 916 3996 habemus,
935 3927 1011 3996 quod
1027 3941 1076 3997 lta-
1116 3937 1215 4008 quovis
1229 3935 1371 4006 deiuncto,
1382 3938 1439 3994 sive
1449 3951 1484 3994 es
1493 3941 1653 3996 monasterii
1663 3940 1705 3996 sui
1716 3944 1875 4010 monacbis,
1885 3945 1938 4000 sim

250 4012 319 4067 riter
333 4027 348 4068 e
363 4011 506 4067 Cbartaric
525 4011 641 4068 Silvensi
655 4013 710 4070 buc
725 4013 901 4083 proterimus.
1116 4037 1150 4080 ox
1168 4025 1230 4080 aliis
1243 4024 1348 4082 ioederc
1372 4025 1509 4096 spirituali
1533 4027 1586 4098 ipsi
1610 4031 1779 4099 conjunctis,
1802 4041 1939 4102 praestan-

287 4099 494 4169 «Rescriptum
513 4099 603 4156 sancii
633 4101 707 4172 regis
725 4102 760 4157 ad
788 4102 899 4159 beatum
917 4103 1073 4160 Geraldum.
1115 4114 1181 4169 oum
1196 4121 1279 4183 osset,
1295 4129 1359 4184 que
1382 4115 1474 4172 omnia
1498 4117 1526 4173 iu
1555 4117 1627 4175 libro
1656 4120 1689 4176 ad
1718 4121 1773 4176 boe
1801 4121 1938 4178 destinato

249 4189 318 4258 Quia
333 4202 384 4258 pro
399 4202 442 4244 me
462 4193 490 4244 et
513 4189 722 4245 successoribus
745 4192 813 4248 meis
837 4193 865 4248 in
885 4193 1006 4263 capitulo
1025 4207 1074 4249 ve·
1116 4201 1237 4259 describi
1265 4205 1381 4260 curavit.
1411 4205 1441 4261 lo
1470 4205 1631 4278 necrologio
1655 4213 1824 4266 autemnon
1854 4213 1939 4268 solum

250 4285 309 4334 stro
325 4277 389 4334 talia
405 4275 599 4344 confirmastis,
616 4279 688 4335 Deus
705 4280 784 4336 vobis
807 4281 953 4350 retribuat,
970 4290 998 4338 et
1013 4296 1073 4350 nos,
1117 4292 1244 4362 istorum,
1265 4293 1314 4350 sod
1347 4293 1566 4351 esturnellorum
1594 4295 1801 4356 beooiootorum
1833 4301 1941 4358 nomina

202 4364 205 4372 '
251 4368 275 4424 si
289 4368 344 4424 vita
359 4381 453 4424 comes
467 4365 561 4435 luerit,
578 4379 634 4424 non
649 4370 753 4426 erimus
771 4371 882 4440 ingrati.
897 4371 937 4428 ad
953 4386 1076 4442 presens
1117 4381 1202 4439 inseri
1216 4383 1313 4451 voluit,
1334 4389 1364 4440 ut
1382 4384 1474 4454 aliqua
1488 4384 1584 4441 saltem
1599 4399 1694 4443 eorum
1709 4389 1844 4445 memoria
1860 4397 1935 4460 quot·

252 4470 286 4513 ex
304 4456 469 4512 auctoritate
488 4456 535 4511 liei
555 4463 583 4511 et
602 4464 696 4512 nostra
724 4458 918 4516 confirmamus
936 4465 964 4516 et
983 4449 1108 4530 poste-D
1120 4471 1209 4538 auius,
1239 4472 1285 4529 ote
1304 4485 1400 4528 eorum
1424 4473 1517 4530 obitus
1535 4473 1565 4530 ln
1587 4472 1702 4531 imorum
1726 4481 1941 4550 congregatione

252 4545 292 4599 ris
305 4544 409 4599 nostris
423 4543 641 4600 confirmandum
660 4548 851 4616 proponimus,
867 4555 1004 4619 quatenus
1018 4563 1077 4607 om·
1118 4558 1206 4614 iteret.
1223 4559 1292 4627 Quid
1307 4573 1372 4617 vero
1392 4574 1443 4630 pro
1471 4574 1528 4618 suae
1556 4563 1781 4634 congregationis
1799 4566 1942 4621 monacbis

252 4633 298 4690 nia
312 4632 385 4688 dona
403 4646 466 4704 ιιι
482 4631 547 4688 dedi
561 4633 650 4698 vobis,
668 4634 710 4690 vel
730 4649 792 4705 (ιιι
811 4636 926 4692 daturus
945 4652 1005 4694 sum
1025 4653 1077 4710 ego
1119 4648 1266 4705 dicendum
1298 4654 1345 4706 aut
1372 4648 1529 4706 laciendum
1556 4652 1727 4719 instituerit,
1756 4651 1894 4711 discimus
1911 4671 1941 4712 es

253 4722 295 4778 vel
316 4723 420 4792 posteri
436 4722 535 4790 nostri,
555 4723 593 4779 ita
613 4722 700 4779 libera
724 4724 779 4780 sint
802 4724 970 4797 ubicunqne,
1003 4727 1078 4798 quod
1119 4737 1219 4794 notitia
1238 4752 1319 4809 quam
1334 4740 1450 4808 ipsemet
1465 4739 1563 4796 boatus
1580 4740 1666 4798 abbas
1680 4754 1713 4808 ea
1730 4741 1766 4797 de
1785 4757 1817 4799 re
1845 4745 1941 4800 edidit.

252 4825 342 4882 neque
358 4811 546 4868 ecelesiastica
561 4825 690 4882 persona,
712 4826 802 4884 neque
819 4815 961 4872 saecularis
978 4817 1079 4874 audeat
1157 4847 1170 4876 α
1203 4828 1387 4898 cognoscant,
1420 4827 1528 4898 inquit,
1566 4841 1663 4886 omnes
1698 4836 1753 4887 tam
1792 4842 1942 4902 presentes

254 4901 420 4971 inquietare,
435 4899 507 4956 sicut
522 4905 616 4957 nostra
635 4903 748 4974 propria
763 4901 883 4973 palatia:
909 4905 1010 4976 siquis
1033 4907 1078 4963 in·
1121 4929 1201 4986 quom
1216 4915 1402 4984 subsecuturi,
1422 4917 1496 4988 quod
1517 4930 1568 4989 ego
1587 4919 1721 4975 Geraldus
1738 4920 1827 4977 abbas
1842 4933 1941 4980 sancta

255 4989 430 5060 quietaverit,
457 5001 506 5044 seu
535 4989 758 5059 inquietantibus
790 4995 973 5063 consenserit,
1009 4994 1079 5052 lnam
1120 5003 1212 5060 llariae
1244 5003 1448 5073 silve-Maioris
1480 5005 1604 5076 quamvis
1640 5007 1791 5078 indignus,
1832 5012 1941 5068 utilitati

254 5080 303 5134 liei
332 5092 394 5135 cum
422 5077 589 5136 detrimento
608 5080 651 5136 sui
670 5082 798 5152 corporis
823 5083 957 5140 incurrat.
977 5085 1078 5142 custo·
1120 5091 1243 5149 vivorum
1262 5097 1290 5148 et
1305 5099 1474 5149 mortuorum
1498 5095 1657 5163 consulens,
1682 5097 1840 5154 communis
1861 5101 1942 5156 totius

256 5167 397 5225 dientibus
410 5169 465 5224 vita
484 5173 512 5226 et
531 5183 593 5240 pax.
614 5170 673 5226 lloc
697 5171 832 5238 concedo,
853 5171 907 5228 boc
926 5165 1083 5240 eonlrmo‚'
1121 5181 1344 5253 congregationis
1356 5182 1473 5239 consilio
1501 5184 1631 5252 stabilivi,
1652 5191 1680 5241 et
1703 5191 1734 5242 ιι
1756 5187 1786 5243 ιι
1810 5195 1941 5244 aeternum

257 5257 311 5314 boe
326 5257 445 5328 posteris
473 5258 542 5313 meis
565 5258 723 5317 memoriale
743 5274 805 5316 curn
824 5259 912 5317 salute
940 5261 1078 5334 relinquo.
1122 5274 1282 5340 permaneat
1295 5268 1397 5326 litteris
1410 5269 1534 5328 mandari
1552 5274 1683 5344 praecepi.
1703 5273 1732 5330 Si
1755 5275 1822 5345 quis
1844 5285 1940 5333 nostra

257 5348 315 5403 lloc
343 5346 450 5418 signum
470 5346 570 5403 divine
594 5347 802 5418 recognitionis,
822 5355 850 5406 et
873 5349 925 5405 bos
948 5357 1034 5408 testes
1051 5353 1079 5410 ln
1122 5357 1346 5429 congregationis
1364 5357 1516 5416 decesserit
1538 5359 1652 5428 seculo,
1682 5363 1886 5435 nobiscumque
1903 5380 1941 5420 se

257 5435 358 5504 quibus
373 5443 464 5492 manet
479 5435 677 5493 testimonium.
696 5455 710 5490 ι
1122 5447 1216 5518 pultus
1229 5446 1324 5516 iverit,
1340 5449 1475 5519 usquead
1490 5463 1592 5506 annum
1611 5452 1690 5521 panis
1713 5457 1741 5508 et
1765 5454 1862 5511 vinum
1877 5470 1941 5526 pau·

266 5538 274 5544 ·
297 5521 339 5576 18.
368 5523 445 5579 llaud
475 5524 566 5579 minus
593 5523 731 5582 sollicitus
747 5523 799 5583 iult
827 5525 889 5598 pius
913 5528 998 5584 abbas
1030 5544 1080 5602 pro
1122 5535 1236 5608 peribus
1248 5550 1298 5607 pro
1318 5550 1352 5593 oo
1367 5537 1559 5620 tribuetur,„et
1582 5553 1670 5611 usque
1689 5541 1723 5598 ad
1747 5542 1864 5614 triginta
1886 5543 1943 5600 dirs

259 5608 397 5667 willelmo
429 5611 629 5682 nqutanorum
660 5615 741 5673 duce.
771 5617 836 5687 Eius
867 5621 999 5675 statutum
1026 5620 1081 5677 buc
1123 5626 1158 5682 ab
1176 5625 1305 5684 omnibus
1319 5627 1402 5684 missa
1416 5633 1444 5686 et
1461 5627 1563 5700 vigillae
1578 5636 1750 5688 mortuorum
1764 5633 1944 5690 communiter
