4036 6162
224 235 276 301 823
767 245 931 302 Envbunl'l
951 241 1218 302 andrunnun-nnis
1235 241 1369 298 utuntur
1860 239 1912 294 824

224 370 398 429 commissum
414 369 518 441 alupls
531 371 677 442 rapacibus
692 367 831 436 liberaret,
847 370 905 440 qni,
921 367 1188 441 quandiulanelat,
1205 366 1291 438 ipsam
1315 369 1438 423 sanctam
1452 365 1612 423 Trinitatem
1627 370 1656 422 et
1678 375 1776 422 omues
1798 369 1912 438 muetos

224 461 302 527 vixit,
326 466 410 531 prout
432 461 506 517 licus
528 474 578 530 per
603 460 777 516 clementiam
800 471 877 516 suam
896 459 1045 524 concessit,
1088 456 1172 514 eorde
1192 465 1221 512 et
1239 469 1288 512 ore
1309 455 1438 512 iuvocare
1457 467 1511 511 non
1528 461 1664 518 cesenat
1681 452 1749 511 nribl
1766 467 1831 526 qum
1845 456 1912 512 scri·

225 549 352 608 eeclesiae
376 549 423 606 liei
447 563 480 604 ac
506 547 601 619 populi
623 549 666 604 sui
690 555 719 604 ct
742 548 887 605 multarunt
907 549 1045 606 civitatum
1088 545 1178 603 beuda
1200 551 1265 601 sunt
1287 544 1405 602 scribam
1421 548 1450 600 ιι
1470 557 1533 614 quae
1556 541 1673 599 tacenda
1695 550 1761 600 sunt
1778 543 1910 600 reducam

227 652 319 696 curam
339 650 448 710 gerens,
465 637 499 693 de
517 649 690 706 quacumque
708 636 762 692 sibi
777 651 826 706 per
840 637 958 710 legatum
978 637 1045 694 iuti·
1088 647 1138 705 per
1156 633 1285 704 spiritum
1305 638 1430 689 sanctum
1450 645 1529 688 suum
1543 629 1565 662 ⁸'
1583 631 1727 688 concedat.

227 727 354 790 mabatur
385 733 467 796 prout
495 738 546 782 nos
574 725 602 780 in
630 739 708 782 sacra
736 727 796 798 eius
822 727 926 798 ystoria
950 726 985 784 de
1013 739 1046 782 eo
1122 722 1149 778 2.
1178 722 1265 794 igitur
1281 720 1303 754 ¹⁶
1334 728 1447 778 sanctus
1477 720 1638 778 Ambrosius
1668 720 1786 778 scientia
1818 721 1911 778 divim

217 817 330 892 scripta
353 814 517 882 invenimus,
534 820 564 870 ut
582 813 672 872 bouus
688 822 782 886 pastor
796 814 892 874 sedule
906 815 1045 888 vigilabat,
1088 811 1219 880 imbutus,
1245 810 1349 883 Spiritu
1377 818 1473 867 sancto
1501 810 1633 882 repletus,
1653 809 1727 868 omni
1751 809 1830 867 clero
1854 824 1913 867 orn·

228 906 336 968 curiose
364 905 491 960 circuens
518 911 616 974 gentes
642 903 773 970 diversas,
801 912 883 976 atquo
911 904 1046 974 civitates,
1088 900 1225 972 cibusque
1253 899 1398 957 catholicis
1429 899 1557 956 fidelibus
1589 898 1668 957 laicis
1698 898 1806 957 indicto
1835 901 1913 971 jeiu-

221 989 395 1065 tyrampnos,
411 1003 500 1064 reges,
516 992 612 1061 duces,
633 1005 729 1050 omnes
751 995 780 1050 iu
803 991 913 1051 Christo
932 1008 1047 1051 convcr—
1088 991 1146 1057 nlo,
1171 997 1201 1046 ιιι
1222 989 1354 1046 Dominus
1377 989 1412 1046 ad
1436 988 1570 1046 bonorem
1594 987 1724 1046 neuere
1751 1003 1812 1045 sue
1830 995 1860 1045 et
1877 987 1910 1044 ad

226 1081 311 1148 tebet,
332 1085 362 1138 et
383 1079 533 1152 unicuique
550 1081 653 1138 civitati
673 1088 701 1138 et
723 1083 831 1139 cunetis
855 1082 983 1140 fidelibus
1001 1097 1048 1154 pe·
1088 1078 1196 1136 laudem
1211 1077 1296 1135 divini
1319 1078 1412 1135 cultus
1427 1076 1512 1134 corda
1526 1090 1638 1134 suorum
1660 1077 1768 1147 aperire
1783 1076 1912 1150 dignare·

224 1169 347 1228 tentibus
358 1169 539 1240 similiterque
550 1169 678 1242 religiose
689 1171 877 1242 quaerentibus
887 1172 1047 1242 episcopum
1088 1173 1143 1234 tur,
1159 1167 1188 1222 iu
1207 1173 1306 1239 quarto
1325 1165 1370 1224 die
1389 1166 1467 1237 quasl
1487 1179 1538 1238 per
1551 1171 1671 1236 quatuor
1689 1165 1848 1238 Evangelia,
1863 1180 1911 1237 per

224 1256 381 1324 ordinabat,
396 1265 425 1313 et
448 1257 605 1314 ordinatum
629 1263 809 1316 summarum
830 1260 926 1316 lautitia
945 1273 1047 1318 eonse—
1088 1255 1261 1311 clementiam
1275 1253 1322 1312 liei
1343 1260 1371 1311 ct
1396 1265 1446 1323 per
1464 1252 1660 1310 revelationem
1678 1251 1800 1323 Spiritus
1823 1254 1912 1310 sarred

224 1344 328 1402 enabat.
346 1346 375 1401 ln
392 1353 496 1402 tautum
511 1345 584 1402 erum
599 1345 722 1403 Ecclesia
737 1347 784 1404 liei
804 1348 832 1405 in
847 1347 973 1404 manibus
987 1349 1048 1420 ejus
1088 1343 1259 1414 septuaginta
1288 1349 1316 1399 et
1343 1342 1414 1398 duos
1444 1342 1614 1410 sacerdotes,
1643 1342 1691 1412 qui
1718 1342 1747 1398 iu
1773 1341 1911 1414 primitiva

224 1432 388 1505 pullulabat,
404 1441 434 1491 ut
449 1448 545 1491 omnes
559 1434 685 1492 iulideles
703 1436 732 1492 in
747 1450 830 1493 unum
849 1436 1045 1504 adunarentur,
1089 1431 1212 1490 Ecclesia
1244 1431 1368 1503 episcopi
1399 1431 1578 1498 vocabantur,
1608 1437 1639 1487 ut
1666 1433 1696 1487 Β.
1726 1433 1912 1503 Hieronymus

225 1529 254 1579 et
281 1522 365 1580 tacite
390 1531 578 1594 supponentes
606 1525 721 1597 digitum
749 1525 791 1582 uri
819 1539 870 1582 suo
899 1526 1045 1584 dicebant:
1089 1521 1188 1578 doctor
1203 1522 1231 1577 ln
1250 1521 1370 1591 quodam
1390 1534 1441 1577 suo
1465 1519 1537 1577 libro
1556 1519 1655 1576 asserit
1668 1519 1736 1592 (35),
1753 1519 1912 1588 ordinavit,

227 1615 327 1669 overe
351 1613 455 1684 digitus
477 1613 525 1670 liei
543 1612 609 1671 iacit
630 1615 694 1682 boc,
721 1620 749 1672 et
772 1621 905 1687 operatur
922 1616 951 1673 in
970 1630 1014 1675 eo.
1032 1632 1047 1672 ιι
1089 1611 1199 1666 imitans
1221 1623 1316 1666 verum
1338 1608 1496 1680 magistrum
1521 1614 1549 1666 et
1576 1608 1739 1666 salvatorem
1766 1610 1912 1667 Ιιιιιιιιιιιιιι

228 1702 306 1758 Enim
329 1701 460 1772 quamdlu
484 1703 539 1759 vita
562 1703 588 1760 ei
611 1717 704 1761 cernes
727 1704 788 1774 iuit,
814 1705 943 1762 laborans
965 1709 1215 1782 supeanostrum
1240 1701 1333 1756 losum
1355 1699 1504 1755 christum.
1531 1699 1609 1755 Sicut
1634 1699 1707 1755 enlm
1728 1698 1866 1756 Dominus
1886 1706 1913 1756 et

229 1789 331 1847 multos
345 1789 448 1858 iideles,
461 1792 496 1848 ab
508 1791 601 1863 aliquo
611 1793 730 1865 gladium
741 1795 902 1866 evaginante
915 1809 1047 1868 nusquam
1090 1789 1249 1860 redemptor
1264 1793 1358 1844 noster
1376 1788 1670 1858 postincarnationem
1689 1788 1911 1860 baptismumque

228 1878 401 1951 calupniatus
419 1886 480 1948 est;
500 1881 574 1938 uude
597 1881 695 1938 dolens
709 1883 783 1954 quod
798 1884 907 1941 volebat
926 1899 986 1941 esse
1001 1898 1050 1942 ne·
1089 1878 1208 1949 1111011111
1225 1878 1345 1936 inmane
1360 1883 1551 1934 181611111θῦ0
1570 1890 1621 1947 liti
1634 1877 1768 1949 Spiritum
1786 1886 1911 1936 anctum

229 1968 326 2039 quivit,
348 1968 444 2026 diacus
466 1969 495 2026 ln
520 1984 601 2042 ymno
617 1970 638 2002 ¹⁸
654 1991 660 2026 :
679 1990 693 2024 ι
712 1973 863 2044 Nequlmus
888 1987 949 2030 esse
973 1988 1049 2031 mar·
1088 1967 1240 2024 aluhanne
1259 1979 1431 2037 praecursore
1446 1973 1529 2036 atque
1543 1965 1672 2037 baptista,
1688 1967 1736 2038 qui
1751 1966 1818 2038 plus
1833 1983 1910 2040 quarn

227 2063 313 2128 tyros,
337 2057 385 2114 sed
418 2059 592 2130 repperimus
623 2067 797 2132 iuncturos.»
823 2063 857 2119 Et
874 2069 906 2120 ιιι
923 2064 952 2120 in
975 2063 1047 2120 libro
1089 2057 1225 2128 propbeta
1253 2055 1396 2122 asseritur.
1425 2055 1542 2126 accepit,
1572 2055 1657 2127 elegit
1682 2057 1860 2129 ῦθβῑιθιιῑῦῑί
1886 2067 1911 2114 0²

227 2146 454 2217 Paralipomenon
496 2147 613 2220 legimus
649 2163 699 2219 per
734 2151 817 2208 David
856 2152 1046 2225 prophetam:
1089 2145 1160 2204 duos
1179 2144 1330 2216 discipulos
1348 2143 1383 2200 ad
1403 2143 1641 2216 evangelizandum
1657 2146 1831 2218 evangelium
1846 2147 1911 2202 divi·
2002 2181 2003 2206 ι

228 2253 243 2286 ι
257 2235 318 2291 Non
337 2234 442 2292 dimisit
465 2237 537 2292 bons
559 2251 724 2310 quemquern
748 2240 900 2312 calupniari
924 2255 983 2310 eos,
999 2242 1047 2298 sed
1090 2251 1165 2304 num,
1185 2241 1216 2292 ut
1238 2235 1267 2291 in
1295 2234 1437 2306 evaugelio
1457 2235 1537 2291 Lucae
1565 2235 1740 2307 evangeliste
1766 2237 1869 2310 legitur
1885 2246 1911 2295 et

226 2323 364 2394 increpuit
392 2339 443 2395 pro
470 2327 512 2382 eis
540 2339 629 2400 reges,
655 2329 783 2385 dicens:
816 2330 907 2386 Nolite
936 2337 1049 2402 tangere
1090 2325 1272 2397 approbatum
1295 2322 1485 2380 indubitanter
1507 2327 1627 2380 tenetur.
1658 2325 1736 2381 Unde
1760 2326 1853 2384 bonus
1872 2327 1911 2382 di-

226 2411 347 2469 cbristos
366 2427 452 2481 meos,
467 2403 495 2470 et
509 2415 538 2471 iu
562 2416 706 2486 prophetis
724 2417 792 2474 meis
807 2418 893 2474 nolite
907 2419 1048 2490 malignari
1090 2415 1214 2486 scipnlus
1236 2415 1388 2485 sapientem
1411 2425 1533 2483 sequens
1554 2413 1724 2485 magistrum,
1740 2428 1810 2473 suos
1824 2430 1911 2472 sacer·
2002 2489 2003 2496 ἵ

231 2498 261 2571 (l
282 2502 346 2557 Per.
371 2517 425 2571 ιιι,
445 2501 507 2574 22).
523 2521 538 2556 ιι
561 2505 595 2561 Et
623 2505 722 2562 iterum
748 2507 777 2562 in
803 2509 966 2578 praecordiis
992 2509 1050 2567 suis
1091 2504 1181 2571 dotes,
1198 2503 1254 2559 imo
1273 2515 1339 2560 suos
1358 2501 1439 2569 lilios,
1455 2509 1483 2558 et
1498 2508 1528 2558 ut
1542 2501 1610 2570 dixi,
1626 2516 1692 2562 suos
1706 2504 1867 2576 episcopos,
1885 2506 1909 2561 in

230 2595 326 2646 mutuo
345 2596 373 2647 et
395 2591 479 2648 tacite
501 2592 679 2662 admirantes,
703 2595 787 2653 licum
812 2597 1003 2668 gloriucabant
1022 2599 1050 2655 in
1093 2591 1193 2664 opus⁸⁸
1216 2591 1362 2649 ministerii
1386 2589 1566 2648 mcerdotalis
1579 2591 1664 2664 elegit
1679 2605 1729 2649 eos
1749 2594 1912 2650 condensas

231 2682 347 2745 tantum
361 2678 434 2736 utin
449 2673 498 2737 illo
516 2681 591 2752 quod
614 2684 747 2754 scripturn
771 2689 813 2742 est
836 2700 886 2758 per
907 2687 1053 2758 sapientis-
1093 2692 1121 2740 et
1143 2683 1303 2740 collaudans
1329 2681 1464 2748 comatur,
1484 2680 1581 2738 dicens
1601 2700 1608 2737 ι
1630 2699 1644 2734 ι
1661 2683 1715 2739 los
1736 2684 1808 2740 estis
1830 2697 1913 2756 genus

159 2783 160 2786 ¹
232 2766 330 2823 dmum
349 2767 522 2826 Salomonem
540 2771 712 2842 impleretur,
730 2773 844 2832 dicens:
862 2793 876 2827 o
891 2776 1005 2832 Narrate
1023 2776 1051 2832 in
1094 2774 1222 2840 electum,
1248 2771 1339 2843 regale
1362 2770 1557 2837 sacerdotium,
1582 2784 1649 2842 gens
1672 2779 1778 2839 sanem,
1796 2773 1913 2844 pupulus

230 2856 361 2928 gentibus
372 2857 486 2930 gloriam
501 2860 571 2929 elus,
587 2869 615 2917 et
629 2862 657 2918 in
672 2863 780 2920 eunctis
794 2864 904 2935 populis
918 2863 1053 2922 mirabilia
1094 2861 1322 2934 acquisitionis.»
1342 2861 1372 2916 ln
1388 2865 1493 2917 tantum
1507 2859 1580 2918 culm
1594 2859 1659 2920 illos
1671 2869 1736 2919 actu
1750 2863 1914 2920 electoribus

233 2946 303 3012 ejus,
329 2946 394 3016 qula
413 2960 527 3017 magnus
545 2949 676 3004 nonninus
694 2955 722 3006 et
741 2950 887 3008 laudabilis
913 2953 1003 3019 ulmis,
1026 2959 1055 3008 et
1095 2961 1123 3008 et
1145 2951 1309 3017 bumilitate,
1329 2949 1444 3006 seientia
1467 2955 1496 3006 ιι
1524 2949 1657 3020 patientia
1676 2957 1705 3007 et
1726 2950 1914 3010 obedienda*

233 3031 376 3089 horribilis
387 3035 729 3108 superomuesdeosllb.,
740 3039 795 3106 24).
808 3059 822 3093 ι
834 3041 1051 3113 'lumlmpletum
1063 3077 1084 3136 G
1095 3047 1123 3096 et
1140 3041 1169 3097 in
1188 3039 1263 3097 cultu
1279 3039 1394 3096 vestium
1409 3044 1437 3095 et
1458 3039 1586 3096 omuibus
1607 3038 1697 3098 modis
1717 3040 1871 3111 admonuit,
1886 3051 1912 3098 ut

230 3124 365 3195 estquod
394 3139 446 3197 per
463 3124 588 3184 eumdem
608 3129 731 3186 dicitur:
756 3149 770 3183 ι
790 3133 877 3190 Tenet
895 3147 970 3190 mare
989 3140 1017 3192 et
1029 3133 1051 3167 ⁸⁸
1092 3131 1116 3187 si
1136 3129 1199 3202 qais
1221 3141 1270 3186 eos
1292 3127 1408 3186 lortuitu
1422 3126 1450 3184 in
1466 3127 1541 3186 clero
1555 3127 1672 3197 videret,
1687 3142 1744 3187 nou
1765 3130 1873 3189 diceret
1885 3133 1913 3187 i-

229 3211 374 3283 plenitudo
392 3213 501 3298 ejus⁸';
522 3215 646 3274 exultent
659 3218 717 3289 agri
737 3225 765 3276 et
784 3222 875 3278 omnia
889 3237 951 3294 quae
966 3223 994 3280 in
1010 3223 1051 3280 eis
1092 3218 1145 3277 lios
1167 3231 1229 3275 esee
1243 3218 1376 3284 virorum,
1390 3216 1439 3274 sed
1455 3213 1603 3274 affirmaret
1626 3217 1719 3275 socios
1742 3219 1911 3292 augelorum.
1958 3236 1963 3244 ·

226 3308 301 3359 suut.
321 3303 396 3360 Tune
424 3304 575 3362 laudabunt
602 3306 675 3379 ligna
698 3308 785 3366 saltus
811 3324 904 3369 eoram
922 3312 1049 3380 Domino,
1092 3309 1140 3364 Fal
1154 3313 1182 3364 el
1202 3306 1255 3363 11111
1273 3317 1355 3362 (11111δέ
1370 3319 1421 3362 0111
1439 3309 1480 3362 101
1498 3311 1527 3362 θῑ
1549 3312 1642 3364 tantos
1666 3307 1830 3366 ⁸³⁰⁰fd0‘08
1849 3309 1912 3366 ¹⁰05·

226 3391 274 3462 qui
298 3391 374 3448 venit
396 3393 522 3463 iudicare
542 3402 643 3452 terram
665 3397 732 3468 (lb,
757 3397 817 3470 32.)
836 3419 850 3449 ι
874 3402 907 3457 Et
926 3403 1051 3473 quando·
1091 3397 1203 3453 dissime
1218 3395 1367 3462 ordinavit,
1383 3409 1445 3465 quae
1464 3408 1507 3451 me
1522 3394 1679 3466 insequitur
1691 3402 1721 3453 et
1734 3398 1816 3467 quasi
1832 3399 1911 3472 lmpa

225 3480 337 3550 quidem
356 3482 487 3540 Dominus
501 3497 534 3539 ac
548 3493 644 3541 noster
662 3486 787 3544 Salvator
805 3503 856 3560 per
876 3490 1050 3548 clementiam
1091 3487 1163 3544 tiens
1181 3485 1216 3541 ad
1241 3483 1433 3541 disserendum
1457 3484 1593 3541 bortatur.
1622 3485 1689 3541 cum
1717 3485 1792 3543 enim
1822 3487 1911 3544 bana·
2004 3539 2005 3552 ,

226 3575 255 3626 ιι
282 3570 498 3630 misericordiam
527 3589 603 3630 suam
633 3575 661 3630 in
688 3583 794 3634 tantum
822 3581 1004 3650 magnificavit
1023 3587 1051 3637 et
1091 3589 1155 3633 num
1166 3589 1253 3647 genus
1267 3586 1394 3630 sermone
1407 3586 1463 3630 uno
1474 3573 1551 3645 prius
1566 3573 1683 3641 unitum,
1694 3587 1746 3644 per
1755 3576 1909 3646 superbiam

227 3657 355 3714 exaltmit
370 3667 398 3716 et
412 3660 553 3717 decoravit
571 3671 632 3719 acta
653 3671 682 3718 et
700 3665 836 3723 mirabilia
855 3667 1008 3725 doctissimi
1023 3676 1051 3726 ct
1092 3663 1266 3736 postmodum
1287 3659 1414 3719 didusnm
1431 3668 1459 3718 et
1473 3661 1628 3731 dispersum
1643 3675 1704 3718 esse
1718 3661 1823 3734 legitur
1837 3662 1910 3735 quasi
2004 3691 2005 3696 ι

228 3747 427 3818 religiosissimi
443 3750 567 3806 doctoris
581 3759 608 3806 ct
623 3750 790 3810 conlemoris
803 3755 950 3824 Ambrosii,
966 3771 1050 3829 quan·
1092 3767 1142 3824 per
1159 3753 1333 3824 septuaginta
1358 3759 1386 3806 et
1404 3750 1473 3806 duas
1491 3750 1637 3807 varietates
1661 3751 1829 3822 linguarum,
1844 3755 1911 3810 sicut
2004 3791 2005 3816 ι

229 3837 377 3892 tammulti
391 3836 1052 3917 codiceseximiicaperenonposeunt,etquan-
1092 3844 1119 3899 in
1143 3842 1223 3898 libris
1245 3841 1358 3898 Genesis
1381 3841 1521 3896 invenitur
1545 3843 1591 3911 (ιι,
1614 3839 1650 3912 l),
1674 3839 1786 3898 dicente
1813 3844 1910 3914 dorm.

229 3929 287 3979 turn
298 3924 376 3980 multi
390 3925 496 3981 strenui
511 3933 539 3982 et
553 3928 747 3997 sapientissimi
758 3931 807 3986 viri
819 3939 901 4004 etque
914 3935 1050 3992 scolarum
1092 3947 1153 3989 cutn
1168 3944 1224 4002 quo
1238 3932 1310 3986 licus
1320 3929 1485 4001 loquebatur
1499 3929 1571 3986 sicto
1585 3928 1662 3999 loqui
1675 3928 1748 3986 solet
1761 3932 1868 3988 amicus
1879 3932 1910 3987 ad

229 4011 352 4082 magistri
371 4025 499 4070 enarrare
515 4022 543 4071 et
563 4017 709 4073 enucleare
724 4019 810 4075 multo
830 4020 932 4077 sudore
952 4024 1052 4081 nrulto-
1092 4021 1209 4078 ornicum
1228 4039 1234 4076 :
1254 4039 1267 4070 ι
1284 4020 1348 4074 Erat
1371 4018 1444 4075 enim
1469 4025 1542 4074 terra
1565 4017 1632 4074 labii
1658 4019 1750 4086 unius.
1771 4028 1800 4076 et
1823 4035 1910 4078 sermo

229 4113 283 4169 que
302 4099 397 4158 labore
422 4104 542 4172 posteris
561 4105 673 4162 minime
697 4108 837 4177 quiverint
846 4108 879 4164 ⁸⁸.-
898 4111 976 4168 Unde
996 4126 1051 4170 non
1087 4110 1262 4168 corumdem.
1281 4111 1403 4179 Cumque
1421 4107 1562 4164 venissent
1580 4107 1697 4165 interra
1716 4109 1828 4177 senaar,
1843 4109 1910 4166 dixit

229 4188 311 4246 decet
330 4203 373 4246 me
387 4191 474 4248 virum
495 4207 577 4264 parra
600 4195 744 4253 scientiola
760 4197 869 4268 plenum
889 4200 917 4255 in
936 4201 1053 4273 siugulis
1092 4199 1210 4256 altered
1229 4197 1366 4254 alterum:
1388 4196 1484 4254 Venite
1506 4195 1638 4254 iaciamus
1656 4198 1738 4254 nobis
1762 4211 1863 4257 nonen
1885 4210 1911 4256 et

230 4280 291 4349 ejus
303 4279 412 4336 actibus
429 4282 579 4351 immorari,
596 4297 657 4341 eum
677 4285 744 4342 mibi
764 4288 863 4345 melius
881 4289 1001 4358 videtur,
1016 4292 1051 4348 de
1093 4289 1229 4345 civitatem
1244 4295 1272 4342 et
1287 4286 1382 4341 turrim
1402 4286 1639 4356 excusantibus
1653 4287 1761 4345 tulmen
1777 4290 1914 4361 perungat

231 4367 316 4424 tantis
338 4371 447 4439 patroni
471 4371 610 4429 miraculis
636 4374 720 4432 etde
745 4379 829 4434 mulis
854 4377 1129 4453 strenuissimispad
1146 4375 1256 4442 eoelum,
1282 4383 1310 4431 et
1328 4375 1499 4432 celebremus
1526 4375 1607 4432 nobis
1634 4389 1744 4445 nomen,
1769 4385 1911 4450 antequam

232 4457 340 4513 actibus
363 4459 477 4517 omuino
500 4468 592 4518 tacere
615 4477 696 4534 quam
721 4468 1057 4536 pernumerentur
1098 4467 1256 4523 moriamur.
1289 4462 1437 4520 ὓιιιιιιιιίι
1463 4470 1553 4523 autent
1582 4465 1723 4534 dominus,
1751 4473 1782 4523 ιιι
1810 4467 1912 4523 videret

232 4545 268 4602 ad
283 4549 435 4604 eaveniant
451 4549 485 4604 ad
501 4563 563 4622 quae
578 4565 638 4608 mea
656 4554 774 4612 intentio
788 4570 951 4629 summoque
965 4559 1057 4616 studio
1097 4556 1235 4614 civitatem
1255 4560 1284 4610 ιι
1309 4553 1416 4620 turrim,
1441 4565 1522 4625 ιιιιιιιι
1547 4553 1721 4612 aedificabant
1743 4554 1794 4612 lilii
1822 4557 1911 4620 Adam,

905 4761 1017 4816 VdeAE
1046 4759 1237 4817 Lucrion'tis.

272 4902 460 4973 ”dymolt
497 4902 661 4960 ⁸‘devestlll
704 4905 855 4962 “deestis
902 4905 1245 4979 ”iloquuievitcodd
1291 4905 1313 4939 ⁸¹
1326 4905 1365 4962 ite
1378 4907 1439 4962 ll**.
1455 4903 1499 4961 Bl.
1515 4911 1591 4962 tuum
1605 4907 1653 4962 ι’.
1667 4904 1699 4960 Β.
1746 4905 1912 4964 ”Nuces

238 4975 380 5047 Expositis
399 4975 526 5031 ordinum
540 4981 629 5032 saucit
643 4976 790 5042 ambrosii,
806 4979 909 5034 editaa
928 4988 1022 5035 sancte
1037 4980 1167 5035 memorie
1183 4978 1260 5035 ilatio
1275 4979 1407 5050 episcopo
1430 4977 1637 5034 Mediolanensi.
1661 4976 1826 5048 premittunt
1843 4979 1911 5036 codd.

238 5047 316 5114 Quod
332 5046 377 5103 bic
392 5056 488 5104 auctor
507 5047 598 5104 varios
617 5049 697 5104 ritus.
713 5051 787 5104 varia
808 5050 972 5106 clericorum
987 5063 1087 5121 genera
1107 5051 1232 5107 eeclesiae
1248 5049 1459 5106 llediolarronsis
1475 5049 1503 5104 S.
1518 5049 1663 5106 Ambrosio
1677 5050 1771 5104 ovuuia
1786 5051 1911 5114 attribuit,

241 5125 335 5190 parcat
350 5119 437 5174 lector
451 5118 555 5176 bomini
571 5131 626 5175 uon
640 5119 707 5176 satis
721 5119 840 5176 erudito.
864 5123 899 5176 nt
922 5135 1016 5177 eorum
1040 5121 1231 5192 antiquitatem
1254 5122 1367 5178 omuino
1392 5127 1542 5192 eognoscat
1554 5133 1638 5190 supra
1650 5119 1789 5178 Ambrosii
1804 5129 1911 5178 antea.

242 5189 351 5246 ‹additt'n
360 5189 477 5260 mcrpine
487 5190 515 5246 ivr
528 5191 562 5247 B.
574 5189 718 5247 renones
731 5197 755 5247 ct
768 5193 829 5248 ll“.
868 5190 889 5223 ⁸⁸
903 5193 1018 5250 misterii
1033 5193 1076 5251 El.
1114 5191 1135 5224 ⁸⁰
1149 5196 1187 5250 ltu
1200 5193 1261 5249 d**.
1276 5196 1308 5250 lt.
1325 5199 1388 5248 aetu
1403 5207 1429 5249 e.
1443 5205 1480 5248 ιιι.
1495 5198 1558 5248 actu
1572 5200 1601 5248 et
1615 5191 1643 5247 lt.
1654 5205 1679 5246 s.
1691 5197 1720 5247 et
1734 5206 1763 5266 p.
1780 5205 1808 5249 o.
1824 5197 1866 5248 ι’.

1030 5391 1136 5453 NOTAE.

282 5518 336 5591 q3bp
355 5517 442 5592 Epist.
458 5519 503 5587 82,
520 5519 554 5578 ad
568 5523 715 5581 oceanum.
733 5521 780 5580 bc.
