4106 6178
829 256 972 315 ntrtintti
992 249 1213 310 sttoflhttnrtt
1231 247 1387 306 toeniae.

464 410 574 477 Patriae,
594 401 777 476 prohibentor
790 401 818 451 et

464 503 534 559 Pace
555 496 686 568 perpetua
704 486 768 553 troi,

466 589 557 654 bacis,
573 589 601 640 et
615 576 774 650 regionibus

499 678 537 733 ie
552 671 663 744 quidem
680 661 844 738 potioribus.

465 763 612 824 Praeditum
628 755 734 815 meritis
747 752 838 808 manet

463 852 587 914 Gloriosa
603 844 761 921 perenniter

463 945 535 1012 Vita,
551 938 657 998 civibus
676 939 707 991 at
721 930 776 988 tais

463 1027 637 1103 compareris
656 1018 799 1094 apostolis.

388 1216 431 1274 dd
445 1211 607 1285 Stephanum
626 1198 786 1261 cardinalem
805 1189 973 1268 epitaphium.

1095 389 1120 445 p,
1216 376 1291 430 inter
1304 388 1400 431 omncs
1418 373 1573 430 causidicos
1587 384 1735 444 perennem

1218 464 1337 522 Gloriam
1348 465 1420 534 juris
1438 463 1499 531 tibi,
1514 461 1675 528 liemoalde,

1325 553 1457 609 Praestitit
1470 567 1546 609 usus.

1192 716 1195 724 Ι
1218 646 1254 701 Te
1267 643 1313 716 tui
1328 656 1428 699 census
1446 655 1499 711 ope
1513 639 1556 697 vel
1576 638 1683 710 paterni

1217 733 1290 789 AEris
1303 731 1448 802 insignem,
1463 729 1619 799 studiisque
1633 740 1724 784 mores

1218 823 1323 878 boreos
1336 819 1499 876 sudantibus
1513 824 1541 874 et
1557 816 1719 888 propinquis

1324 908 1442 964 Protulit
1456 906 1551 974 orbis;

1217 1000 1277 1058 Ulla
1291 1013 1372 1070 qoem
1391 1011 1530 1067 nunquam
1545 996 1636 1067 potuit
1648 999 1745 1054 notare

1216 1088 1344 1146 Criminis
1363 1087 1449 1155 labes,
1469 1087 1590 1158 graviter
1604 1090 1744 1142 tenentem

1215 1179 1293 1234 Nona
1308 1176 1359 1233 viri
1375 1175 1521 1246 prodentis
1534 1175 1636 1246 ubique
1655 1173 1763 1241 callem,

267 1310 406 1383 Stephane
420 1302 510 1377 qualis
529 1300 557 1356 in
577 1297 636 1355 aede
655 1291 739 1357 Petri,
764 1289 939 1359 quantusque
959 1272 1091 1334 sacerdos
1322 1267 1401 1321 Nunc
1420 1264 1563 1335 sapientis.

302 1395 458 1463 Exstiteris,
474 1390 550 1450 notit
564 1385 650 1444 Gellia
664 1393 725 1438 com
740 1367 829 1441 Latio,

266 1487 360 1548 Edidit
374 1487 444 1552 baec,
461 1486 488 1538 et
502 1476 627 1544 nutrivit,
644 1468 745 1528 timuit.
760 1467 820 1522 Hoc
835 1457 934 1518 amavit

302 1579 362 1635 Hoc
376 1580 402 1631 te
417 1569 524 1637 dilexit,
540 1561 668 1634 compsit,
684 1561 712 1615 et
726 1553 801 1613 auxit
815 1550 899 1607 idem.

265 1664 375 1724 iudicio
388 1672 524 1720 canonum
538 1667 621 1712 noras
636 1655 741 1707 terrere
756 1645 899 1705 nocentes,

302 1733 819 1822 fflmwmwwm.

265 1842 412 1909 Nobilitas,
426 1836 556 1912 gravitas,
570 1829 704 1902 probitas,
720 1828 749 1880 et
762 1818 863 1878 menits
881 1823 1005 1876 acumen,

302 1933 337 1989 Et
351 1930 439 1987 virtus
453 1923 537 1981 animi
551 1931 648 1989 magna
662 1914 739 1968 inere
753 1908 815 1965 tibi.

266 2020 392 2092 Quinque
407 2026 553 2073 manere...
567 2020 629 2064 eum
645 2001 687 2060 sol
702 1998 834 2056 deberet:
851 1993 880 2050 in
895 2003 964 2048 arna

1216 1355 1320 1412 Cinium
1340 1351 1419 1420 nulli,
1435 1353 1525 1423 spatio
1544 1351 1596 1409 sub
1614 1352 1697 1424 hujus

1216 1443 1371 1514 Temporis,
1386 1440 1496 1498 tertona
1511 1441 1661 1498 serenitate

1215 1532 1348 1590 Prmvalet
1363 1531 1454 1589 ridere
1474 1531 1580 1588 beatori

1322 1624 1406 1690 Quam
1421 1621 1471 1677 tibi
1487 1634 1584 1692 nuper.

1099 1705 1123 1763 Β
1213 1714 1297 1781 Quam
1313 1711 1396 1767 nimis
1409 1710 1486 1767 dives
1500 1708 1580 1780 stipis
1599 1713 1627 1763 et
1646 1707 1801 1774 domomm,

1217 1801 1309 1868 ilaris,
1325 1807 1353 1856 et
1367 1804 1498 1870 quantum
1513 1796 1650 1868 probitate
1664 1794 1767 1860 clarus,

1216 1890 1338 1962 conjoge
1353 1894 1381 1944 et
1395 1888 1467 1944 natis
1480 1886 1575 1954 tueris,
1589 1883 1719 1942 salernem

1286 1978 1394 2050 Optima
1409 1977 1494 2034 norit.

301 2109 416 2168 Clausus
430 2117 461 2161 es
474 2102 537 2158 bac.
552 2093 686 2166 Requiem
701 2088 749 2144 det
764 2083 815 2141 tibi
834 2080 969 2138 cbristus.
989 2078 1085 2133 tmen.
1217 2072 1339 2139 Cumque
1354 2068 1394 2124 sic
1407 2065 1483 2134 teiln,
1495 2071 1526 2123 nt
1540 2066 1568 2121 in
1584 2064 1651 2122 orbe
1665 2061 1751 2127 sidus,

402 2277 572 2356 Epitaphium
586 2270 690 2330 Atteeis
706 2263 821 2340 episcopi
836 2258 948 2318 Teatiai.

265 2372 395 2435 Praesulis
408 2369 517 2429 ditonis
530 2361 671 2424 stimulasti
685 2355 817 2422 membra,
832 2349 924 2409 casini

300 2463 399 2522 hlarsio
413 2462 458 2519 cui
472 2456 570 2517 tribuit
581 2455 655 2526 justa
675 2447 767 2520 priora
785 2441 850 2499 tuis.

265 2555 347 2612 istius
361 2551 434 2610 unde
449 2549 531 2606 domo
546 2539 665 2600 manarit
678 2536 757 2607 origo
772 2533 926 2604 parentum,

300 2641 423 2714 Regibus
436 2651 452 2694 a
466 2633 549 2694 Gallis
563 2631 637 2688 linea
651 2626 734 2684 ducta
748 2623 841 2681 docet.

264 2728 440 2800 Principibus
458 2723 554 2782 biarsis
569 2723 644 2776 satus
663 2720 705 2772 est
723 2711 758 2768 de
772 2708 859 2778 stirpe
878 2702 1032 2774 Quiritum

300 2821 377 2876 blane
392 2829 454 2874 oum
469 2811 544 2870 sedis
557 2807 651 2866 Thetis
665 2805 771 2862 bonore
786 2796 872 2854 dedit.

263 2911 318 2966 lste
333 2921 396 2965 nam
410 2902 533 2963 Genitrix
547 2910 662 2970 operum
677 2891 728 2950 tibi
741 2889 819 2960 virgo
833 2883 945 2947 locarit,

299 2999 433 3054 blonstrat
446 2999 477 3050 ut
491 2988 623 3048 Ecclesia
635 2987 698 3057 jura
714 2980 846 3047 laborque
864 2986 933 3030 suae.

263 3089 340 3145 Unus
354 3085 504 3143 amicornm
523 3079 612 3152 qualis
630 3088 692 3133 com
706 3069 834 3128 utiliores

300 3174 398 3232 hlarsla
416 3171 459 3229 rel
473 3169 567 3226 Thetis
581 3165 658 3222 notit
672 3161 786 3226 babere,
802 3155 863 3212 luit.

264 3267 335 3323 Ante
353 3263 414 3320 dies
427 3265 533 3332 septem
552 3267 634 3328 quam
647 3251 689 3308 sol
704 3250 733 3304 in
748 3243 871 3317 piscibus
886 3243 959 3298 esset

299 3358 394 3413 honos
406 3349 519 3423 triginta
533 3350 615 3404 natos
628 3346 656 3398 et
670 3342 733 3486 eollo
748 3334 810 3392 tuit.

629 3433 674 3488 XL
688 3431 697 3486 1
714 3468 721 3482 .

1217 2158 1348 2223 laisaris,
1365 2156 1494 2212 mundam
1509 2167 1590 2212 roseo
1601 2154 1740 2224 jacentem

1219 2246 1298 2304 Flore
1316 2245 1455 2317 sprevisti,
1476 2243 1556 2301 simul
1575 2248 1603 2299 et
1616 2254 1727 2299 suarum

1288 2334 1437 2394 commoda
1451 2347 1553 2390 rerum.

1217 2425 1295 2494 Quod
1310 2424 1376 2481 licet
1389 2424 1475 2480 risum
1490 2421 1601 2493 populis
1615 2433 1736 2478 amarum

1217 2515 1267 2582 stt,
1288 2519 1388 2580 tamen,
1404 2526 1448 2568 me
1460 2510 1553 2582 judice
1568 2509 1777 2580 comprobante,

1218 2603 1280 2661 litte
1294 2601 1394 2669 iecisti,
1411 2601 1519 2671 potiore
1533 2601 1589 2656 rita

1288 2692 1482 2748 Periruitnras.

1218 2781 1323 2839 vivitur
1336 2780 1411 2851 qood
1426 2779 1471 2836 bic
1489 2779 1558 2836 tibet
1572 2777 1701 2835 aestimari

1218 2873 1314 2928 verius
1327 2878 1453 2938 mortem,
1469 2869 1568 2925 misere
1583 2867 1695 2925 dolores

1217 2961 1348 3033 Corporis
1361 2958 1479 3032 grandes
1493 2958 1646 3027 animaeque
1661 2967 1735 3012 curae

988 3067 995 3077 ·
1096 3029 1118 3090 ὓ
1289 3052 1345 3106 Nos
1364 3049 1410 3105 nbi
1426 3047 1556 3119 perdunt.

1217 3142 1277 3197 Non
1292 3139 1326 3194 ab
1343 3139 1465 3209 incoepto
1480 3137 1543 3194 volo
1558 3133 1718 3206 penitentis

1217 3231 1291 3286 tiore
1306 3227 1348 3284 vet
1363 3226 1457 3284 cordis
1471 3238 1596 3282 moveare
1611 3229 1698 3290 motu,

1217 3319 1267 3376 Cui
1281 3318 1349 3374 satis
1362 3320 1471 3374 constat
1484 3314 1543 3371 iore
1558 3313 1731 3384 prolatorum

1307 3409 1443 3478 Spernere
1456 3404 1599 3463 mundum.

265 3533 359 3590 Leoam
373 3531 549 3588 Reameorum
570 3519 726 3580 nobilissimi
744 3511 903 3588 epitaphium
917 3508 1041 3579 scriptum
1054 3503 1088 3562 ab
1500 3531 1577 3588 XLV·

412 3617 534 3692 Alpheae
550 3610 746 3683 archiepiscope
758 3602 940 3662 Salerm'tame.

265 3712 325 3768 lloc
341 3711 416 3781 jacet
430 3708 458 3763 in
472 3703 578 3763 tumulo
593 3703 648 3758 beo
666 3699 710 3755 vir
720 3709 776 3782 per
790 3697 890 3750 cuncta
904 3687 1003 3755 tidelis,

301 3794 556 3869 sedisapostolicae
576 3797 701 3859 tempore
715 3796 771 3856 qno
790 3781 886 3853 tignit.

265 3888 361 3945 Romae
380 3892 472 3952 natus,
489 3896 571 3954 opum
585 3874 807 3947 disceptabas,
823 3877 852 3928 et
867 3867 934 3927 satis
947 3865 1003 3923 alto

301 3974 439 4047 Sanguine
453 3976 577 4029 materno
592 3967 755 4026 nobilitatos
769 3967 838 4019 erat.

266 4061 392 4122 Prudens
406 4066 434 4117 et
447 4060 567 4129 sapiens,
588 4061 617 4112 et
636 4053 706 4111 eaelo
722 4065 792 4123 pene
807 4049 858 4106 sab
872 4045 947 4105 omni

302 4149 417 4224 ignitas
431 4153 460 4205 et
474 4143 593 4204 celebris
610 4154 719 4210 semper
733 4140 762 4194 in
776 4137 850 4194 Urbe
864 4147 987 4192 manens.

267 4242 350 4317 Virgo
366 4247 409 4299 ter
421 4239 497 4298 senis
509 4237 600 4294 tuerat
613 4246 675 4290 cem
690 4229 748 4288 sole
763 4228 871 4294 diebus,

300 4332 415 4402 Quando
430 4341 509 4388 suum
527 4325 590 4384 ritae
609 4322 717 4379 linierat
731 4317 859 4390 spatium.

1183 3650 1350 3746 Epitaphium
1367 3650 1478 3708 leaenis
1492 3646 1657 3706 salernitani
1668 3641 1822 3701 mitissimi
1835 3643 1899 3699 viri.

1129 3772 1214 3838 Quam
1229 3766 1312 3824 luerit
1325 3766 1401 3823 vetiti
1416 3764 1520 3822 crimen
1536 3759 1692 3820 miserabile
1707 3759 1786 3832 ligni,

1166 3860 1212 3914 Sat
1227 3862 1302 3929 patet
1316 3854 1424 3913 ert-solo
1438 3852 1513 3925 qnod
1528 3853 1601 3924 perit
1611 3851 1700 3910 omnis
1713 3850 1808 3907 bomo.

1130 3947 1296 4020 Simplicitas
1311 3958 1437 4017 puerum,
1447 3945 1575 4015 juvenem
1590 3941 1631 3998 ris
1645 3939 1719 3997 nulla
1734 3943 1837 4005 tuetur,

1166 4039 1222 4094 blec
1235 4035 1307 4093 valet
1320 4034 1423 4106 ingenii
1438 4033 1536 4104 dogma
1555 4030 1646 4087 tatere
1660 4029 1732 4086 seni.

1130 4128 1179 4185 ilis
1196 4124 1287 4183 tuerat
1300 4123 1411 4180 iunctus
1421 4121 1540 4193 juvenis,
1557 4119 1603 4176 hle
1616 4118 1687 4177 torte
1701 4115 1827 4188 sepultus

1165 4215 1218 4274 Sed
1237 4214 1276 4272 ibi
1294 4213 1332 4270 nil
1350 4210 1445 4280 valuit,
1465 4223 1539 4267 mors
1556 4208 1616 4266 iera
1628 4221 1691 4265 cum
1705 4205 1807 4277 rapult.

1130 4308 1178 4364 Est
1191 4303 1272 4362 dolor
1286 4304 1444 4366 immensas,
1460 4299 1561 4371 quibes
1578 4303 1621 4354 est
1636 4296 1718 4354 modo
1738 4301 1803 4352 nota
1820 4292 1955 4350 salernus

268 4421 405 4492 (demaine
419 4434 477 4492 qua
490 4417 631 4489 seponatur
644 4409 725 4468 edidit
738 4405 922 4464 muhammath
935 4404 1047 4461 Omntu
1061 4401 1090 4458 ia
1166 4395 1244 4452 Fient
1258 4391 1355 4464 procul
1371 4390 1541 4455 exanimem
1557 4389 1609 4446 llos
1626 4385 1716 4443 iuerat
1728 4385 1835 4457 patrie.

516 4518 594 4578 opere
611 4515 693 4574 supra
711 4497 842 4564 laudate.)

472 4684 516 4742 ,td
529 4590 888 4740 aameffi'ceoeetmm.

357 4775 451 4834 liuteis
465 4778 570 4838 orator,
583 4769 732 4827 vehemens
749 4763 904 4836 gravisque,

1130 4486 1221 4544 Tertia
1240 4497 1301 4540 cum
1319 4481 1402 4538 terris
1421 4494 1451 4536 se
1464 4479 1512 4535 lon
1525 4477 1604 4534 daret
1617 4475 1809 4543 arcitenentis,

1165 4574 1206 4631 td
1221 4571 1336 4645 patriam
1348 4569 1426 4641 pacis
1439 4568 1554 4625 crimine
1566 4565 1639 4624 liber
1651 4565 1719 4621 abit.

1129 4665 1261 4723 omnibns
1275 4661 1318 4719 bis
1332 4659 1436 4717 sancus
1449 4659 1566 4715 animam
1580 4654 1745 4714 commendo
1761 4653 1882 4711 lamnis

1166 4755 1244 4811 iluna
1256 4745 1376 4809 babeant
1389 4761 1493 4817 secum,
1513 4746 1660 4817 deprecor,
1680 4747 1744 4801 ente
1758 4744 1857 4800 beam.

1065 4891 1155 4949 XLVI.

859 5003 954 5059 Veram
969 5000 1002 5057 de
1014 5002 1107 5056 raama
1121 4995 1223 5055 Saliae
1241 4997 1365 5064 martyre.

929 5095 1089 5162 Antiphanes
1102 5098 1128 5144 et
1141 5103 1279 5157 response.
1351 5102 1357 5112 ·

658 5193 765 5250 lmaitet.
781 5189 911 5246 AEtbereo
926 5187 985 5258 regi
999 5184 1095 5257 populi
1107 5181 1224 5256 iubilate
1240 5177 1394 5249 redemptt;

784 5278 909 5351 hiartyris
922 5276 1029 5333 emmim
1043 5274 1163 5332 subeunt
1178 5271 1223 5342 pia
1237 5269 1306 5327 testa
1320 5267 1439 5333 Sabinae,

661 5371 703 5427 Ad
717 5373 826 5426 mactem
842 5370 872 5423 ln
887 5366 968 5423 labiis
981 5363 1080 5422 diiiosa
1094 5363 1149 5419 tois
1164 5365 1205 5418 est
1220 5359 1307 5431 grstia
1320 5355 1442 5414 Christi:

838 5458 988 5528 Propterea
1006 5451 1149 5510 benedixit
1163 5455 1190 5507 te
1209 5461 1318 5518 semper
1331 5448 1404 5502 bens
1417 5443 1501 5502 idem.

751 5564 768 5604 e
840 5542 1022 5602 sanctificarit
1036 5554 1096 5599 eam
1109 5538 1252 5606 hominos,
1267 5536 1315 5608 qui
1330 5532 1455 5593 condidit
1468 5532 1554 5590 ittam.
