4024 6174
205 271 255 327 sal
691 267 880 327 sustentor
899 264 1404 354 tumultuat-constantiensis
1821 269 1868 328 ³⁹2

203 402 246 454 est
259 400 434 454 ommentans.
450 393 502 451 llic
516 394 573 466 rogi
589 391 725 451 lioudollo
740 394 768 448 in
782 393 907 464 proximo
922 391 1119 472 pasebassinec
1133 393 1219 464 ipsius
1228 405 1311 464 papae
1333 405 1385 448 nec
1407 389 1524 462 almulm
1537 388 1739 462 magistratuum
1750 393 1868 464 iudicium

203 497 367 558 quamquam
391 484 436 541 vix
459 483 647 540 hominatione
671 488 699 538 ει
721 482 785 539 idei
809 495 864 539 non
890 483 961 540 iletre
979 497 1027 554 pa·
1067 488 1095 539 et
1118 482 1281 538 sententiam
1304 481 1404 538 eadere
1423 493 1482 538 non
1506 479 1618 536 debera.
1641 481 1782 538 Nonanlm
1795 491 1871 544 arten

204 575 296 633 ctione
319 573 473 630 drmisslme
497 571 712 640 conloedemtns,
729 571 793 628 ilico
813 572 877 628 dnm
901 585 1027 629 reversus
1067 571 1179 640 derant,
1198 572 1406 628 constantinum
1429 571 1641 640 imperatorem,
1666 570 1738 627 Pauli
1759 573 1789 604 ¹¹¹
1809 575 1871 631 don·

205 669 248 722 est
269 678 317 722 rex
336 663 491 732 Heinrieus,
516 663 570 732 ipsl
594 661 764 733 gratulanter
784 674 944 728 occurrens,
971 675 1028 718 om-
1067 660 1305 731 stantinopoiitani
1327 659 1450 730 episcopi
1474 664 1502 715 ει
1525 658 1641 714 heretici
1663 666 1827 730 sectatorem,
1847 663 1870 720 ln

205 752 330 812 nilariam
354 753 383 785 ¹¹¹
414 765 525 823 qnoque
552 751 680 808 adulatus
702 756 765 820 est,
792 757 823 808 at·
841 753 871 808 in
897 752 1028 809 comitatu
1068 753 1189 807 Romana
1211 751 1317 822 synodo
1341 763 1356 804 a
1380 755 1477 805 sancto
1500 749 1617 805 llartino
1642 762 1710 819 papa
1728 749 1871 808 6501οω1-

206 841 340 926 praadicto
355 855 441 912 usque
463 841 498 897 ad
523 841 626 898 Ulmam
649 840 703 911 ipsi
722 839 846 898 studiose
861 839 1029 911 obsequialis
1069 840 1139 896 nicae
1171 839 1369 896 incarnationis
1401 850 1474 894 anuo
1507 837 1767 894 excommunicatum
1798 839 1872 898 luisse

207 937 235 988 et
248 930 376 989 favoralis
389 943 449 988 non
468 931 573 988 deerat.
590 931 651 988 iilic
664 931 746 988 etiam
761 931 905 988 missarum
919 931 1029 988 sollem-
1071 928 1163 1001 (lto).
1177 929 1319 986 Notandns
1333 928 1365 964 ¹¹¹
1385 929 1466 984 etiam
1490 929 1532 983 eis
1549 927 1724 983 Consentius
1737 933 1786 994 est,
1800 941 1815 983 a
1828 931 1874 986 Fe-

163 1011 164 1014 ’
207 1020 261 1076 uiis
280 1033 367 1090 usque
390 1019 424 1076 ad
448 1018 538 1076 locum
562 1019 765 1076 communionis
787 1020 821 1076 ab
845 1033 879 1076 eo
899 1019 1027 1090 peractis,
1070 1017 1122 1074 lice
1137 1031 1207 1089 papa
1217 1017 1253 1074 ob
1263 1017 1403 1076 arrianam
1418 1017 1536 1073 heresim
1547 1015 1874 1088 excommunicatnslllll.

206 1109 242 1165 ad
256 1121 348 1180 regem
360 1112 388 1164 ει
401 1114 518 1165 caeterm
532 1109 674 1166 auditores
685 1123 715 1166 se
730 1107 876 1176 convertit,
892 1114 921 1164 et
933 1121 1029 1179 pamm
1070 1107 1245 1163 liarlbertnm
1272 1119 1364 1177 regem
1393 1106 1558 1162 Francorum
1586 1118 1602 1160 a
1630 1110 1725 1160 sancto
1755 1103 1875 1159 (termam

207 1196 273 1269 quid
305 1209 432 1254 sermone
464 1199 647 1255 assentatorio
680 1197 715 1255 de
747 1196 914 1254 instantibus
940 1196 1031 1254 causis
1070 1195 1235 1253 Parisiorum
1250 1195 1382 1266 episeopo
1396 1193 1432 1251 ob
1451 1193 1575 1258 libidinis
1593 1192 1725 1265 dagitinm
1744 1203 1796 1249 non
1809 1192 1878 1263 igno

208 1285 452 1358 praecoutionatus,
469 1299 561 1343 coram
585 1286 714 1345 omuibus
736 1301 787 1343 sua
812 1292 911 1356 sponte
926 1284 1031 1356 proles·
1071 1291 1133 1342 rent
1146 1285 1421 1350 excommunicatum,
1437 1289 1465 1340 et
1483 1284 1520 1340 lta
1538 1281 1573 1339 ad
1593 1281 1698 1338 interos
1715 1279 1878 1338 demendisse

206 1387 254 1432 sus
277 1379 320 1430 est
344 1388 374 1432 so
397 1379 519 1431 sanctam
538 1375 730 1432 eucharistiam
750 1375 778 1431 in
798 1374 988 1446 probationem
1003 1379 1032 1431 ει
1071 1373 1227 1441 damnatum
1251 1371 1342 1445 (142).
1366 1373 1498 1429 Noverint
1520 1384 1632 1443 qnoque
1660 1369 1815 1428 liilterloum
1838 1383 1880 1426 re-

207 1462 366 1534 bujttsmodi
386 1463 522 1534 judicium
545 1469 722 1536 accepturum
747 1463 822 1534 lore,
846 1463 921 1535 qnod
947 1477 1032 1520 causa
1070 1476 1131 1534 gero
1158 1464 1324 1518 imncorum
1347 1461 1511 1519 auctoritate
1539 1459 1670 1532 Stephani
1701 1471 1777 1531 pape
1802 1469 1879 1531 regno

207 1551 312 1609 domini
334 1551 376 1606 sui
401 1552 523 1608 Heinrici
550 1554 624 1623 regis
641 1554 715 1622 insta
734 1553 827 1621 luerit,
844 1551 971 1610 Roudolll
986 1565 1032 1608 au·
1072 1551 1239 1622 depositum,
1252 1551 1432 1608 tonsuratum
1456 1555 1484 1607 et
1507 1550 1536 1605 in
1558 1549 1754 1606 monasterium
1769 1548 1879 1615 mimum,

207 1645 262 1699 tem
285 1653 400 1710 prorsus
423 1640 535 1710 injusta.
560 1643 593 1697 Et
616 1642 667 1710 sio,
691 1649 723 1699 ut
740 1642 769 1698 in
785 1642 898 1714 judiciis
920 1640 1031 1698 solitum
1072 1647 1101 1697 et
1115 1641 1154 1698 ita
1166 1640 1312 1711 Pippinum
1336 1640 1363 1696 in
1388 1653 1480 1712 regem
1499 1639 1616 1696 electum
1631 1640 1796 1695 Francorum
1808 1635 1879 1709 (143),

208 1733 260 1796 est,
286 1729 337 1786 bac
360 1730 552 1786 sacramentali
574 1732 736 1789 conditione
761 1731 910 1802 praemissa,
926 1727 1103 1788 scillcetBet
1125 1743 1141 1785 a
1171 1734 1268 1786 sancto
1296 1727 1442 1786 Bonelacio
1464 1728 1596 1798 episcopo
1619 1727 1777 1799 llogontino
1794 1726 1826 1782 ad
1846 1739 1882 1781 re

208 1824 239 1874 ut
262 1817 289 1874 id
314 1817 448 1876 bominlci
472 1821 599 1890 corporis
623 1826 651 1878 et
674 1821 815 1893 sanguinis
833 1826 1033 1878 sacramentum
1073 1832 1158 1891 mum
1172 1824 1373 1876 consecratum.
1393 1817 1523 1875 ltlcolaus
1545 1831 1615 1890 papa
1630 1817 1787 1874 lotharium
1801 1827 1881 1887 regen

207 1907 247 1964 ita
270 1907 324 1964 sibi
347 1907 381 1963 ad
405 1909 520 1966 salntem
545 1911 673 1982 corporis
692 1917 720 1968 et
747 1912 845 1968 animm
874 1909 1032 1981 proiecerit,
1074 1909 1241 1964 Francorum
1256 1907 1510 1975 excommunicavit,
1534 1921 1568 1964 eo
1586 1906 1672 1978 qnod,
1699 1905 1835 1977 repudiata
1852 1903 1883 1959 le

208 1997 248 2058 nti
263 2009 345 2053 eausa
368 1996 511 2053 obtinendi
536 2000 613 2070 regni
628 1998 759 2056 lieinrico
779 2000 838 2071 regi
855 1999 968 2056 domino
982 2011 1033 2056 sno
1073 1996 1180 2068 gittima
1204 2010 1289 2054 uxore
1313 2011 1372 2064 sua,
1396 1995 1570 2053 waldradam
1589 1995 1622 2028 ¹¹¹
1643 1994 1822 2054 concubinam
1843 1992 1883 2047 bc-

206 2087 280 2156 justa
304 2091 332 2142 et
355 2092 413 2142 rata
440 2085 544 2152 luerit,
567 2087 627 2158 ipse
656 2095 893 2158 praesumptuosus
917 2087 1033 2158 insutis
1073 2086 1140 2143 bere
1154 2084 1466 2157 praesumpseritlllt),
1490 2085 1618 2157 quicum
1638 2081 1883 2142 nonasedmlla-

209 2174 287 2244 quasi
312 2174 423 2245 populis
445 2177 670 2234 commendandae
694 2179 885 2246 examinator,
911 2177 940 2232 in
972 2173 1033 2232 baec
1075 2175 1111 2232 tis
1130 2174 1293 2231 criminibus
1310 2188 1442 2232 excusare
1456 2173 1549 2242 vellet,
1565 2175 1676 2245 sibique
1695 2172 1749 2232 boc
1763 2171 1882 2244 judicium

207 2263 290 2319 verba
314 2265 536 2321 communicavit.
561 2267 667 2324 Extnno
691 2267 816 2338 prolecto
842 2266 971 2337 pamione
985 2278 1033 2321 ar·
1074 2265 1282 2336 injungeretur,
1308 2272 1338 2320 ut
1356 2263 1380 2319 si
1408 2263 1543 2321 innocens
1566 2269 1649 2332 esset,
1677 2261 1835 2320 ilduoiallter
1852 2259 1882 2315 ad

208 2357 304 2420 reptos
318 2351 404 2420 letali,
421 2353 449 2408 in
474 2352 534 2410 dies
557 2368 667 2426 semper
680 2358 711 2412 sb
725 2355 865 2412 dolentior
879 2352 1033 2419 contabuit,
1075 2353 1296 2409 communionem
1317 2351 1475 2420 accederet,
1490 2351 1608 2410 accessit
1622 2353 1794 2419 temerarius,
1813 2356 1839 2406 et
1854 2348 1883 2404 de

209 2438 299 2497 donee
322 2441 517 2499 miserabiliter
539 2444 615 2512 justo
639 2445 688 2500 bei
709 2444 815 2515 judicio
839 2443 1032 2508 discruciatus.
1075 2455 1157 2500 nanu
1180 2442 1274 2500 domni
1297 2443 1443 2514 apostolici
1463 2443 1599 2514 iudicium
1620 2443 1674 2502 sibi
1691 2443 1813 2515 sumpsit.
1826 2441 1883 2496 llam

210 2532 239 2583 et
252 2530 477 2599 presumptionis
490 2531 632 2601 predictae
647 2533 675 2588 in
689 2546 721 2589 se
733 2533 881 2589 vindictam
900 2529 1034 2588 cecidisse
1075 2545 1131 2590 non
1154 2531 1241 2590 multo
1264 2541 1326 2603 post
1349 2533 1408 2604 lpse
1431 2538 1459 2590 et
1482 2546 1578 2590 omnes
1598 2532 1723 2592 lautores
1736 2534 1793 2604 elus
1805 2530 1884 2588 subin

207 2615 360 2686 confessus,
377 2631 433 2675 non
450 2628 514 2689 post
528 2620 629 2677 multos
645 2621 705 2678 dies
728 2629 756 2679 et
779 2622 838 2692 ipse
863 2627 950 2678 morte
966 2633 1036 2691 prm·
1075 2625 1163 2678 morte
1179 2623 1321 2692 perierunt
1334 2621 1416 2689 (14.5).
1440 2622 1612 2680 Theodosius
1634 2623 1786 2694 imperator
1802 2635 1816 2677 a
1833 2631 1883 2675 san·

206 2711 304 2762 ventus
319 2708 501 2775 amarissima,
518 2708 590 2766 diem
611 2711 747 2768 clauserat
770 2716 931 2768 extremum.
955 2707 1033 2778 Quod
1075 2715 1121 2766 cto
1133 2709 1280 2768 ambrosio
1294 2711 1329 2768 ab
1349 2711 1465 2768 introitu
1479 2708 1511 2744 ¹¹¹
1526 2711 1660 2769 aeeclesia
1683 2709 1848 2784 propellitur,
1862 2711 1885 2762 et

201 2792 307 2866 itaque
328 2796 462 2866 judicium
487 2797 588 2856 domno
611 2813 690 2871 papae
714 2800 770 2857 dnn·
787 2799 861 2857 Well
882 2813 946 2856 mox
968 2797 1036 2855 lecit
1076 2799 1112 2855 ob
1127 2797 1232 2856 scelera
1251 2814 1300 2856 sua
1318 2799 1353 2856 ad
1373 2800 1506 2872 agendam
1525 2801 1718 2872 poenitentiam
1737 2807 1798 2858 octo
1817 2807 1884 2854 meu·

207 2882 362 2955 deligenter
376 2886 506 2946 intimari.
529 2888 577 2944 Cui
598 2889 657 2960 ipse
677 2903 752 2958 mox,
767 2903 822 2947 non
841 2888 958 2946 mendax
973 2901 1036 2958 pro
1075 2888 1152 2944 sibus
1175 2887 1203 2944 in
1225 2888 1378 2946 custodiam
1396 2890 1515 2946 mittitur
1533 2888 1618 2962 (146).
1635 2891 1799 2949 Ludovvlcus
1812 2887 1885 2956 impe

207 2971 301 3042 pbeta,
331 2973 521 3032 indubitanter
549 2977 729 3047 remandavit,
754 2976 829 3050 quod
857 2978 917 3049 ipse
941 2989 1035 3033 revera
1077 2984 1163 3046 rator,
1178 2979 1262 3034 armis
1274 2979 1419 3050 depositis,
1432 2980 1468 3037 ad
1482 2979 1613 3052 agendam
1633 2980 1819 3052 penitentiam
1836 2974 1885 3046 epi·

209 3061 245 3116 de
260 3061 313 3117 boc
327 3064 461 3132 praesoius
480 3072 554 3121 esset
567 3066 633 3136 quia
657 3067 729 3123 idem
744 3068 891 3139 episeopus
905 3067 940 3124 de
954 3067 1033 3124 novis
1042 3057 1064 3117 G
1074 3080 1221 3139 scoporum
1233 3068 1339 3139 judicio
1352 3067 1513 3127 includitur.

209 3149 285 3206 iilius
310 3151 374 3208 anni
398 3151 524 3223 irugibus
552 3169 700 3226 numquam
728 3161 886 3228 gustaturus
912 3155 1029 3226 luisset;
1107 3157 1177 3227 Quid
1192 3171 1309 3230 namque
1323 3157 1377 3216 boe
1390 3163 1418 3216 et
1431 3172 1493 3230 qnae
1507 3159 1637 3231 perplura
1649 3159 1806 3233 hujusmodi
1817 3161 1882 3220 nunt,

210 3238 285 3310 quod
310 3239 393 3310 paulo
417 3249 491 3312 post,
515 3249 545 3298 nt
569 3243 700 3301 divinavit
722 3245 764 3302 tir
786 3245 965 3318 apostoliens,
991 3246 1031 3304 rel
1073 3259 1186 3304 neceam
1212 3246 1295 3304 luerit
1321 3260 1416 3305 sanum
1444 3248 1616 3320 sapientibus
1643 3260 1880 3312 commemorasse,

209 3329 398 3398 comprobavit
414 3336 537 3388 eventus.
558 3333 725 3405 Quamquam
744 3347 800 3392 non
823 3334 928 3393 idcireo
944 3351 1031 3409 popu·
1072 3334 1125 3392 uisi
1150 3334 1186 3392 ob
1210 3336 1406 3407 responsiones
1434 3339 1670 3409 inportunissimae
1700 3347 1728 3397 et
1754 3337 1881 3396 mendose

209 3417 244 3474 lis
264 3417 309 3474 bis
336 3424 365 3474 ει
391 3418 549 3490 hujusmodi
572 3423 714 3494 signorum
738 3425 942 3483 ostensionibus
964 3426 1032 3483 satis
1072 3425 1244 3495 quorundam
1259 3427 1413 3484 morionum
1435 3427 1625 3500 garrulitatis?
1644 3430 1766 3486 Plurima
1780 3427 1881 3500 quippe,

207 3520 347 3578 superque
370 3510 555 3580 commonitis,
579 3513 753 3570 necessitatis
777 3514 980 3572 aecclesiastice
1003 3519 1031 3572 et
1071 3515 1183 3586 regibus
1204 3514 1327 3573 inaudita
1350 3517 1492 3584 bacmnus,
1515 3517 1544 3573 in
1562 3520 1712 3591 synagogis
1734 3519 1791 3576 suis
1811 3515 1882 3572 labn-

208 3597 391 3654 correctionis
414 3613 471 3657 suae
491 3602 652 3670 causabor
675 3603 748 3676 regis
771 3604 1031 3676 lloudoldlustlssi·
1071 3602 1139 3660 losis
1165 3604 1329 3675 ineptiarum
1356 3611 1385 3664 et
1416 3619 1549 3679 nugamm
1581 3606 1737 3667 ludibriosa
1768 3603 1883 3680 protere·

207 3699 280 3750 mum
305 3686 417 3744 ommno
438 3693 467 3745 et
490 3689 673 3749 desiderabile
695 3692 852 3766 suffragium
871 3692 955 3750 luisse
970 3707 1033 3765 per·
1070 3693 1137 3750 bant
1164 3695 1371 3768 privilegiatus
1399 3698 1539 3770 publicum
1567 3697 1748 3770 ignorantes,
1776 3704 1816 3756 set
1841 3709 1882 3752 ne

206 3781 298 3832 actum
321 3787 402 3833 nemo
426 3775 512 3834 lerme
526 3778 665 3838 adiiceret
683 3783 860 3852 persuadere,
880 3789 924 3840 set
936 3784 1031 3854 potius
1070 3798 1125 3854 quo
1138 3784 1207 3842 scitu
1221 3799 1271 3843 sua
1295 3787 1412 3858 plebeia,
1433 3788 1557 3860 quamvls
1579 3801 1595 3844 a
1617 3790 1734 3848 sciendo
1748 3791 1880 3850 vocentur,

207 3865 265 3934 regi
285 3863 432 3932 licinrieo,
452 3867 573 3923 omnium
597 3869 731 3927 bonomn
755 3883 867 3928 suornm
891 3871 1030 3930 incensori
1071 3872 1193 3944 plenarie
1220 3875 1287 3932 satls
1314 3876 1443 3935 solentes.
1473 3880 1595 3950 Namque
1619 3893 1671 3950 pro
1698 3887 1773 3937 motu
1792 3877 1831 3934 sui
1855 3873 1882 3930 li·

207 3957 235 4007 et
250 3950 427 4046 devastatori,
444 3958 472 4010 et
485 3959 526 4012 tot
541 3956 678 4016 bernaium
699 3964 727 4016 et
749 3961 907 4019 scismatum
922 3963 1030 4020 auctori
1071 3961 1145 4020 bltus
1158 3963 1190 3998 ¹¹¹
1203 3965 1335 4035 quaelibet
1358 3967 1387 4024 ln
1406 3973 1551 4040 utramque
1574 3977 1680 4042 partem
1705 3965 1883 4027 indifferenter

207 4046 236 4097 et
249 4038 399 4108 defensori,
415 4047 474 4100 toto
495 4044 557 4122 qisu
572 4055 757 4119 percuperent
771 4049 905 4108 individui
921 4065 1031 4124 semper
1071 4058 1099 4108 et
1122 4050 1270 4110 laudabant
1292 4060 1321 4112 et
1342 4055 1544 4127 vituperabant.
1567 4059 1601 4115 at
1613 4066 1643 4116 nt
1653 4061 1710 4130 jam
1726 4055 1827 4130 pridem
1840 4065 1881 4109 res

205 4128 359 4187 adhaerere.
1070 4155 1119 4198 sua
1133 4141 1264 4200 vocabula
1278 4145 1463 4214 ammiserant,
1479 4147 1515 4202 ita
1530 4147 1602 4219 apud
1624 4161 1675 4206 eos
1693 4147 1782 4206 adbue
1804 4153 1883 4220 usqne

240 4219 316 4276 Tune
339 4231 416 4298 vcro,
440 4235 502 4292 quae
528 4223 634 4283 heresis
657 4231 685 4285 et
706 4227 882 4286 seminarium
902 4235 962 4286 erat
975 4230 1030 4288 cie·
1071 4243 1126 4288 non
1146 4244 1192 4288 ras
1210 4237 1253 4288 set
1276 4234 1386 4291 nomina
1410 4241 1513 4293 mnium
1535 4236 1611 4294 laudi
1636 4244 1664 4295 et
1695 4236 1793 4295 bonori
1815 4236 1882 4298 sunt,

205 4308 336 4377 ricorum,
352 4309 508 4380 pertinaces
522 4313 647 4371 nonnulli
667 4318 766 4386 passim
780 4319 936 4377 concionati
952 4327 1026 4388 sunt,
1071 4334 1133 4391 quae
1155 4321 1259 4392 absque
1282 4325 1452 4394 proprietate
1475 4325 1507 4358 ¹¹¹
1529 4331 1557 4383 et
1575 4325 1675 4385 oldciis
1695 4328 1754 4385 suis
1779 4333 1883 4398 prorsus

203 4398 232 4454 in
248 4410 327 4470 reges
341 4411 505 4471 quamquam
524 4401 663 4462 bereticna
685 4413 714 4464 et
736 4409 844 4465 cunctis
862 4381 1190 4480 dagitiommninaniter
1201 4417 1310 4468 sonant.
1326 4413 1402 4470 siout
1421 4413 1493 4484 enirn
1517 4414 1594 4473 lexa
1617 4416 1748 4489 legendo,
1763 4411 1884 4472 sacerdos

204 4484 412 4558 facinorumque
426 4490 549 4548 reatibus
572 4493 705 4562 exoletos,
721 4498 912 4568 sanguinarios
930 4498 1027 4556 natan·
1068 4513 1085 4555 a
1108 4513 1197 4568 sacro,
1222 4499 1278 4557 dux
1300 4516 1316 4560 a
1341 4502 1452 4570 ducatu,
1477 4505 1608 4563 consula
1631 4504 1813 4571 consulendo,
1828 4513 1882 4574 gra·

205 4575 347 4646 dissipes,
364 4590 416 4635 noc
430 4592 486 4638 non
499 4580 670 4640 omnibriam
685 4584 853 4656 proianoset
866 4588 1026 4660 sacrilegos,
1067 4590 1163 4648 viones
1188 4605 1204 4647 a
1235 4603 1341 4650 nomm
1369 4595 1518 4666 gmvirata,
1542 4597 1600 4654 sive
1624 4598 1699 4669 quod
1724 4603 1800 4654 tanto
1825 4591 1880 4664 plus

883 4714 995 4771 vnltlAE
1018 4715 1210 4774 unctiones.

206 4817 270 4922 ”¹¹¹¹
294 4817 438 4878 omnifaria
461 4816 489 4878 2.
518 4821 661 4910 omnifarie
687 4827 747 4912 ilar.
802 4829 834 4861 ¹¹¹
854 4830 937 4914 paolo
950 4831 1058 4889 aare.
1074 4835 1121 4892 ΧΙ
1126 4835 1154 4891 V.
1169 4848 1244 4892 corr.
1256 4835 1329 4906 pauli
1384 4835 1416 4872 ¹¹¹
1429 4837 1557 4898 Notandu
1570 4839 1598 4896 2.
1652 4842 1685 4875 ¹¹¹
1703 4838 1841 4900 waldmda
1854 4835 1879 4890 2·

252 4889 327 4948 intro
337 4889 365 4948 2.
381 4905 451 4949 corr.
466 4903 528 4951 ace.
543 4895 591 4953 XI
595 4897 625 4954 V.
639 4902 765 4958 mtrottu.
821 4899 853 4935 ¹¹¹
867 4901 954 4960 libitus
967 4903 995 4959 2.
1050 4904 1081 4937 ¹¹¹
1096 4905 1250 4978 propietate
1264 4906 1292 4965 2.

956 5027 1064 5086 NOTAE.

205 5129 312 5259 ΒΘ8110)
333 5135 394 5196 lion
418 5136 507 5210 ipsum
530 5139 738 5198 consentinam
766 5155 816 5202 seu
837 5143 1024 5212 comtantcm,
1067 5146 1125 5211 llil,
1139 5145 1168 5214 4,
1184 5160 1211 5218 p.
1227 5145 1291 5206 323.

226 5288 318 5491 {1443
342 5322 404 5408 v'ru.
429 5300 631 5415 εἐεεοιεῖιὲίιὶ
655 5299 811 5416 bernardo
828 5301 869 5414 {su
882 5371 947 5416 ann.
962 5355 1026 5414 asa.
1089 5289 1589 5428 ῑιῗῖεῗῗξῗξὲὲἶῗξξέῗῃᾚξέξξθ·

342 5421 490 5483 Hermann.
510 5429 579 5499 tog.
604 5425 638 5484 ad
658 5442 723 5486 ann.
745 5427 809 5490 563.
833 5429 909 5488 idem
927 5427 1050 5524 legitur!
1088 5429 1182 5560 ‘mab
1200 5433 1364 5493 Poenitentia
1386 5437 1534 5498 Theodosii
1558 5450 1633 5501 carta
1654 5449 1707 5511 est,
1727 5440 1777 5500 sed
1795 5441 1881 5497 emto·

222 5502 250 5561 p.
266 5486 462 5566 permonere.
478 5498 522 5568 vl,
537 5499 565 5566 9,
581 5512 609 5569 p.
625 5497 688 5555 360.
1066 5499 1112 5558 dra
1137 5501 1163 5559 la

242 5559 317 5634 (143)
331 5564 432 5624 Eadem
445 5568 544 5628 lisdem
558 5569 649 5628 verbis
666 5573 815 5631 enuntio
834 5574 1025 5646 semopnsc.
1066 5571 1094 5642 9,
1109 5587 1137 5648 p.
1153 5574 1217 5635 360.

1184 5505 1271 5564 ulosa.
1295 5509 1357 5567 Usa.
1381 5508 1456 5568 idam
1480 5509 1539 5570 iere
1562 5515 1689 5575 Bernold.
1713 5515 1814 5586 opusc.
1838 5509 1877 5575 tl,
