4034 6152
287 353 354 409 lior
840 352 1005 408 iubebitur
1024 349 1173 406 nonnulli
1193 350 1400 407 stviilvulels
1905 353 1970 408 iius

284 493 381 536 omues
394 478 475 536 istius
494 477 589 549 patriae
612 475 748 542 nationes,
779 473 844 532 hinc
872 475 1011 548 surgentis
1039 475 1274 547 gra-Ahugnsti,
1300 475 1430 544 instabat,
1460 481 1488 532 el
1516 477 1661 548 presbyter
1682 473 1805 534 tutorum
1833 477 1974 536 celebrau-

284 569 402 626 vissimae
421 567 500 624 lamis
526 563 651 637 angustia
674 565 853 633 consternati,
883 561 961 623 illin'o
988 564 1106 622 subitam
1151 562 1270 635 dumque
1289 565 1374 637 digno
1399 578 1475 622 more
1498 579 1532 644 ac
1553 564 1636 623 solita
1660 566 1873 624 consuetudinis
1899 581 1974 624 rere

284 657 488 716 Nortmannieae
521 654 689 711 incursionis
717 654 821 711 rabiem
854 654 991 726 suspecti,
1020 654 1109 711 omnis
1150 655 1239 711 rentia
1253 653 1402 712 indicebat.
1426 654 1558 712 liumdem
1582 655 1674 727 itaque
1698 653 1799 713 festum
1819 656 1975 715 translatio·

285 762 356 820 pene
376 746 507 804 nobilitas
535 745 615 801 istius
643 751 736 811 terrae,
766 752 869 813 praeter
896 759 1009 815 paucos,
1039 758 1109 814 quos
1150 745 1194 800 nis
1230 743 1302 801 diem
1340 744 1467 815 quaedam
1503 744 1604 801 mulier
1631 750 1804 816 postponens
1834 745 1974 818 neglexit,

285 853 367 910 oprrm
387 852 419 894 ac
442 834 590 892 fundorum
614 835 695 905 copia
713 840 742 891 et
760 834 935 892 castellorum
955 834 997 891 vel
1021 834 1109 892 muni·
1150 847 1274 904 opusque
1293 834 1391 890 servile
1420 834 1561 905 usquead
1592 833 1709 891 mediam
1736 833 1811 891 diem
1840 849 1974 907 peragere

286 929 391 984 tionum
419 925 519 982 llducia
548 925 715 992 detinuerat,
745 929 809 994 post
836 924 964 982 dominos
981 939 1048 982 suos
1065 924 1108 982 vcl
1149 923 1272 981 studuit:
1290 931 1353 995 post
1366 931 1467 991 vestes,
1482 923 1535 980 slbi
1552 923 1686 980 munditie
1709 924 1849 996 parandas
1863 924 1975 981 abluere

284 1029 459 1088 quocumque
487 1014 575 1071 tutius
598 1014 638 1071 eis
656 1013 803 1070 videbatur
821 1013 1011 1071 discedebant.
1036 1015 1109 1071 Prae⁴
1149 1011 1306 1082 fescinavit;
1327 1014 1376 1071 sed
1399 1011 1474 1070 aliud
1503 1026 1585 1084 quam
1612 1017 1671 1070 rata
1699 1019 1769 1080 erat,
1791 1013 1892 1072 eadem
1912 1014 1975 1070 hora

285 1112 359 1162 terea
388 1105 516 1162 residuos
549 1105 576 1160 in
605 1117 687 1160 mauu
719 1102 808 1172 famis,
842 1109 981 1176 utcunque
1011 1109 1110 1161 exutos
1149 1102 1202 1158 sibi
1230 1102 1357 1174 contigit.
1385 1103 1452 1159 llam
1479 1101 1573 1160 subito
1601 1101 1719 1174 primum
1747 1102 1842 1160 rubrae
1874 1103 1976 1161 edocte

284 1194 418 1267 periculo,
435 1194 545 1252 demum
564 1194 661 1251 rabida
688 1195 825 1251 banorum
854 1187 1006 1250 crudeliter
1024 1194 1109 1250 lania·
1148 1195 1222 1259 sunt,
1260 1197 1319 1248 tum
1355 1191 1465 1249 inleclae
1501 1205 1601 1250 cruore
1640 1191 1803 1265 sanguinem
1841 1193 1975 1251 distillans

283 1293 344 1342 tura
370 1284 469 1342 invasit
491 1285 658 1341 insectatio:
686 1284 735 1354 qui
758 1289 904 1354 postquam
923 1283 1028 1340 rabiem
1051 1299 1108 1341 suae
1149 1288 1303 1353 coeperunt.
1323 1280 1471 1339 lostatilla
1490 1281 1577 1339 lotum
1603 1289 1694 1339 vestes
1719 1296 1858 1355 superare
1888 1298 1975 1340 acere

283 1373 452 1447 tyrrannidis
470 1373 593 1430 exacturi
612 1373 667 1429 huc
692 1371 832 1429 hostiliter
854 1373 1023 1443 irruperunt,
1048 1373 1109 1430 nul·
1148 1375 1270 1431 scentem
1285 1372 1378 1429 nitens
1391 1371 1571 1445 sanguinem
1591 1371 1640 1430 sed
1660 1386 1716 1444 quo
1731 1374 1821 1444 magis
1835 1372 1974 1438 abluebat

282 1464 339 1520 lum
358 1463 404 1519 hic
427 1461 553 1531 fratrum,
574 1467 675 1532 praeter
702 1467 821 1534 quatuor
850 1461 964 1532 palmam
996 1461 1041 1533 (rle
1068 1460 1109 1518 his
1149 1475 1182 1519 eo
1200 1461 1288 1534 magis
1305 1461 1365 1533 ipse
1388 1461 1501 1534 sangnis
1524 1462 1697 1520 incremento
1718 1461 1897 1520 abundabat.
1919 1464 1974 1518 ban

282 1553 331 1610 lib.
347 1568 379 1621 u,
405 1567 466 1623 cap.
496 1551 518 1624 l)
548 1551 672 1623 martyrii
700 1551 902 1622 praestolantes,
933 1551 1106 1609 invenerunt.
1148 1550 1177 1608 in
1196 1551 1292 1622 primis
1305 1551 1433 1623 guttatim
1451 1550 1572 1618 stillavit,
1599 1555 1705 1622 postea,
1730 1552 1770 1608 uti
1797 1566 1852 1623 per
1876 1551 1975 1609 stillici·

281 1641 352 1710 Quid
369 1641 453 1714 igitur
467 1640 491 1697 si
507 1647 572 1698 tunc
586 1638 694 1712 praefati
713 1640 801 1697 sancti
820 1653 923 1711 corpus
945 1640 1108 1698 eminentio·
1148 1640 1222 1697 dium
1237 1651 1309 1711 aqua
1323 1639 1458 1697 distillare
1472 1639 1554 1710 solet,
1565 1640 1654 1699 lluxit.
1667 1640 1738 1710 Quid
1752 1647 1879 1714 ageret?
1894 1641 1975 1698 stabat

283 1731 361 1787 ribus
384 1730 426 1787 vel
455 1730 540 1787 certis
568 1730 688 1787 locatum
711 1729 782 1787 locis
800 1729 893 1786 debite
917 1734 1105 1798 veneraretur,
1148 1728 1312 1801 stupefacta,
1328 1743 1467 1802 superque
1485 1733 1563 1788 tanto
1588 1730 1722 1788 miraculo
1750 1731 1891 1788 auonita.
1922 1733 1976 1788 Pro

282 1820 518 1890 exportandumne
560 1819 662 1890 putatis
694 1820 722 1875 in
755 1818 843 1876 valida
876 1833 958 1875 manu
994 1819 1223 1891 bominisstinus
1237 1818 1308 1876 lama
1326 1819 1398 1892 signi
1417 1819 1502 1889 volat,
1516 1825 1687 1877 concurrunt
1708 1820 1807 1886 vicini,
1824 1829 1975 1892 praesentes

283 1909 460 1979 eriperetur?
477 1911 517 1964 hn
543 1921 599 1966 uon
623 1914 689 1964 tuuc
711 1908 798 1965 mrrlto
821 1907 1006 1965 necessarlum
1026 1914 1105 1978 orat,
1148 1908 1452 1981 mirantur,etquidam
1467 1907 1669 1966 exiliisverum
1693 1909 1814 1982 protulit
1828 1910 1975 1982 iuquiens:

283 1998 356 2069 qnod
370 2000 425 2069 jam
450 1997 542 2054 dictus
567 1996 698 2054 sacerdos
729 1997 777 2054 lici
806 2002 944 2055 tantorum
974 1997 1106 2055 malorum
1148 2001 1258 2056 Festum
1274 1999 1346 2056 diem
1362 1997 1436 2056 hunc
1450 1997 1567 2067 solvisti,
1583 2003 1696 2071 operata
1720 2013 1845 2057 escum
1871 1999 1975 2056 minime

283 2087 424 2159 praesagiis
447 2086 476 2142 iu
496 2086 692 2143 conservandis
714 2087 818 2143 sanctis
841 2087 1003 2158 pignoribus
1026 2087 1107 2158 planto
1149 2087 1199 2144 tibi
1226 2079 1351 2144 licuisset
1383 2087 1503 2158 operari.
1532 2087 1710 2146 Accelemtur
1736 2087 1772 2145 ad
1805 2089 1976 2156 ecclesiam,

281 2183 345 2232 aute
360 2175 646 2232 ellecerattltecdum
672 2175 761 2231 locum
786 2175 860 2232 huuc
885 2175 976 2246 aliqua
1001 2177 1107 2234 castelli
1147 2177 1226 2234 venia
1258 2177 1381 2248 petitur,
1415 2177 1576 2248 prenitenlia
1609 2177 1751 2246 indicitur,
1789 2191 1882 2236 cruor
1900 2179 1975 2234 iurrc

280 2265 323 2322 vel
337 2265 401 2320 valli
416 2262 582 2321 defendebat
600 2265 736 2321 munitio:
758 2272 785 2320 et
808 2265 883 2333 ideo,
904 2265 990 2338 magis
1016 2272 1107 2324 autem
1148 2265 1260 2324 desinit.

281 2360 458 2426 peccatorum
478 2353 550 2410 mole
578 2360 705 2426 urgente,
741 2354 795 2412 huc
823 2353 962 2426 perfacilis
981 2356 1108 2414 inimico·
1147 2375 1212 2432 eff,
1232 2375 1302 2432 xpp,
1326 2376 1366 2432 p,
1393 2374 1508 2446 quadam
1535 2357 1643 2432 ,uppem
1668 2375 1763 2447 [mlum
1794 2374 1974 2432 mmm

281 2457 340 2500 rurn
360 2443 460 2513 irrupit
484 2443 617 2498 incursio.
641 2444 698 2499 Nec
723 2443 805 2500 modo
831 2443 927 2511 semel,
947 2458 1040 2501 verum
1064 2445 1107 2502 his
1472 2479 1524 2519 mm
1538 2463 1646 2520 copem,

282 2537 380 2602 terque
409 2531 562 2588 Slthienses
592 2531 661 2588 flues
688 2532 835 2603 prodigere
863 2545 918 2590 non
943 2539 1105 2603 cessarunt,

281 2621 370 2677 donec
386 2619 512 2690 predicti
527 2621 616 2677 sancti
631 2621 737 2677 meritis
751 2621 943 2693 multipliciter
964 2623 1050 2680 attriti
1076 2624 1106 2680 in

279 2709 404 2782 vaginam
441 2723 517 2766 suam
555 2709 689 2781 compulsi
735 2715 800 2766 suut
846 2711 965 2784 regredi.
1011 2714 1105 2772 Tantis

279 2797 379 2855 divinae
398 2797 513 2854 ultionis
531 2797 656 2855 cladibus
680 2797 750 2856 hanc
769 2805 869 2856 terram
889 2799 975 2858 ferme
994 2807 1103 2859 centum

277 2887 359 2943 annis
387 2887 598 2957 occupantibus,
628 2887 719 2945 denuo
747 2889 826 2959 qnasi
853 2889 972 2960 quodam
1000 2890 1104 2950 diluvio

279 2974 395 3032 diluitur
406 2976 451 3031 his
470 2976 585 3033 decocta
609 2976 844 3035 tribulationibus.
865 2979 1012 3036 Tantorum
1037 2995 1103 3054 ergo

278 3063 412 3119 malorum
445 3063 576 3121 sacerdos
607 3066 656 3121 liei
685 3066 836 3136 Folquinus
868 3068 956 3124 saneti
984 3069 1103 3140 Spiritus

278 3151 463 3209 illustratione
493 3154 683 3224 premonitus,
713 3155 778 3211 darm
804 3154 917 3225 advixit,
947 3148 1135 3217 venerabiless

278 3240 306 3295 S.
322 3239 426 3296 Bertini
441 3254 543 3311 corpus
557 3241 652 3312 ignoto
672 3241 734 3299 loco
749 3249 777 3300 et
802 3244 850 3301 ubi
878 3245 969 3302 minus
994 3253 1105 3318 putare-

278 3334 333 3397 tur,
354 3329 485 3397 occuluit,
507 3329 535 3386 id
558 3329 643 3386 nullis
661 3339 763 3400 precer
787 3346 890 3402 paucos
914 3337 1103 3407 cognoscenti·

278 3418 348 3474 bus:
369 3432 402 3475 ac
429 3432 463 3474 ne
487 3418 576 3489 palam
595 3433 708 3490 quoquo
732 3421 814 3478 modo
839 3422 1024 3496 detegeretur,
1044 3441 1105 3498 gra·

276 3508 356 3564 vibus
393 3507 505 3564 eosdem
547 3508 819 3568 interminationibus
855 3526 888 3569 ae
923 3517 1104 3572 sacramentis

242 3583 247 3594 ’
277 3597 453 3666 constrinxit,
486 3597 693 3670 solemnemque
721 3599 793 3657 diem
827 3602 900 3659 hunc
929 3604 1009 3661 nobis
1042 3620 1102 3663 esse

277 3688 402 3756 sancivit,
419 3687 466 3758 qui
482 3694 523 3744 est
539 3689 657 3758 septimo
677 3688 785 3746 decimo
809 3690 946 3749 Kalendas
968 3696 1100 3766 Augusti:

277 3776 324 3830 nbi
339 3789 426 3846 usque
441 3775 475 3832 ad
495 3776 555 3832 haec
580 3781 673 3833 nostra
696 3779 844 3836 novissima
866 3784 1001 3853 tempora,
1028 3785 1103 3841 scili-

278 3871 322 3920 cet
336 3864 464 3920 ducentis
477 3865 676 3938 quinquaginta
690 3869 769 3924 annis
785 3867 851 3942 (35),
866 3870 938 3928 altor
961 3877 989 3929 et
1009 3879 1103 3943 pastor

278 3960 373 4009 noster
384 3953 474 4009 latuit.

1145 2593 1147 2603 =
1181 2571 1274 2628 hltcra
1288 2565 1379 2628 aulem
1398 2570 1497 2628 mulier
1520 2570 1618 2628 eodem
1644 2571 1699 2640 die,
1724 2585 1821 2628 renuo
1842 2585 1973 2628 annonam

1145 2661 1280 2732 purgavit,
1297 2665 1439 2732 purgatam
1455 2658 1558 2717 molere
1575 2659 1682 2717 volens.
1696 2661 1804 2718 Verum
1829 2667 1972 2734 antequam

1145 2749 1174 2806 id
1189 2749 1283 2821 operis
1305 2750 1513 2822 aggrederetur,
1542 2764 1559 2806 a
1586 2749 1728 2808 nonnullis
1755 2751 1838 2822 quod
1870 2753 1972 2808 minine

1145 2840 1304 2896 observaret
1328 2839 1427 2896 testum
1454 2839 1526 2898 diem
1555 2838 1825 2910 reprehendebatur.
1860 2842 1971 2909 Quorum

1144 2929 1236 2987 verbis
1249 2929 1355 2986 irritata
1369 2928 1456 2986 iertur
1476 2929 1670 3000 respondisse:
1690 2930 1764 2998 Quot
1789 2937 1874 2998 suut,
1900 2941 1970 3004 quot·

1145 3033 1198 3090 que
1217 3023 1397 3075 numerantur
1423 3018 1488 3074 anni
1516 3019 1599 3086 soles,
1629 3023 1670 3075 tol
1696 3019 1791 3075 nostri
1820 3022 1970 3093 presbyteri

1144 3106 1232 3164 codex
1246 3106 1395 3178 inscriptas
1408 3107 1493 3164 habet
1506 3105 1677 3164 festivitates.
1697 3107 1784 3176 Dixit,
1811 3116 1844 3166 et
1868 3113 1970 3167 omnim

1145 3197 1248 3253 molere
1263 3195 1359 3254 voluit.
1375 3196 1405 3252 ln
1422 3195 1511 3267 primo
1526 3195 1607 3254 molae
1625 3201 1717 3254 rotatu
1739 3196 1856 3269 liguum
1886 3201 1969 3272 palme

1144 3286 1295 3359 digitisque
1317 3285 1453 3354 adhesit,
1487 3291 1545 3343 tum
1572 3285 1716 3343 brachium
1740 3301 1865 3360 qnoque
1895 3298 1969 3347 totuu

1143 3374 1267 3448 diriguit.
1284 3377 1344 3432 llox
1359 3376 1441 3432 etiam
1460 3374 1532 3434 mola
1547 3374 1696 3433 immobilis
1717 3376 1813 3445 stetit,
1831 3379 1971 3436 adhaereus

1144 3465 1237 3522 manui
1264 3465 1368 3537 lignum
1387 3464 1422 3522 ad
1444 3479 1511 3534 sese,
1528 3464 1632 3533 traxil3
1655 3471 1755 3522 conata
1780 3473 1828 3524 est
1849 3471 1971 3534 auellere,

1143 3554 1263 3611 sednon
1283 3554 1383 3627 potuit.
1403 3554 1524 3612 Tandem
1552 3554 1656 3612 rubore
1683 3553 1817 3614 contessa
1844 3573 1971 3617 verecun-

1143 3645 1226 3713 diam,
1243 3645 1366 3702 dextram
1381 3644 1457 3718 liguo
1467 3645 1654 3702 adhaerentem
1664 3645 1803 3714 ostendit,
1820 3663 1970 3722 boumque

1143 3735 1228 3793 errati
1256 3736 1392 3792 confitens
1409 3734 1553 3792 ecclesiam
1579 3733 1657 3792 adiit.
1688 3735 1800 3792 hiouitu
1820 3741 1971 3796 sacerdotis

1144 3825 1296 3883 orationem
1329 3829 1481 3896 praescntes
1512 3822 1651 3892 tundunt,
1665 3824 1837 3898 lignumque
1855 3831 1968 3891 cendit,

1142 3916 1203 3985 ipsa
1221 3914 1284 3971 lecta
1312 3914 1424 3971 domum
1449 3913 1549 3972 rediit:
1579 3913 1624 3972 cui
1647 3928 1737 3986 usque
1766 3919 1869 3976 omnis
1895 3919 1971 3976 tesius

1143 4005 1204 4063 dies
1218 4003 1310 4062 timori
1324 4002 1386 4060 luit.

332 4095 396 4150 Gar.
412 4095 469 4150 llll.
485 4094 644 4152 Mirocolum
658 4098 686 4154 lo
704 4099 877 4160 lrcrcloliorte
891 4105 924 4162 S.
947 4106 1049 4162 Bertini

632 4188 732 4258 {cctam
1230 4129 1295 4184 Gar.
1311 4129 1379 4185 htv.
1399 4129 1439 4185 lle
1449 4127 1577 4199 corpure
1591 4141 1627 4184 ec
1643 4128 1724 4201 spicis
1740 4138 1890 4188 mnarum.

1177 4235 1238 4292 hlio
1253 4249 1365 4307 quoque
1385 4241 1509 4305 tempore
1525 4235 1622 4292 eodem
1646 4235 1826 4295 celebritatis
1850 4255 1910 4297 suar
1932 4239 1967 4293 dir

314 4311 377 4366 Dies
408 4309 495 4368 festus
527 4311 715 4370 translationis
748 4316 875 4387 corporis
902 4318 975 4376 beati
1013 4323 1102 4380 Patris
1141 4326 1233 4397 spicas
1260 4325 1368 4382 avulsas
1395 4325 1529 4398 sauguine
1558 4324 1705 4382 alliuenter
1732 4327 1853 4396 imbuit,
1884 4329 1966 4398 sicque

278 4401 475 4472 hominique
499 4402 655 4458 celebratur
681 4405 798 4475 septimo
826 4407 935 4466 decimo
964 4411 1100 4470 Kalendas
1141 4416 1268 4472 humanis
1281 4415 1377 4472 usibus
1390 4414 1503 4472 inutiles
1516 4414 1648 4472 reddidit.

1472 4575 1529 4596 q

649 4683 812 4772 curun
847 4647 1126 4781 specubus
1158 4695 1581 4800 mmucuuonuu,

487 4836 538 4903 Ab
554 4837 617 4904 alio
636 4844 772 4908 auclore
787 4863 947 4935 anonymo
963 4851 1104 4937 scriptus
1121 4852 1254 4920 circiter
1270 4854 1396 4922 initium
1411 4854 1524 4921 saeculi
1540 4855 1584 4939 X,
1603 4873 1675 4941 cap.
1696 4853 1752 4920 10.

934 4991 1111 5050 abhibito
1129 4996 1305 5054 luciolus.

314 5198 362 5254 llis
381 5197 505 5270 itaqne'a
524 5201 760 5266 reverendissimis
782 5208 909 5268 Patribus
932 5214 1035 5271 nostris
1057 5216 1101 5273 sui
1142 5215 1279 5274 columnis
1302 5217 1488 5287 solidissimis,
1510 5231 1591 5291 quam
1614 5215 1768 5275 luminibus
1792 5219 1969 5292 praeclariss‘e

278 5288 417 5388 temporis·
439 5289 561 5390 omnium
590 5291 724 5352 bonorum
754 5297 907 5356 studiorum
928 5315 982 5358 uon
1011 5302 1100 5362 solum
1142 5306 1193 5362 mis
1208 5319 1263 5364 non
1278 5305 1368 5365 minus
1381 5309 1517 5366 voraciter
1535 5323 1616 5381 quam
1634 5307 1757 5365 ddelitcr
1772 5307 1811 5367 de
1827 5311 1966 5367 virtudbas

276 5384 521 5448 appetentissimis,
551 5384 751 5440 verumetiam
779 5391 867 5445 status
892 5389 936 5448 sui
964 5392 1018 5448 loci
1046 5401 1100 5454 tam
1141 5395 1291 5454 beatissimi
1310 5399 1420 5468 patroni
1448 5398 1537 5456 nostri
1559 5397 1721 5469 prelibatis,
1747 5398 1875 5469 plurima
1901 5405 1969 5470 post-

315 5481 376 5554 (35)
392 5485 493 5542 Eadem
508 5500 642 5546 annorum
662 5505 764 5549 summa
791 5493 893 5566 legitur
914 5499 943 5556 in
967 5501 1100 5562 relatione
1142 5503 1245 5561 bertini
1259 5519 1361 5577 corpus
1375 5509 1478 5562 tectum
1491 5509 1535 5563 est
1551 5517 1624 5564 anuo
1644 5503 1699 5560 846
1722 5517 1760 5562 ex
1783 5504 1874 5564 dictis
1898 5515 1970 5563 rete·

277 5554 405 5621 Boronis,
421 5570 436 5611 a
451 5571 507 5628 quo
526 5568 623 5642 auctor
637 5563 689 5620 ista
712 5571 851 5624 mutuatus
865 5577 917 5626 est.
932 5573 1100 5647 Quamquam
1141 5581 1215 5634 ctum
1229 5590 1302 5636 anno
1325 5576 1402 5646 1056,
1418 5576 1499 5636 inira.

277 5624 424 5696 legendum
461 5628 577 5688 coemto
612 5633 700 5690 meon
745 5639 844 5695 uach:
889 5642 1026 5714 siquidem
1070 5651 1098 5706 S.
