4024 6174
222 312 271 365 55t
737 308 914 378 {baubonis
932 309 1064 364 CLElllCl
1084 307 1382 362 badbbbn'ltbnnsls
1853 310 1900 365 552

223 435 356 506 regnique
384 433 546 490 Tbeutonici
573 433 747 504 diriguntur;
777 431 836 502 ipsc
865 447 893 488 se
919 437 976 487 tota
1001 430 1159 491 ie-Atanta
1182 429 1336 485 bumilitate
1360 429 1478 494 laetalus,
1502 432 1638 500 praecepit
1666 432 1701 498 ei,
1727 436 1757 488 ul
1787 432 1901 504 regalem

222 525 370 589 stipatione
398 529 485 594 parat,
501 529 531 578 nt
550 536 599 592 per
617 521 730 578 borrani
748 521 887 590 pontilicis
900 520 1044 592 indulgen·
1084 524 1220 583 ornatum,
1236 517 1325 574 donec
1344 518 1404 588 ipse
1423 518 1605 588 permitteret,
1626 518 1680 575 sibi
1700 533 1755 576 non
1779 519 1903 590 impone·

223 613 287 668 tiam
304 612 421 683 ligamen
437 611 617 666 anathematis
632 616 722 665 exuat.
739 610 884 666 Nostrates
908 623 972 664 vcro
987 609 1043 664 sin·
1083 611 1135 672 rot,
1149 613 1285 675 quatenus
1303 606 1486 675 omnipotenti
1510 609 1566 664 beo
1592 608 1734 677 nocentior
1754 615 1829 664 essct
1844 623 1901 664 cor·

223 699 280 770 guli
318 706 488 756 sacramento
526 679 709 763 firmaverint,
736 703 766 752 nt
807 698 859 754 nisi
897 698 1044 754 Heinricus
1083 693 1127 748 dis
1145 695 1205 762 ejus
1223 695 1364 762 contritio,
1381 709 1435 764 qno
1450 709 1510 752 eam
1534 702 1563 752 et
1586 695 1654 753 loris
1669 697 1831 754 ostenderet
1846 698 1904 754 vilis

223 793 347 858 quartus,
376 788 496 844 Heinrici
530 787 704 856 imperatoris
733 786 815 854 lilius,
844 787 872 843 iu
902 785 1043 842 Februarii
1084 781 1193 836 babitus
1208 781 1385 848 testimonio;
1406 789 1434 839 et
1453 791 1482 840 ut
1501 799 1560 851 eos,
1582 786 1629 855 qui
1649 791 1728 841 crant
1746 800 1904 842 excommn-

223 878 325 933 mensis
339 877 418 930 initio
433 891 448 932 a
463 876 553 931 baono
578 889 627 945 per
651 875 832 945 apostolicum
857 874 1000 931 absolutus
1012 873 1043 906 ³²⁸
1084 871 1177 938 niceti,
1195 871 1319 927 convivio
1334 871 1376 927 vel
1391 871 1532 943 colloquio
1556 873 1673 941 vitaret;
1690 888 1725 930 ne
1740 875 1815 945 qnod
1834 876 1862 930 in
1877 889 1904 930 se

221 964 328 1030 luisset,
360 978 504 1034 numquam
543 963 660 1033 amplius
686 963 743 1018 ullo
775 964 887 1034 ingenio
915 977 966 1018 suo
995 977 1043 1019 vex
1083 960 1194 1029 propria
1223 961 1403 1016 conversione
1430 959 1529 1018 luisset
1549 962 1596 1017 bei
1621 963 1708 1034 gratia
1732 963 1904 1029 mundatum,

221 1066 315 1108 cor-um
331 1067 382 1108 nec
402 1052 587 1121 appellaretur
610 1065 661 1107 nee
685 1057 768 1107 esset.
784 1051 862 1119 Quod
887 1064 1043 1107 sacramen-
1083 1048 1198 1104 aliorum
1224 1049 1351 1120 contagio
1380 1049 1458 1106 lieret
1478 1051 1564 1122 magis
1589 1066 1671 1122 quam
1695 1051 1784 1108 luerat
1798 1052 1905 1108 inmun-

222 1147 277 1196 tum
293 1141 381 1210 primo
401 1139 465 1196 lecit
479 1139 644 1210 patriarcba,
673 1146 701 1194 et
729 1140 756 1194 in
782 1139 886 1194 litteras
901 1139 1041 1194 redactum
1083 1135 1158 1191 dum.
1172 1137 1249 1204 Quod
1266 1145 1413 1207 utrumque
1428 1151 1489 1193 cum
1511 1153 1542 1194 se
1566 1139 1701 1196 iacturum
1717 1139 1904 1209 polliceretur,

191 1227 193 1231 ‘
222 1229 249 1284 in
264 1243 341 1284 suum
358 1229 432 1283 misit
455 1229 636 1298 marsupium3
662 1228 735 1298 quod
755 1233 846 1283 umen
865 1228 929 1296 quia
945 1227 1042 1284 molins
1082 1224 1225 1281 absolutus
1254 1225 1304 1280 bac
1328 1225 1388 1296 lege
1413 1225 1572 1293 dimittitur,
1589 1228 1703 1284 multnrn
1718 1227 1749 1258 ⁸¹*
1774 1228 1904 1295 monitus,

219 1317 336 1372 servavit
352 1318 378 1371 in
402 1318 506 1386 scripto
522 1330 602 1386 quarn
618 1317 646 1370 in
666 1331 761 1386 opere,
787 1317 859 1371 sicut
882 1315 963 1385 riuulo
978 1321 1041 1371 artie
1081 1326 1117 1368 ue
1132 1315 1187 1369 beo
1203 1314 1369 1382 mentiatur,
1395 1315 1459 1384 quia
1475 1315 1498 1370 si
1514 1316 1646 1384 promissa
1661 1331 1717 1372 non
1736 1317 1902 1386 impleverit,

219 1404 390 1474 dictumest,
407 1406 519 1462 crudele
545 1406 710 1477 supplicium
734 1406 821 1462 dedit.
850 1405 953 1462 belnde
977 1405 1043 1462 lecit
1082 1414 1137 1457 noo
1152 1403 1241 1458 solum
1258 1404 1350 1472 priora
1373 1403 1482 1458 vincula
1502 1417 1557 1458 non
1573 1403 1741 1472 auferantur,
1757 1405 1806 1460 sed
1823 1407 1905 1461 etiam

219 1494 291 1549 idern
311 1495 479 1550 pataviensis
498 1495 656 1565 episeopus,
678 1494 753 1549 sedis
768 1496 898 1550 Romanae
915 1494 1038 1565 legatus,
1082 1490 1135 1546 alia
1156 1491 1296 1547 strictiora
1315 1490 1567 1562 supperaddantnr.
1598 1492 1691 1562 ltaque
1716 1507 1843 1548 reversus
1872 1495 1904 1550 ad

219 1589 247 1637 et
275 1587 338 1652 post
362 1583 412 1638 bos
439 1596 534 1639 omnes
560 1584 607 1652 qui
636 1582 750 1637 aderaut
779 1583 913 1652 episcopi,
944 1582 1039 1648 duces,
1081 1593 1156 1648 snos,
1183 1593 1244 1635 cnm
1268 1581 1398 1650 coepisset
1417 1594 1466 1637 eos
1494 1595 1509 1636 a
1533 1595 1583 1637 suo
1610 1582 1735 1637 contuitio
1764 1596 1904 1652 separare,

219 1671 344 1736 comites,
362 1671 502 1740 ceterique
522 1671 640 1740 majores
656 1679 682 1725 et
698 1670 900 1738 minores3sed
917 1671 1040 1741 episcopi
1082 1682 1207 1738 magnum
1241 1676 1385 1739 caeperunt
1418 1670 1562 1726 tumultum
1592 1669 1693 1737 lacere,
1721 1669 1848 1725 dicentes
1868 1673 1903 1736 ei,

219 1759 282 1829 plus
296 1759 357 1815 aliis
381 1761 409 1816 iu
430 1761 483 1815 boc
505 1765 628 1830 egerunt,
646 1760 710 1829 quia
726 1763 910 1830 juramentum
939 1759 966 1814 iu
996 1753 1147 1825 lit-Bqnla
1161 1757 1185 1812 si
1209 1769 1267 1824 eos,
1283 1771 1399 1827 quorum
1424 1759 1559 1828 sapientia
1578 1765 1606 1814 et
1624 1759 1724 1814 virtute
1739 1759 1904 1815 obtinuisset

219 1849 286 1904 teris
312 1849 392 1904 etiarn
413 1854 601 1906 servaverunt.
635 1849 808 1905 Tunemisso
841 1849 930 1919 legato
959 1863 1042 1919 roga·
1081 1843 1114 1876 ⁸¹⁸
1128 1846 1260 1903 bactenus
1275 1861 1399 1918 regnum,
1421 1861 1494 1904 nnnc
1513 1863 1528 1903 a
1547 1863 1576 1904 se
1592 1848 1750 1919 repelleret,
1766 1847 1904 1918 apostoli·

218 1944 316 1992 verunt
338 1936 530 2006 apostolieum,
547 1943 577 1992 nt
600 1938 628 1992 in
647 1936 785 2007 principio
803 1936 944 1990 Februarii
959 1935 1041 1992 vellet
1082 1948 1131 1988 cus
1145 1934 1169 1990 ei
1186 1948 1237 1990 nec
1252 1935 1319 1990 illud
1335 1935 1452 1992 reddere
1468 1950 1519 1992 nec
1533 1934 1608 1992 aliud
1627 1937 1772 2007 acquirere
1798 1936 1905 2006 potuis

218 2026 365 2096 Augustam
389 2025 493 2090 venire,
523 2032 553 2080 ut
585 2039 666 2080 causa
704 2024 852 2094 diligenter
888 2023 1039 2078 examinata
1080 2025 1132 2077 sel.
1153 2024 1201 2078 llis
1221 2029 1248 2078 ct
1263 2023 1324 2078 aliis
1348 2024 1448 2080 tabulis
1470 2025 1562 2081 verbis
1579 2025 1688 2082 animus
1702 2027 1762 2096 ejus
1778 2024 1904 2080 immuta·

218 2127 311 2169 eoram
326 2114 463 2181 ornrvibus,
489 2112 532 2168 vel
558 2127 620 2168 eum
644 2112 772 2178 solveret,
802 2111 844 2167 vel
878 2125 911 2168 eo
940 2110 1039 2167 lortius
1081 2117 1135 2178 tur,
1156 2117 1184 2167 et
1207 2111 1241 2168 ad
1271 2119 1412 2180 covrsueta,
1437 2127 1522 2184 pravo
1546 2127 1747 2184 pravorumque
1771 2113 1901 2180 consilio,

217 2203 307 2258 adbuc
323 2202 416 2273 ligato,
437 2201 518 2257 alium
540 2201 593 2256 sibi
613 2215 675 2257 curn
697 2201 783 2270 ipsius
798 2214 935 2256 consensu
963 2215 1039 2269 qnae-
1080 2201 1236 2255 revertitnr.
1253 2201 1371 2270 lmponit
1397 2201 1481 2272 capiti
1510 2216 1622 2258 aureum
1650 2202 1785 2267 diadema,
1817 2208 1846 2257 el
1876 2203 1902 2257 in

217 2296 320 2358 rorent,
336 2293 383 2362 qui
399 2305 514 2362 regnare
536 2290 630 2346 sciret.
647 2290 695 2346 llis
709 2290 837 2346 ormrribns
851 2290 890 2345 ibi
907 2291 1036 2360 peractis,
1080 2288 1164 2343 corde
1187 2289 1289 2344 retinet
1307 2288 1381 2346 lerro
1405 2289 1504 2346 lortius
1531 2291 1685 2347 anathema.
1711 2290 1904 2347 Encommuui-

162 2421 165 2428 ,
215 2380 352 2435 exercitus
375 2385 491 2449 uterque
516 2393 577 2434 cnm
604 2378 688 2433 multa
711 2377 825 2434 caritate
849 2377 991 2444 dividitur,
1010 2383 1038 2432 et
1078 2381 1201 2431 catorum
1225 2377 1412 2433 communioni
1441 2377 1585 2446 miscetur,
1612 2385 1673 2434 eta
1701 2384 1798 2434 sancto
1826 2373 1903 2434 com'·

216 2472 331 2537 vaterquc
366 2466 520 2536 tripudians
538 2465 570 2499 ‘¹⁵
590 2471 617 2522 et
650 2468 705 2522 beo
739 2465 834 2521 laudes
861 2471 975 2521 «caumes
1002 2465 1036 2521 ad
1078 2465 1307 2520 munionemiser
1330 2465 1376 2520 ille
1401 2465 1554 2536 repellitur.
1578 2467 1657 2522 Nunc
1680 2463 1748 2522 lecit
1774 2467 1905 2522 omnibus

167 2601 171 2610 .
215 2569 264 2612 sua
284 2556 441 2610 revertitur.
1078 2552 1261 2620 rnanilestum,
1278 2554 1342 2623 quia
1367 2568 1421 2610 uon
1436 2569 1530 2610 verum
1554 2562 1627 2610 esset
1646 2555 1720 2624 quod
1743 2554 1824 2620 dixit,
1843 2555 1904 2625 plus

250 2643 492 2712 coapostolicus
523 2651 613 2699 antem
644 2657 716 2710 cnm,
736 2644 808 2699 sicut
836 2649 947 2713 rogatus
966 2649 1034 2710 erat,
1077 2655 1342 2713 scamareregnum
1358 2643 1469 2698 coeleste
1489 2657 1570 2713 quant
1590 2649 1741 2700 terrenum.
1770 2644 1851 2710 Quod
1882 2645 1902 2699 si

218 2735 365 2803 augustam
389 2747 485 2788 versus
509 2733 635 2788 tenderet
654 2737 683 2787 ut
712 2731 749 2786 ibi
778 2731 950 2802 ingrediente
984 2731 1038 2788 Fe·
1079 2744 1226 2801 parumper
1254 2729 1281 2785 in
1309 2730 1466 2787 obedientia
1495 2733 1701 2802 permansisset,
1731 2737 1759 2787 et
1786 2747 1901 2802 regnum

214 2821 337 2887 brnario,
358 2821 405 2891 qui
438 2827 497 2876 erat
528 2835 616 2876 arrnrrs
644 2820 751 2878 bomini
779 2818 856 2886 1077,
877 2819 949 2876 sicut
974 2819 1035 2890 pla·
1078 2833 1150 2875 rrunc
1175 2827 1313 2876 terrenum
1342 2834 1403 2875 cum
1432 2835 1498 2890 pace
1530 2826 1646 2887 teneret,
1677 2827 1706 2876 et
1732 2821 1902 2892 quandoque

214 2915 308 2965 onerat
328 2910 509 2980 principibus,
530 2910 651 2980 adesset,
671 2915 698 2964 et
712 2914 850 2964 nostrates
869 2908 934 2962 illuc
954 2922 1036 2964 econ·
1077 2908 1189 2965 coeleste
1204 2910 1265 2965 sine
1289 2908 1342 2964 line
1367 2923 1545 2979 possessurus
1567 2911 1716 2980 acciperet.
1741 2911 1819 2966 burne
1834 2925 1902 2966 vero
1988 2905 1989 2916 ¹

214 3004 255 3053 tra
275 2999 367 3054 venire
398 2998 620 3064 festinarent,·ul
639 2998 768 3053 domnum
799 3011 896 3067 paparrr
920 3011 1033 3052 venera·
1078 2994 1166 3052 lactus
1180 2997 1353 3066 inobediens,
1371 3007 1398 3053 ot
1416 2998 1470 3054 boc
1488 2999 1562 3069 quod
1591 3006 1663 3055 amat
1690 3013 1746 3056 non
1774 2999 1901 3064 babebit,

214 3085 317 3151 bilitor,
346 3086 419 3142 sieut
447 3086 572 3152 decebat,
602 3084 770 3155 acciperent,
801 3098 865 3142 ecee
894 3071 1130 3142 enuntiaturssnisi
1146 3100 1206 3141 cum
1222 3100 1320 3156 magno
1335 3085 1450 3156 labore;
1471 3091 1499 3143 et
1519 3087 1587 3144 illud
1617 3101 1672 3145 uon
1695 3086 1824 3158 accipiet,
1849 3088 1902 3143 nisi

212 3173 378 3242 apostolico,
399 3173 555 3228 lleinricunr
580 3187 641 3228 cnm
671 3187 769 3244 magno
789 3174 912 3229 exercitu
930 3173 1035 3230 ltaliam
1078 3175 1351 3246 magnalotiusvitae
1367 3176 1527 3232 mutatione.

176 3299 183 3313 .
215 3263 342 3329 intrasse,
358 3268 386 3318 et
414 3262 437 3318 si
460 3263 518 3331 ipse
548 3269 666 3329 ruentes,
700 3262 771 3318 sicut
799 3262 917 3328 volebat,
948 3270 1035 3319 tratis
1111 3261 1156 3317 91.
1178 3265 1284 3319 interea
1312 3265 1434 3320 Saxones
1462 3270 1490 3321 ct
1518 3264 1598 3320 Saevi
1628 3264 1771 3322 Forcbeirn
1798 3277 1903 3322 conve·

215 3351 363 3418 erudisset,
384 3351 466 3407 alium
500 3365 597 3421 papam
613 3351 689 3408 illum
707 3350 739 3383 ⁸¹³
763 3351 934 3407 constituere
953 3351 1033 3408 velle.
1076 3351 1164 3417 ninnt,
1181 3352 1230 3407 sed
1247 3352 1574 3424 etdealiisregionibus
1597 3353 1819 3425 legatiaderaut,
1854 3355 1900 3425 qui

137 3427 139 3432 ’
214 3441 309 3511 ltaque
340 3439 423 3496 misso
446 3439 579 3497 velociter
597 3440 699 3497 nostris
728 3441 834 3496 obviarn
854 3439 955 3512 legato,
975 3441 1034 3510 ipse
1075 3437 1107 3470 ‘¹⁹
1122 3441 1255 3511 quicquid
1272 3440 1317 3497 isti
1334 3441 1367 3498 de
1391 3456 1422 3499 re
1447 3443 1558 3512 publica
1582 3443 1724 3500 commode
1739 3442 1771 3474 ⁸⁸⁰
1786 3443 1902 3500 delicie

211 3528 299 3584 tristis
326 3528 409 3584 immo
441 3528 494 3584 sibi
510 3527 541 3559 ⁸¹⁶
568 3528 653 3585 multa
686 3529 785 3584 timens
819 3528 967 3584 revertitur
1005 3534 1034 3585 nt
1076 3529 1141 3596 rint,
1158 3529 1229 3584 idem
1250 3529 1364 3588 laudare
1392 3544 1457 3587 suos
1481 3531 1732 3588 indicantbderat
1758 3532 1845 3588 etiam
1866 3533 1902 3588 le·

212 3619 315 3674 ltaliam
337 3633 352 3674 a
370 3618 464 3690 gladio
484 3625 512 3673 ct
532 3619 595 3690 igue
612 3623 731 3675 tueatur.
1075 3623 1154 3687 gatus
1168 3617 1325 3688 apostolici,
1346 3619 1393 3688 qui
1409 3625 1508 3675 cuncta
1522 3635 1585 3690 qnae
1611 3621 1645 3676 de
1660 3634 1746 3692 regno
1761 3625 1902 3676 nostrates

246 3705 291 3762 90.
322 3707 468 3762 lleinrieus
494 3713 585 3762 antem
610 3721 661 3777 per
694 3706 797 3762 ltaliam
831 3721 931 3777 vagaris
959 3705 1032 3773 loco,
1075 3706 1182 3762 utiliter
1196 3706 1385 3776 disponerent,
1411 3708 1571 3779 apostolicae
1598 3709 1775 3764 sublimitatis
1804 3716 1901 3766 aneto·

210 3794 259 3850 sed
279 3795 365 3864 magis
384 3796 487 3862 animo,
508 3794 575 3865 quid
589 3801 693 3866 ageret,
708 3795 858 3862 nesciebat,
875 3796 939 3866 qula
958 3795 1032 3865 quic·
1075 3794 1156 3850 ritate
1179 3795 1309 3851 llrmaret.
1329 3797 1367 3851 Ex
1392 3796 1496 3862 multis,
1513 3811 1584 3867 qnos
1603 3797 1740 3867 probitate
1755 3798 1861 3868 dignos
1875 3800 1900 3854 in

211 3882 278 3951 quid
310 3889 414 3953 ageret,
448 3897 560 3953 regnum
590 3884 706 3953 perdere
731 3884 853 3940 timebat.
883 3884 940 3940 Nisi
960 3883 1032 3938 enim
1075 3883 1210 3940 electione
1239 3891 1454 3954 proposuerunt,
1475 3886 1585 3941 mudena
1610 3885 1768 3952 Rodullum‚
1800 3888 1900 3944 ducem

212 3970 376 4040 supplexad
396 3971 577 4040 apostolicum
602 3975 707 4030 veniret
729 3979 756 4029 et
776 3987 825 4043 per
848 3988 909 4030 eum
927 3973 1033 4029 solutus
1074 3973 1234 4040 Scamnum,
1266 3987 1358 4044 regem
1373 3973 1403 4005 ⁸⁸¹
1420 3973 1473 4029 sibi
1489 3976 1610 4030 Saxones
1633 3981 1662 4030 et
1677 3975 1758 4032 Snevi
1782 3990 1902 4034 concor·

211 4073 227 4113 a
254 4060 346 4116 banno
374 4056 481 4126 luisset,
504 4075 617 4132 regnum
646 4076 675 4117 sc
695 4075 750 4118 non
776 4068 952 4131 recepturum
982 4075 1032 4130 pro
1074 4061 1147 4117 diter
1170 4061 1324 4133 elegerunt.
1350 4065 1385 4118 nt
1406 4077 1466 4120 cum
1492 4062 1593 4134 singull
1613 4064 1746 4120 deberent
1767 4079 1833 4122 eum
1859 4081 1901 4122 re

211 4154 288 4204 certo
317 4149 431 4204 sciebat.
452 4149 480 4204 Si
509 4163 575 4205 vero
607 4150 724 4220 supplex
751 4150 785 4205 ad
818 4148 1032 4206 satisfactionem
1073 4163 1134 4221 pern
1155 4148 1278 4215 laudare,
1295 4149 1406 4220 quidam
1429 4151 1699 4223 volueruntaliquas
1722 4153 1902 4210 conditiones

211 4237 327 4304 veniret,
354 4238 493 4305 timebat,
531 4252 565 4294 ne
597 4238 650 4294 sibi
686 4253 737 4310 pro
770 4238 957 4309 magnitudine
982 4239 1033 4294 cri·
1073 4239 1251 4307 interponere
1266 4238 1362 4294 utbac
1384 4239 1444 4310 lege
1466 4253 1528 4296 eum
1552 4255 1636 4311 super
1654 4255 1684 4296 se
1708 4240 1835 4298 levarent
1859 4255 1902 4298 rc·

211 4325 314 4382 minum
343 4341 457 4398 regnum
493 4327 617 4397 pontilex
658 4326 788 4393 auferret,
818 4326 859 4382 vel
892 4326 945 4383 sibi
974 4327 1032 4383 ino·
1073 4340 1145 4396 gem,
1163 4326 1293 4396 quatinus
1318 4327 1371 4383 sibi
1395 4327 1429 4384 dc
1448 4328 1506 4385 suis
1530 4328 1640 4399 injuriis
1658 4329 1820 4398 specialiter
1836 4343 1902 4400 pro·

210 4414 332 4470 bedieoti
370 4415 479 4472 vincula
508 4417 654 4486 potestatis
678 4414 838 4484 apostolicae
867 4403 1195 4483 duplicaretDmitteret
1207 4415 1442 4483 justificationem.
1463 4419 1526 4472 Otto
1544 4430 1662 4488 namque
1676 4417 1731 4473 dux
1746 4432 1804 4474 non
1821 4420 1901 4488 prius

210 4505 281 4574 Ergo
295 4504 324 4559 io
353 4504 446 4560 multis
478 4506 552 4560 curis
577 4505 606 4560 in
631 4504 739 4560 diversa
766 4503 907 4560 dividitur.
935 4505 1033 4571 viam-
1073 4501 1183 4558 volebat
1197 4517 1259 4558 enm
1274 4504 1326 4559 sibi
1342 4518 1433 4575 regem
1454 4505 1632 4571 constituere,
1653 4505 1705 4560 nisi
1722 4507 1902 4576 promitteret

210 4593 250 4647 vls
273 4599 363 4648 antem
383 4597 501 4662 utroque
520 4592 642 4650 modose
657 4593 793 4662 perditum
816 4600 842 4649 et
861 4593 1031 4663 perditurum
1073 4590 1207 4648 bonorem
1222 4591 1274 4648 sibi
1290 4592 1392 4662 injuste
1406 4594 1526 4649 ablatum
1551 4594 1707 4651 restituere.
1731 4595 1777 4650 Sic
1803 4603 1833 4652 et
1853 4595 1901 4650 alii

209 4695 265 4738 non
282 4682 433 4747 dubitaret,
459 4689 550 4738 mmen
570 4682 644 4738 illam
659 4690 775 4752 partem,
801 4683 828 4738 in
855 4697 909 4753 qua
927 4681 1031 4753 aliquid
1072 4680 1152 4736 multi
1180 4695 1244 4736 suas
1267 4681 1420 4753 singulares
1442 4697 1539 4739 causas
1560 4684 1751 4755 interponunt,
1773 4699 1846 4755 quas
1872 4690 1903 4740 nt

209 4771 269 4840 spei
285 4785 345 4827 esse
365 4772 489 4842 putabat,
503 4771 605 4841 clegit3
635 4778 663 4827 et
688 4771 775 4828 laneis
803 4771 926 4836 indutus,
951 4770 1032 4826 nudis
1073 4768 1164 4826 illese
1179 4777 1368 4826 correcturum
1393 4771 1567 4842 promitteret
1589 4773 1695 4829 volunt.
1711 4771 1791 4840 Quod
1816 4772 1903 4828 intel·

210 4858 326 4928 pedibus
340 4859 375 4916 ad
390 4859 572 4929 apostolicum
586 4860 671 4926 venit,
689 4859 786 4916 dicem
813 4873 843 4915 se
859 4859 920 4929 plus
940 4871 1031 4914 amare
1072 4857 1161 4928 ligeus
1180 4858 1326 4928 apostolici
1341 4859 1457 4930 legatus,
1487 4860 1547 4918 lieri
1574 4861 1726 4931 probibuit,
1747 4867 1776 4917 et
1805 4871 1904 4918 osten

209 4960 323 5018 regnum
348 4947 460 5004 coelcste
481 4963 560 5018 qnam
581 4953 731 5014 terrenum,
756 4953 784 5003 et
802 4947 866 5002 ideo
896 4947 1031 5016 poeniten-
1071 4946 1151 5014 dens,
1172 4960 1233 5004 enm
1249 4959 1304 5003 non
1318 4947 1489 5018 singulorum
1504 4949 1554 5004 sed
1570 4950 1759 5006 universorum
1773 4946 1833 5005 lore
1856 4964 1902 5006 re·

210 5034 285 5104 tiam,
298 5049 498 5108 quamcumque
511 5036 564 5092 sibi
588 5036 670 5092 vellet
693 5037 847 5106 imponere,
870 5049 899 5090 se
923 5034 1031 5091 bumili-
1071 5049 1143 5106 gem,
1158 5040 1188 5091 ut
1203 5036 1338 5092 universis
1350 5037 1453 5106 justum
1476 5053 1506 5094 se
1532 5037 1717 5108 promitteret,
1741 5037 1808 5094 satis
1835 5051 1902 5094 esse

209 5129 252 5179 ter
284 5129 486 5196 suscepturum.
520 5125 696 5196 apostolicus
727 5137 791 5181 vero
824 5122 858 5179 de
886 5122 954 5178 tanti
978 5124 1029 5181 viri
1070 5123 1220 5193 perbibuit.
1236 5124 1280 5180 bit
1299 5125 1391 5190 etiam,
1408 5125 1432 5180 si
1447 5140 1480 5182 eo
1501 5127 1595 5194 modo,
1619 5140 1674 5196 quo
1689 5133 1810 5198 coeptum
1833 5125 1901 5184 iue-

889 5316 1001 5371 vnulAE
1024 5315 1217 5372 unctiones.

243 5492 434 5552 benincasa.
473 5493 505 5528 ⁸¹⁵
524 5495 698 5618 tripdudians
721 5494 743 5550 l.
783 5495 880 5566 mpro
899 5495 985 5552 illo‘t.
1025 5493 1129 5551 ⁸¹⁸sed.
1154 5496 1347 5552 l.l.etm.2.
1386 5495 1417 5528 ‘¹'
1437 5498 1782 5569 m.multumquemon.2
1817 5497 1900 5554 ⁸¹⁸0.

208 5565 282 5621 etb.
306 5565 330 5623 l.
369 5565 491 5622 miscet
513 5567 535 5619 l.
572 5565 598 5621 b.
637 5566 667 5598 ⁸¹⁰
690 5567 807 5624 comode
835 5565 858 5622 l.
885 5566 1214 5636 reipublicecommodo
1238 5566 1265 5620 2.
1305 5567 1379 5624 ⁵¹¹ln
1401 5567 1471 5624 l.2.
