4106 6178
236 465 330 520 lliruta
345 465 398 522 rite
413 464 489 522 luere
507 467 578 538 solo,
704 531 708 534 ,

238 555 307 610 Sunt
323 554 407 611 ruodo
422 557 501 626 cujus
516 561 543 612 et
562 557 677 616 arbitrio

237 643 351 700 Lumine
366 643 482 714 praedita
501 646 643 703 continuo.

272 732 378 788 Nomen
396 732 433 788 ob
452 732 506 790 lroc
520 734 663 803 operantis
679 746 749 804 opus

237 819 294 877 Neo
312 821 429 878 reticere
444 821 517 878 valet
532 823 652 893 penitus,

236 909 362 966 Nominis
375 923 442 966 usus
456 915 483 966 et
496 915 526 966 ιιι
544 911 652 982 proprii

238 997 372 1066 Postulat,
387 999 511 1055 anterior
529 999 633 1069 poterit

237 1086 344 1159 Syllaba
361 1086 443 1158 longa
457 1087 548 1144 brevis
563 1088 633 1146 lleri.

273 1177 344 1247 Ergo
364 1174 460 1231 licebit
478 1181 506 1232 et
520 1178 633 1246 expedit
646 1177 692 1234 lric

237 1265 341 1320 Nomen
360 1265 452 1320 inesse
470 1263 613 1332 desiderii,

236 1351 288 1420 Qui
303 1351 390 1418 dedit,
407 1353 597 1421 oBenedictc,
617 1353 669 1410 tibi

237 1441 301 1496 Tam
317 1441 438 1511 pretiosa
454 1441 589 1499 domicilii
605 1437 609 1442 “

236 1529 362 1597 Praernia,
378 1529 478 1586 ductus
492 1543 585 1587 aurore
604 1531 656 1587 tui.

271 1620 423 1676 llarmoreo
443 1618 510 1676 loris
524 1625 567 1676 est
585 1619 678 1691 lapide

237 1707 314 1762 lntus
329 1712 357 1762 et
372 1705 497 1764 ecclesiae
512 1708 604 1778 parics

237 1793 413 1864 Splendibus.
428 1796 479 1852 llic
493 1800 584 1852 tamen
596 1795 670 1852 lraud
685 1795 765 1854 iacile

235 1884 321 1940 llucta
340 1883 435 1947 labore
454 1883 496 1940 vol
515 1889 575 1941 arte
588 1883 651 1940 rudi

235 1971 328 2028 Omnis
342 1971 377 2027 ab
391 1972 460 2028 urbe
474 1972 601 2029 columna
620 1970 681 2030 luit.

274 2059 401 2131 Undique
415 2067 516 2117 caetera
530 2060 585 2118 lata
604 2061 658 2118 loci

236 2149 362 2207 Pondere
377 2164 434 2221 prae
449 2151 534 2208 nimio
549 2151 630 2222 pretii

237 2242 333 2311 Empta
347 2238 434 2308 inere,
451 2253 504 2298 nec
517 2242 657 2311 Hesperiae

236 2327 381 2386 Sultieiunt
393 2328 461 2385 satis
478 2328 599 2384 artilices
614 2348 621 2384 :

236 2417 351 2475 Thracia
369 2430 461 2474 merce
481 2415 589 2472 locatur
602 2415 637 2471 ad
651 2415 722 2485 lraec,

271 2507 320 2562 llis
333 2504 414 2562 labor
428 2505 455 2560 in
470 2505 556 2560 vitrea
570 2504 663 2576 potius

235 2597 348 2656 Materia
362 2595 443 2652 datur
455 2594 570 2651 eximius
582 2616 589 2662 ;

235 2687 302 2741 llam
315 2683 418 2740 variata
433 2681 575 2738 coloribus
593 2682 654 2739 baec

233 2775 279 2830 Sic
292 2772 413 2829 bominis
428 2771 542 2828 decorat
555 2771 687 2840 speciem,

233 2863 294 2918 Non
308 2861 345 2917 sit
359 2867 391 2917 ut
403 2860 474 2916 alter
488 2859 517 2915 in
532 2858 632 2930 eldgie.

269 2949 365 3005 Lustra
380 2949 475 3005 decem
494 2948 591 3005 novies
604 2947 732 3017 redeunt,

233 3038 293 3105 Quo
308 3042 384 3109 patet
395 3051 457 3094 esse
471 3035 574 3094 laboris
586 3049 658 3108 opus

233 3127 315 3182 istius
333 3127 449 3183 urbibus
464 3125 549 3183 ltaliae

233 3215 361 3272 illicitum
373 3236 381 3284 t
401 3216 548 3287 peregrina
562 3215 609 3273 dlu

231 3305 287 3361 lies
301 3303 382 3361 modo
402 3310 496 3361 nostra
509 3305 558 3361 sed
573 3303 701 3361 eltlcitnr.

267 3392 318 3448 llic
332 3392 467 3450 alabastra
486 3395 575 3450 nitere
590 3393 661 3463 lapis

233 3481 407 3553 porphyreus
423 3481 574 3551 viridisque
586 3479 671 3549 lacit;

234 3570 281 3626 ilis
295 3570 456 3640 proconissa
474 3571 564 3641 pavita
579 3569 638 3642 (sie)
652 3570 733 3626 simul

233 3661 278 3716 Sic
292 3659 346 3716 sibi
360 3672 496 3716 marmora
510 3659 688 3725 conveniunt,

233 3751 268 3806 Ut
287 3748 366 3806 labor
380 3749 427 3806 bic
442 3762 520 3807 mare
533 3749 570 3806 sit
583 3749 710 3806 vitreum.

268 3839 353 3893 Tanta
368 3837 479 3895 decoris
497 3839 524 3894 in
540 3839 593 3895 boo
606 3835 701 3894 rutilat

231 3925 333 3992 Gloria,
349 3927 436 3983 ltonra
454 3924 530 3997 quod
548 3926 608 3997 ipsa
622 3939 672 3982 sua

232 4015 322 4073 Pluris
335 4021 366 4071 ut
377 4014 484 4072 aestimo
498 4027 554 4072 non
568 4013 650 4071 iaciat
668 4034 674 4070 :

232 4105 277 4162 Sic
291 4117 402 4176 quoque
416 4109 479 4161 rota
493 4104 627 4162 lresiderii

232 4193 402 4250 convaluere
420 4193 540 4265 benigna
553 4193 651 4261 Patris,

266 4286 356 4340 dnrca
373 4297 447 4352 uasa,
462 4282 505 4340 rel
525 4282 640 4340 alterius

232 4371 366 4428 Ponderis
379 4372 491 4444 ingenui
511 4373 615 4443 potius,

231 4462 341 4518 Gemma
356 4460 457 4531 quibus
476 4459 597 4530 pretiosa
607 4459 689 4516 nimis

232 4549 335 4614 Enitar,
349 4555 397 4605 aut
410 4549 505 4614 micat,
523 4554 572 4604 aut
586 4547 690 4612 rutilat,

232 4637 302 4693 ilinc
316 4650 369 4708 ope
384 4636 502 4693 contulit
516 4636 669 4692 innumera.

268 4725 297 4780 ln
317 4724 418 4781 casulis
434 4724 592 4795 trabeisque
610 4723 689 4781 stolis

232 4813 363 4870 llaximus
376 4817 419 4869 est
436 4826 567 4870 numerus
585 4811 677 4884 pretii.

234 4905 287 4958 tra
305 4901 395 4974 grisea
410 4902 505 4959 labore
523 4915 574 4960 suo

232 4989 297 5048 Plus
315 4991 438 5062 pretiosa
451 4991 578 5063 refulget,
597 4995 627 5048 et
640 5004 680 5049 ms

230 5079 327 5136 carius
341 5087 507 5151 exsuperant
526 5078 638 5137 trilores.

266 5169 362 5226 Omnia
382 5182 452 5240 pene
471 5170 572 5240 qulbus
585 5169 664 5227 locus
681 5168 729 5225 lric

231 5256 438 5315 condecoratur
452 5263 480 5314 et
495 5264 537 5314 est
551 5257 669 5314 celebris

231 5347 334 5418 Sponte
349 5347 394 5418 pia
408 5348 489 5404 Pater
502 5347 562 5418 ipse
577 5346 663 5404 dedit.

231 5434 301 5491 Sunt
315 5449 395 5503 noua,
410 5441 475 5492 sunt
493 5435 576 5503 bona,
592 5440 657 5492 sunt
670 5435 758 5494 solida
771 5456 778 5504 ;

231 5523 272 5581 ud
287 5538 335 5580 sua
349 5524 432 5596 digua
445 5531 488 5581 sat
502 5523 601 5581 olllcia.

268 5613 404 5670 Patricius
423 5613 592 5684 comitesque
611 5612 696 5670 duces

892 343 1053 403 tuumne.

959 471 986 530 t

962 1804 987 1862 Β

956 4439 982 4498 D

1099 466 1215 525 Sustulit
1232 467 1287 525 buc
1301 467 1434 526 bonitatis
1444 483 1515 541 ope;

1100 558 1135 614 Et
1152 557 1220 614 satis
1234 557 1357 628 undique
1372 557 1446 616 clara
1459 558 1559 617 domus

1101 645 1198 718 Fulget
1212 645 1241 703 ln
1255 645 1334 715 orbe,
1347 647 1422 704 uelut
1436 649 1577 719 speculum

1101 734 1172 792 Solis
1186 735 1215 791 in
1234 736 1337 792 aetbere
1353 737 1539 808 perspicuum.

1135 824 1201 892 Quis
1214 824 1339 892 meliora,
1355 826 1463 894 casine,
1483 827 1539 884 tuis

1099 913 1198 969 lloenia
1212 913 1365 984 porticibus
1383 915 1500 972 statuit?

1100 1003 1190 1057 iturea
1207 1014 1263 1059 non
1278 1001 1378 1059 domus
1396 1003 1455 1072 ipsa
1472 1004 1546 1076 Cyri,

1099 1092 1159 1148 Non
1180 1091 1334 1150 salomonis
1348 1106 1419 1164 opus
1432 1094 1517 1151 ualuit

1099 1179 1217 1237 Sedibus
1235 1179 1279 1237 lris
1293 1181 1407 1238 rutilare
1423 1185 1519 1256 magis.

1134 1268 1210 1325 Atria
1226 1269 1379 1326 iustiniana
1398 1271 1481 1328 situm

1100 1359 1179 1414 llunc
1197 1358 1251 1416 sibi
1271 1359 1419 1432 diligerent
1432 1360 1529 1418 satius.

1098 1447 1147 1503 Pst
1161 1447 1212 1504 tibi
1227 1448 1331 1519 grande
1345 1449 1428 1504 nimis
1446 1450 1583 1519 meritum,

1099 1535 1198 1591 Fertur
1216 1535 1320 1607 ubique
1333 1537 1384 1593 sub
1399 1538 1502 1595 aetberc
1521 1544 1598 1596 tuum
1615 1537 1679 1611 (sic)

1100 1622 1228 1680 sanctius
1247 1638 1308 1682 esse
1322 1624 1502 1684 domicilium.

1136 1713 1176 1769 'lu
1190 1713 1316 1785 speciosa
1334 1713 1455 1772 fenestra
1471 1717 1531 1784 liei,

1101 1800 1227 1857 Proxima
1247 1800 1397 1859 luminibus
1409 1802 1525 1873 saperis,

1098 1887 1177 1944 Unde
1191 1887 1321 1946 videntur
1334 1890 1369 1946 ad
1389 1891 1449 1947 baec
1464 1892 1562 1948 animae

1100 1975 1234 2044 Tendere,
1250 1978 1370 2034 mundus
1383 1985 1412 2036 ct
1429 1979 1475 2036 bio
1491 1979 1612 2038 hominis

1099 2064 1180 2120 Visus
1194 2065 1229 2121 ab
1244 2066 1326 2122 unius
1338 2072 1380 2123 est
1395 2067 1494 2125 oculis.

1134 2154 1169 2209 Ut
1183 2154 1327 2223 paradisus
1340 2169 1464 2213 amoenus
1478 2157 1565 2226 Edem,

1098 2242 1185 2297 Omne
1198 2241 1252 2298 soli
1266 2255 1383 2312 superos
1397 2245 1538 2313 specimen

1099 2329 1165 2400 ujus
1177 2330 1346 2387 aromatibus
1364 2331 1495 2390 redoles:

1099 2417 1210 2476 lleliciae
1225 2419 1275 2476 tibi
1295 2433 1351 2477 non
1370 2420 1432 2478 allae

1098 2508 1167 2564 Sunt
1185 2508 1238 2564 nisi
1254 2507 1325 2566 iortc
1337 2523 1395 2568 sue
1409 2511 1520 2581 pariles.

1132 2597 1245 2654 cantica
1260 2597 1374 2655 condcls
1388 2599 1521 2670 angelicis

1097 2686 1225 2743 consona
1240 2687 1356 2745 uocibus
1369 2693 1452 2760 atque
1471 2688 1561 2748 nrodis
1577 2710 1583 2745 :

1095 2774 1186 2830 Corde
1204 2775 1307 2832 rideris
1319 2781 1347 2833 et
1358 2789 1408 2834 ore
1420 2779 1506 2835 Mum

1096 2863 1214 2921 Poscere
1234 2865 1375 2922 condnuls
1389 2867 1519 2937 precibus

1095 2951 1215 3008 crimine
1230 2967 1281 3024 pro
1296 2954 1392 3025 populi
1411 2955 1514 3026 potius.

1129 3041 1188 3096 tarn
1204 3041 1318 3111 poteris,
1334 3043 1425 3108 Pater,
1438 3043 1571 3116 angelicis

1094 3128 1239 3198 Pollicitis,
1255 3131 1414 3200 Benedicte,
1429 3130 1484 3189 irul
1499 3152 1506 3188 ε

1093 3217 1183 3274 llitior
1196 3224 1238 3274 est
1252 3218 1351 3278 domus
1364 3221 1417 3278 ista
1431 3221 1498 3278 satis

1093 3306 1178 3374 Quam
1192 3306 1244 3364 lult
1257 3307 1391 3366 hactenus
1404 3332 1412 3377 ;
1427 3313 1456 3366 at
1474 3309 1580 3368 meritis

1094 3395 1147 3451 Pac
1162 3395 1198 3450 sit
1213 3401 1243 3452 ut
1257 3401 1320 3453 ante
1335 3396 1416 3453 beata
1430 3397 1496 3453 tnis.

1129 3483 1169 3539 'lu
1187 3481 1270 3551 bone,
1286 3490 1315 3540 tu
1331 3484 1386 3554 pie,
1402 3489 1432 3542 tu
1445 3483 1561 3542 bomine

1093 3570 1193 3627 &nete
1206 3572 1289 3639 licus,
1306 3574 1388 3629 Pater
1402 3574 1588 3646 omnipotens,

1094 3660 1144 3716 cui
1163 3660 1232 3716 nihil
1247 3667 1290 3718 est
1303 3663 1370 3719 dare
1381 3663 1507 3733 diillcile,

1096 3749 1147 3805 llic
1161 3748 1351 3810 babitantibus
1366 3752 1486 3810 aetheree

1094 3837 1132 3892 lla
1146 3837 1261 3910 liqueat,
1277 3846 1353 3911 peto,
1368 3841 1439 3899 lucis
1453 3843 1516 3900 iter.

1130 3926 1176 3982 Sic
1190 3927 1298 3998 placeat
1311 3929 1395 3988 modo
1405 3937 1500 3988 nostra
1514 3930 1566 3989 tibi

1095 4014 1210 4085 concio,
1225 4017 1317 4087 prisea
1331 4018 1406 4075 uelut
1424 4019 1538 4091 placido,

1094 4103 1203 4175 integra
1218 4118 1281 4175 quae
1301 4107 1412 4176 penitus
1425 4107 1527 4165 meruit

1096 4192 1223 4250 Partibus
1236 4194 1319 4266 hujus
1333 4196 1367 4253 ab
1384 4197 1498 4267 hospitii

1095 4280 1197 4338 Lucida
1211 4295 1296 4354 regna
1310 4283 1403 4340 subire
1422 4283 1491 4354 poll.

1368 4425 1425 4482 XX.

1058 4484 1156 4584 ductus
1170 4529 1199 4584 iu
1219 4527 1323 4587 moden
1342 4529 1426 4588 lecte
1438 4531 1596 4603 llarqorr'tte
1617 4531 1736 4602 edomia

1306 4624 1331 4676 et
1348 4620 1483 4692 martyro.

987 4723 1015 4778 si
1029 4736 1079 4779 sna
1092 4722 1241 4797 vaniloquo
1256 4724 1421 4783 tumelactus
1434 4727 1555 4784 carmine
1570 4725 1689 4785 mundus

987 4813 1069 4869 Facta
1083 4811 1177 4882 reiert,
1196 4828 1261 4872 nurn
1277 4821 1371 4872 nostra
1385 4829 1481 4873 manus
1499 4821 1611 4888 torpere
1622 4815 1734 4883 valebit,

986 4901 1026 4957 lle
1041 4900 1132 4972 pulset
1146 4917 1208 4960 cunr
1222 4917 1290 4960 voce
1309 4903 1406 4976 lyram,
1422 4905 1487 4964 dnm
1502 4905 1599 4964 coelica
1612 4911 1727 4963 narrati

986 4990 1058 5062 Ergo
1077 5003 1126 5061 age
1142 5005 1193 5048 vox
1208 4993 1308 5062 omnis,
1327 5007 1390 5064 quae
1404 5000 1497 5052 cantat
1509 4996 1593 5052 rerba
1611 4993 1722 5053 choreis

986 5077 1060 5133 Vana
1079 5077 1169 5148 cadat,
1189 5078 1270 5138 ludos
1284 5095 1380 5140 ornnes
1394 5085 1550 5154 proscribat
1567 5084 1664 5141 inanes

985 5166 1085 5222 Nostra
1099 5167 1203 5240 chelys,
1218 5171 1267 5227 sed
1283 5170 1345 5229 diva
1361 5171 1439 5230 ierat.
1456 5175 1494 5230 lle
1508 5173 1614 5230 ciuibus
1632 5186 1682 5231 ora

985 5254 1156 5312 antiochena
1171 5256 1238 5314 olim
1252 5261 1342 5332 magni
1357 5262 1488 5332 produxit
1502 5263 1530 5318 in
1545 5262 1640 5320 orbenr

985 5343 1107 5400 Peninei
1121 5347 1231 5417 generis
1245 5347 1357 5406 titulans
1368 5350 1460 5420 jubar.
1476 5349 1524 5407 llla
1539 5355 1661 5408 meretur

986 5433 1124 5503 Baptismo
1139 5435 1269 5493 mundata
1283 5439 1330 5496 uei
1345 5452 1401 5496 non
1416 5453 1476 5497 csse
1490 5442 1599 5511 parenti

984 5520 1082 5590 cnara,
1102 5521 1152 5579 scd
1168 5523 1234 5582 binc
1245 5526 1319 5583 Patri
1338 5527 1441 5598 placuit
1455 5531 1541 5603 magis
1554 5531 1602 5588 illa
1615 5545 1747 5604 superno,

985 5607 1157 5681 Pulchraqne
1169 5612 1309 5673 eoelioolas
1323 5617 1407 5675 traxit
1420 5618 1512 5689 nimis,
1527 5624 1610 5693 atque
1624 5621 1744 5680 caducos
