4036 6162
96 299 144 354 ets
606 294 761 352 HISTORIA
779 292 1053 352 usblolnrtbltsts.
1073 325 1109 338 -
1126 297 1181 352 bis
1198 295 1232 353 ll.
1712 297 1767 356 846

98 428 126 480 ιι
136 420 200 479 vidit
213 421 268 478 ltro
283 419 390 492 ilduyni
408 419 490 488 dilus,
501 417 673 478 contortatus
686 433 701 476 a
715 433 805 487 servo,
819 419 947 482 omniaA
986 418 1013 477 3.
1035 420 1120 492 igitur
1132 419 1166 454 ¹⁸⁶
1179 419 1307 478 omnibus
1329 419 1478 492 episeopis,
1493 423 1541 492 qni
1564 426 1628 480 ante
1651 423 1770 483 admira·

98 511 161 570 mala
175 523 237 581 que
252 508 305 566 sibl
320 513 349 565 et
361 510 433 580 patri
456 509 587 566 intulerat
607 509 796 576 reminiscens,
817 522 908 580 regem
952 509 1034 566 bilem
1050 509 1237 568 confessorem
1252 509 1425 567 Ambrosium
1444 509 1574 582 religiose
1593 517 1621 568 ιι
1634 513 1770 572 catholice

98 600 183 659 mulds
197 598 357 670 ambagibus
371 601 494 657 excussis
516 600 645 658 occidere
663 600 777 667 statuit;
793 612 911 669 cumque
953 599 1141 670 episcopatum
1166 602 1323 667 tenuerunt,
1343 599 1460 670 ipsoque
1483 598 1616 657 cumillis
1634 601 1774 673 episcopie

96 689 210 762 gladium
243 701 299 746 ιιι
327 687 463 746 ιιιιιιιιι
494 689 528 746 ad
552 688 743 761 jugulandum,
771 701 852 745 secus
879 701 909 743 se
954 688 1001 758 qui
1025 693 1089 758 post
1111 703 1173 746 eum
1196 690 1256 745 vice
1279 689 1478 760 discipulorum
1502 689 1609 746 bomini
1633 690 1775 748 subsecuti

97 781 196 849 spinam
216 777 285 834 vidit
298 778 481 834 acutissimam
496 779 701 849 grandemque;
722 791 776 848 qua
790 782 911 848 arrepta,
953 781 1027 843 sunt,
1047 776 1082 833 ad
1096 778 1229 834 coelorum
1244 791 1328 849 regna
1348 793 1409 835 cum
1425 779 1533 836 Christo
1548 779 1774 850 tripudiantibus,

97 867 166 924 velut
180 880 285 930 cauem.
302 871 333 924 ut
347 866 513 938 predixerat
527 867 624 924 beatus
636 865 806 933 Ambrosius,
823 867 912 936 ipsum
955 865 1067 933 Fronto,
1084 866 1111 922 lu
1136 881 1192 937 quo
1216 880 1312 924 omues
1325 868 1449 925 thesauri
1463 868 1575 924 malitie
1589 867 1622 900 ¹⁰⁶
1636 877 1664 925 ιι
1678 869 1777 940 phare·

97 961 212 1013 tractare
235 956 351 1024 curavit,
376 957 520 1027 adipsum
547 970 678 1027 percussa
705 956 824 1014 mamilla
848 970 913 1012 cor·
954 959 1006 1013 ιιι
1030 957 1214 1026 nequitiarum
1238 963 1267 1014 et
1290 970 1372 1026 prava
1398 957 1508 1029 ingenia
1536 957 1657 1015 omnium
1685 971 1777 1015 rerum

98 1045 175 1102 dialia
187 1045 315 1115 protinus
324 1045 464 1102 interemit
476 1043 549 1117 (57).
565 1047 649 1116 Cujus
664 1059 762 1102 carnes
776 1045 915 1102 terribiles
954 1047 1038 1112 sunt,
1063 1044 1222 1102 cathedram
1244 1046 1452 1103 ambrosianam
1476 1045 1606 1118 indignus
1628 1053 1656 1104 ιι
1678 1047 1777 1105 imme·

97 1133 217 1190 vultures
240 1139 268 1190 ct
293 1135 370 1192 corvi
394 1135 500 1191 sinistri
524 1135 622 1191 rostris
649 1134 813 1191 avidissimis
840 1148 915 1190 mau·
956 1133 1026 1190 ritus
1053 1138 1085 1188 ut
1106 1131 1151 1190 ιιι
1174 1138 1202 1191 ιι
1224 1133 1295 1191 latro
1318 1135 1428 1192 invasit.
1452 1137 1503 1204 Qui
1534 1141 1612 1193 ortus
1639 1137 1781 1202 nobilibus

97 1223 193 1280 dentes
206 1223 395 1294 sepelieruut;
411 1221 480 1279 et¹⁰l
495 1237 563 1292 puer
581 1225 634 1280 ιιι
649 1237 749 1294 equum
764 1223 917 1282 ascendens
958 1220 1129 1294 parentibus,
1156 1235 1212 1280 non
1236 1224 1264 1279 in
1297 1225 1413 1280 scientia
1441 1225 1490 1281 bel
1522 1239 1575 1284 uec
1602 1227 1632 1282 in
1660 1225 1781 1283 cultibus

98 1311 211 1384 regium,
227 1310 409 1370 Mediolanum
424 1312 569 1380 accelerat,
578 1313 625 1370 ubi
635 1313 772 1370 civitatem
786 1313 916 1369 dimitam
959 1311 1059 1368 divinis
1073 1326 1184 1383 operam
1208 1313 1295 1377 dedit,
1311 1313 1360 1370 sed
1385 1314 1413 1370 in
1438 1327 1505 1371 auro
1529 1319 1557 1372 et
1575 1320 1690 1386 argento
1705 1315 1782 1372 locu·

98 1415 176 1472 quam
202 1400 301 1458 melius
325 1402 415 1472 potuit
439 1400 605 1470 rciormavit,
621 1416 686 1474 rege
708 1416 723 1458 a
746 1402 919 1459 silvestribus
960 1400 1040 1472 ples,
1073 1401 1224 1458 monilibus
1251 1401 1346 1470 dives,
1372 1403 1460 1460 servis
1493 1407 1522 1459 et
1554 1402 1663 1460 ancillis
1702 1403 1781 1461 valde

99 1491 212 1548 laniato.
227 1492 312 1558 Quem
335 1505 397 1548 cum
420 1491 462 1548 sui
478 1491 579 1548 milites
594 1505 643 1561 per
657 1490 788 1548 tresdies
803 1492 921 1549 circum·
961 1490 1125 1550 habundans
1152 1489 1213 1547 luit.
1241 1493 1276 1548 ht
1304 1496 1436 1562 quantum
1467 1491 1520 1550 luit
1548 1494 1669 1551 omnium
1697 1495 1783 1552 virtu-

99 1593 208 1650 quaque
230 1585 370 1652 vagantes,
391 1579 521 1637 carnibus
542 1581 661 1648 abrosis,
681 1581 791 1638 ossibus
816 1585 921 1637 tantum
962 1588 1021 1638 tum
1054 1581 1187 1637 bonarum
1215 1580 1305 1637 nudus
1333 1586 1362 1637 et
1389 1595 1504 1651 pauper,
1527 1581 1700 1654 subsequens
1728 1583 1784 1640 lec-

99 1669 297 1739 apparentibus
316 1669 490 1738 invenerunt,
507 1674 535 1726 et
557 1670 616 1739 eius
640 1671 732 1727 omnia
759 1670 924 1726 invenerunt
964 1669 1005 1726 tio
1038 1669 1248 1726 demonstrabit.
1283 1668 1384 1726 Plenus
1415 1671 1554 1738 avaritia,
1594 1685 1656 1742 qna
1693 1686 1784 1743 neque

100 1757 263 1814 vestimenta
285 1758 349 1814 tabe
358 1762 388 1815 et
400 1757 539 1814 vermibus
553 1773 585 1814 ac
600 1756 699 1816 ιιιιιιι
719 1757 1044 1830 ιιιιιιιιιιιιιι,Βιιμιι
1067 1763 1183 1830 augetur
1214 1772 1304 1830 neque
1336 1759 1429 1830 inopia
1460 1759 1639 1832 extinguitur,
1668 1760 1704 1818 de
1732 1775 1786 1832 qua

101 1847 196 1903 tristes
210 1860 243 1902 ac
257 1845 351 1904 miseri
365 1847 515 1917 sepultura
532 1859 588 1904 nou
610 1853 640 1903 ut
663 1862 756 1918 regem
774 1847 921 1904 dederunt.
965 1849 1033 1906 dicit
1055 1846 1198 1919 apostolus
1214 1867 1221 1904 :
1238 1867 1252 1900 ι
1271 1848 1401 1917 Avaritia,
1426 1862 1488 1919 quae
1508 1854 1549 1905 est
1569 1849 1715 1920 ydolorum
1730 1864 1788 1908 ser-

101 1934 157 2002 Qua
179 1941 343 2006 tempestate
358 1949 420 1992 cum
435 1936 574 1994 venisseut
601 1936 631 1992 iu
659 1935 763 1992 ltaliam
792 1935 924 1992 dirissimi
964 1939 1036 1994 vitus
1059 1937 1171 2004 (cobar.
1190 1953 1232 2006 ιιι,
1256 1937 1297 2008 5),
1317 1955 1332 1990 n
1352 1943 1381 1995 et
1407 1939 1538 1996 Dominus
1561 1937 1590 1994 in
1619 1939 1784 2010 evangelio:

101 2023 288 2096 Langobardi,
310 2036 365 2081 non
384 2031 529 2096 parcentes
550 2025 697 2097 juvenibus
720 2038 772 2082 uec
790 2025 924 2092 senibus;
966 2045 981 2080 a
1001 2026 1100 2096 cupidi
1114 2033 1143 2083 et
1167 2027 1241 2084 avari
1261 2039 1318 2083 uon
1339 2025 1482 2083 intrabunt
1500 2029 1529 2084 in
1554 2041 1668 2098 regnum
1684 2028 1752 2096 ltei;
1773 2047 1787 2081 ι

101 2113 148 2182 qui
166 2119 196 2170 et
210 2113 262 2185 ipsi
280 2115 398 2186 gentiles
421 2113 592 2187 ingentiliter
605 2129 666 2173 sese
684 2115 828 2182 habentes,
844 2129 924 2171 reue·
965 2117 1079 2186 iusuper
1097 2115 1259 2173 ambitiosus
1282 2115 1355 2172 ultra
1378 2129 1459 2186 quam
1483 2115 1559 2173 credi
1583 2123 1684 2188 potest.
1710 2116 1788 2186 Quod

101 2210 166 2259 runt
186 2203 378 2261 lledinlauum.
402 2206 459 2261 llos
483 2204 638 2276 praevidens
661 2205 758 2262 beatus
785 2203 927 2274 archiepl-
966 2204 998 2237 ru
1013 2202 1113 2260 iactum
1131 2208 1182 2272 est,
1198 2209 1308 2261 mortuo
1323 2205 1464 2261 lionorato
1479 2205 1623 2275 episcopo,
1639 2211 1743 2263 tantum
1759 2207 1787 2262 in

99 2305 205 2364 scopus
226 2295 393 2362 Honoratus,
410 2293 502 2351 sciens
525 2295 662 2352 civitatem
681 2294 859 2362 devastatam,
875 2307 927 2349 ιιι
967 2293 1079 2350 nomine
1095 2296 1228 2362 quantum
1252 2291 1281 2348 ln
1294 2291 1389 2349 oidcio
1409 2291 1597 2349 honorandus.
1615 2295 1663 2364 qui
1678 2301 1793 2350 octavus

98 2393 157 2438 non
182 2395 199 2437 a
223 2389 301 2452 peste
326 2383 458 2438 vermium
482 2382 682 2450 crudelissima,
716 2388 745 2439 et
769 2381 928 2439 hotrtinibus
968 2381 1091 2438 decimus
1105 2385 1168 2450 post
1191 2381 1300 2436 brulium
1323 2380 1497 2437 Ambrosium
1516 2380 1599 2449 sedit,
1615 2381 1695 2438 turba
1714 2382 1794 2438 uobi-

97 2469 352 2527 innumembilibus
366 2471 507 2538 emortuis,
524 2477 552 2527 et
575 2471 649 2527 cives
671 2470 821 2527 bellatores
835 2485 850 2526 a
865 2485 928 2526 cru·
968 2471 1034 2529 lium
1053 2474 1081 2526 et
1100 2469 1204 2541 populo
1227 2471 1361 2526 imulenso
1381 2469 1519 2528 catholieo
1543 2470 1673 2542 religiose
1698 2477 1726 2527 et
1748 2486 1794 2529 ca·

96 2558 247 2616 delissimo
274 2559 420 2616 lamberto
444 2558 503 2616 iore
531 2560 623 2632 gladio
648 2559 813 2618 dilaceratos
829 2580 836 2615 ε
853 2561 927 2616 omni
969 2559 1071 2616 tholice
1091 2559 1252 2630 episcopum
1276 2558 1305 2614 in
1323 2559 1409 2614 neum
1435 2559 1667 2629 querentibuso
1686 2559 1794 2617 deside·

97 2646 231 2704 ecclesiae
258 2647 388 2705 thesauro
411 2653 522 2718 arrepto
546 2648 663 2706 tendens
681 2649 710 2705 in
723 2650 848 2714 ianuam,
868 2654 928 2704 uta
968 2648 1094 2704 rantibus
1108 2661 1169 2704 cum
1188 2647 1317 2706 universo
1332 2648 1407 2704 clero
1424 2668 1430 2704 :
1447 2663 1513 2705 ecee
1535 2649 1629 2706 subito
1652 2647 1794 2706 fascinatis

97 2735 231 2793 manibus
256 2736 500 2808 longobardorum
525 2737 655 2809 eriperet,
682 2737 802 2795 lideliter
827 2737 928 2806 depor·
968 2736 1064 2793 multis
1073 2734 1105 2768 ¹⁰⁸
1133 2741 1312 2807 utrarumque
1337 2737 1467 2806 partium,
1492 2737 1588 2808 populi
1612 2737 1742 2795 videlicet
1766 2745 1794 2794 ιι

99 2825 178 2881 tavit.
206 2823 257 2880 llic
280 2826 353 2880 enim
377 2831 440 2895 post
465 2825 572 2896 aliquot
594 2826 655 2883 dies
677 2831 757 2899 capta
781 2826 890 2882 civitate
913 2837 929 2878 a
969 2826 1114 2894 nobilium,
1134 2825 1267 2882 immensa
1284 2825 1456 2897 perturbatio
1481 2833 1543 2884 orta
1566 2833 1618 2884 est.
1634 2828 1721 2899 igitur
1739 2826 1795 2884 ele·

100 2911 304 2985 Langobardis,
325 2926 388 2984 quae
414 2927 492 2972 muro
512 2921 540 2970 et
569 2915 692 2971 turribus
716 2914 855 2971 devastata
880 2913 929 2969 diu
970 2916 1062 2972 ctione
1087 2915 1256 2984 perturbata,
1277 2915 1397 2984 Fronto,
1422 2916 1550 2973 omuibus
1574 2915 1655 2972 bouis
1674 2915 1793 2972 nudatus

100 3001 193 3059 teneri
213 3015 269 3060 nou
284 3003 385 3072 potuit,
403 3003 452 3059 liei
472 3003 663 3061 misericordia
677 3009 706 3060 et
720 3005 780 3074 ejus
797 3002 928 3074 patientia
969 3003 1118 3074 multisque
1134 3004 1250 3060 vestitus
1269 3002 1362 3068 vitiis,
1385 3005 1485 3075 spiritu
1513 3005 1633 3077 maligno
1657 3004 1791 3076 repletus,

100 3105 237 3148 summam
259 3092 407 3149 amicitiam
428 3093 502 3165 regis
520 3099 547 3150 et
566 3092 808 3165 Lougobardorum
828 3083 1061 3161 adeptaGscieus
1075 3107 1106 3149 se
1121 3107 1171 3164 per
1193 3092 1356 3150 catholicam
1380 3093 1544 3152 electionem
1569 3094 1637 3150 cleri
1656 3100 1684 3151 et
1699 3094 1794 3166 populi

100 3181 161 3251 init,
179 3185 209 3240 in
224 3187 330 3241 tantum
354 3189 384 3239 ut
407 3183 501 3240 multis
519 3184 670 3255 privilegiis
683 3185 831 3254 multisque
847 3197 929 3240 cere·
970 3184 1159 3254 episcopatum
1180 3183 1292 3239 minime
1314 3182 1417 3239 habere
1441 3195 1541 3254 posse,
1568 3197 1630 3240 cum
1660 3185 1793 3241 immenso

100 3272 214 3340 moniis,
236 3272 368 3343 quicquid
383 3271 639 3345 archiepiscopatus
657 3273 782 3341 baberet,
799 3273 833 3328 ab
853 3273 928 3329 omni
971 3272 1093 3345 pondere
1108 3272 1168 3328 anri
1183 3276 1211 3327 et
1229 3272 1346 3344 argenti,
1359 3287 1420 3329 cunr
1437 3273 1533 3343 paucis
1544 3274 1625 3330 etiam
1642 3273 1792 3342 nobilibus,

100 3367 182 3433 gente
199 3366 229 3419 et
244 3376 308 3432 rege
332 3362 434 3420 intacta
457 3368 485 3419 et
508 3361 594 3419 illaesa
614 3369 818 3432 permanerent.
849 3361 928 3419 Unde
970 3363 1145 3433 imperatoris
1160 3361 1244 3418 curiae
1258 3360 1430 3418 detestandae
1449 3375 1532 3417 cursu
1546 3360 1645 3430 rapido
1664 3360 1792 3419 tetendit.

102 3457 197 3522 postea
223 3451 383 3508 Desiderius
410 3466 459 3508 rex
484 3451 725 3524 longobardorum
749 3451 798 3507 liei
823 3451 929 3508 miseri·
969 3451 1110 3510 conscilio
1124 3457 1214 3506 autem
1229 3450 1309 3515 inito,
1327 3453 1429 3520 praeter
1451 3448 1498 3504 illa
1523 3464 1585 3519 qnae
1608 3463 1689 3506 mauu
1704 3450 1792 3518 dedit,

101 3540 196 3598 cordia
216 3538 308 3596 lactus
330 3539 506 3608 christianus,
523 3540 591 3596 inibi
614 3540 702 3595 sancti
720 3539 858 3596 vincentii
883 3553 929 3595 ec·
970 3546 1001 3596 ut
1015 3541 1205 3609 episcopatum
1219 3536 1345 3602 baberet,
1365 3535 1569 3592 inaestimabilia
1591 3537 1715 3608 pondera
1733 3538 1793 3594 auri

101 3628 214 3686 alesiam
235 3635 264 3685 et
286 3629 484 3686 monachorum
507 3628 664 3685 caenobium
683 3640 735 3698 pro
753 3628 852 3682 anime
870 3641 928 3684 suae
971 3635 998 3686 ιι
1012 3628 1119 3698 argenti
1134 3625 1252 3682 ducibus
1266 3631 1294 3681 et
1308 3625 1456 3681 comitibus
1470 3631 1498 3681 et
1513 3625 1641 3680 omnibus
1664 3627 1711 3697 qni
1739 3627 1795 3682 im-

101 3719 227 3777 remedio
244 3717 337 3775 multis
351 3718 476 3775 ornando
498 3717 611 3788 praediis
635 3723 663 3774 et
686 3716 808 3772 castellis
821 3714 929 3772 haedib-
971 3716 1121 3787 pcrialibus
1141 3713 1226 3785 jussis
1249 3713 1375 3784 quotidie
1393 3712 1586 3770 deserviebant
1605 3715 1740 3784 promisit.
1760 3718 1794 3772 ιι

101 3808 172 3864 cavit
201 3807 270 3880 (58).
300 3809 384 3878 cujus
406 3813 484 3864 actus
506 3805 681 3878 gravissimos
709 3809 805 3876 postea
823 3804 929 3861 habeus
970 3805 1131 3875 lmperator‚
1161 3803 1271 3874 cognita
1292 3803 1353 3871 ejus
1371 3802 1494 3873 nequitia
1514 3808 1542 3860 ιι
1569 3817 1678 3860 ιιιιιιι
1704 3805 1793 3862 Frou·

100 3896 252 3963 lldriauus,
280 3896 328 3967 qui
357 3901 385 3955 et
416 3898 475 3968 ipse
500 3894 622 3967 pontifex
650 3895 799 3952 Romanus.
829 3892 928 3950 carolo
970 3893 1044 3951 tonis
1066 3891 1249 3949 intentionem
1272 3889 1437 3961 previdens,
1459 3891 1519 3947 auri
1545 3891 1651 3959 avidus,
1668 3905 1724 3950 non
1744 3907 1790 3950 cu·

101 3985 199 4058 llagun
222 3985 314 4057 Pipini
328 3985 397 4053 dlio,
413 3992 443 4041 ut
462 3997 527 4042 suas
540 3983 665 4040 civitates
680 3997 695 4039 a
710 3982 836 4039 manibus
849 3982 928 4038 besi—
970 3996 1035 4038 rans
1049 3980 1167 4052 qualiter
1181 3984 1229 4036 aut
1243 3979 1381 4050 quomodo
1404 3995 1434 4037 se
1453 3981 1527 4038 eirca
1546 3981 1682 4039 catholica
1700 3981 1791 4041 oilleia

101 4074 171 4133 darii
191 4082 330 4143 erueret,
359 4075 465 4147 virgas
481 4074 654 4147 episcopales
676 4074 711 4130 ad
741 4071 929 4130 investiendos
969 4070 1157 4129 ecclesiastiea
1180 4069 1313 4137 haberet,
1338 4076 1453 4141 accepto
1471 4071 1531 4127 anri
1555 4075 1583 4129 et
1610 4073 1717 4144 argenti
1740 4075 1792 4130 im·

102 4166 254 4238 episcopos
277 4170 305 4222 et
327 4164 425 4222 auulos
442 4166 511 4222 citra
534 4163 575 4220 ias
589 4167 617 4221 et
630 4163 746 4231 licitum,
774 4168 804 4219 ut
822 4162 928 4219 clavum
969 4174 1065 4218 menso
1080 4159 1213 4231 pondere,
1229 4164 1335 4214 tantum
1349 4158 1549 4230 aliquantulum
1569 4161 1690 4230 timidus,
1706 4176 1792 4233 quan·

102 4254 178 4313 clavo
194 4253 360 4328 expelleret,
376 4253 481 4324 primus
494 4253 581 4311 dedit.
597 4251 648 4320 Qui
671 4250 738 4308 mihi
757 4257 847 4308 autem
871 4263 928 4307 uon
969 4251 1032 4309 dam
1060 4248 1242 4307 execrabilem
1272 4249 1460 4305 investituram
1492 4248 1705 4306 lledlolanensis
1732 4253 1791 4322 epi·

104 4345 202 4414 credit,
219 4346 296 4416 legat
312 4342 471 4401 vouttlcalc
491 4343 677 4400 Romanorum
691 4355 740 4398 seu
755 4345 832 4412 gesta
857 4331 930 4396 bon·
971 4345 1102 4411 scopatcs
1115 4339 1140 4395 ei
1155 4338 1299 4405 attribuit,
1322 4341 1351 4394 et
1363 4336 1504 4407 accipiens
1517 4338 1552 4393 ab
1570 4352 1604 4394 eo
1619 4338 1788 4405 lldelitatem,

103 4435 303 4506 gobardorum,
323 4433 530 4505 quoniamque
548 4430 605 4488 dixi
619 4430 739 4486 ddeliter
757 4433 873 4487 tractata
891 4414 1116 4500 ibiunemdam
1131 4429 1288 4485 comitatum
1305 4425 1382 4483 dedit
1396 4426 1421 4483 ei
1435 4425 1477 4493 ¹⁰⁹,
1493 4424 1544 4481 sub
1564 4439 1619 4496 quo
1638 4441 1668 4484 se
1687 4429 1791 4486 Fronto

103 4525 226 4594 reperiet
253 4522 319 4596 (59).
344 4525 377 4579 nt
404 4521 562 4592 priusquam
585 4518 783 4576 clandestinam
811 4531 928 4589 pestem,
968 4520 1002 4576 ad
1031 4517 1210 4576 simoniacam
1239 4516 1367 4572 haeresim
1396 4513 1557 4571 detenderet
1584 4521 1613 4571 et
1641 4515 1792 4587 imperator

103 4626 165 4684 qum
180 4615 289 4671 clerum
303 4606 728 4668 totiushmbrusianacecclesiae
747 4608 821 4664 velut
835 4615 930 4664 torvus
970 4609 1105 4664 innocens
1135 4619 1195 4662 esse
1221 4605 1304 4676 hujus
1330 4605 1369 4661 rei
1398 4603 1546 4660 ascribitur
1565 4603 1607 4660 ¹²⁰.
1636 4605 1695 4673 Quo
1718 4604 1791 4663 iacto

102 4702 147 4760 leo
162 4703 359 4760 crudelissime
374 4700 482 4768 invasit,
499 4699 639 4766 dieam,et
657 4711 672 4752 a
687 4710 742 4767 qno
757 4697 838 4753 sedes
857 4697 930 4754 beati
970 4709 1068 4768 magno
1096 4694 1219 4765 tripudio
1243 4693 1368 4750 exuimus
1396 4695 1522 4758 Fronto,
1546 4693 1664 4764 stipatus
1699 4695 1794 4752 multis
1888 4730 1892 4738 -

104 4792 245 4850 ambrosii
269 4806 320 4862 per
343 4791 527 4863 symoniacam
549 4785 677 4844 haeresim
700 4786 885 4844 contaminata
903 4791 932 4843 et
971 4782 1179 4856 Longobardis,
1195 4783 1243 4854 qui
1265 4797 1298 4840 eo
1322 4789 1446 4853 tempore
1469 4781 1554 4838 curiae
1575 4782 1729 4839 militabant
1742 4783 1794 4840 im·

104 4881 207 4940 violata
220 4881 300 4956 prius
313 4879 375 4951 iuit,
392 4879 537 4937 enucleare
551 4889 607 4934 nou
622 4875 756 4932 desinam.
969 4873 1108 4947 peratoris
1116 4872 1160 4941 ¹¹¹,
1184 4871 1262 4943 qnasi
1283 4870 1328 4929 ιιι
1357 4875 1384 4928 ιι
1411 4871 1483 4928 latro
1505 4871 1581 4928 venit
1599 4871 1793 4930 lledinlauum.
1884 4924 1888 4932 .

788 5001 899 5058 VARIAE
926 4999 1118 5056 bethleites.

140 5107 175 5140 ²⁰⁸
194 5108 315 5165 deestis.
353 5104 385 5138 ¹⁰⁸
406 5102 531 5161 litoius:
546 5103 584 5159 lle
608 5103 747 5160 Frontone
773 5097 991 5157 aconstautino
1018 5097 1150 5167 episcopo
1176 5094 1383 5151 Mediolanensi.
1403 5095 1449 5150 ι’.
1470 5096 1507 5152 be
1534 5097 1564 5152 F.
1585 5095 1796 5200 archiepiscopo

104 5178 262 5237 simoniace
285 5177 424 5235 ordinato.
445 5177 502 5232 ι’.
528 5171 620 5230 limet
660 5171 692 5205 ¹⁰⁸
710 5175 749 5228 ita
764 5169 807 5227 et.
829 5170 925 5227 mllitie
949 5168 1026 5225 codd.
1064 5167 1096 5200 ¹⁰⁷
1114 5169 1174 5236 Quo
1196 5167 1239 5223 et.
1296 5165 1328 5198 ¹⁰⁰
1346 5166 1441 5223 ich.
1472 5166 1544 5224 deest
1568 5167 1627 5224 rell.
1665 5167 1698 5199 ¹⁹
1725 5170 1796 5228 (leet

105 5249 148 5306 lii.
187 5250 222 5284 ¹¹⁰
241 5249 447 5307 adscriberetur
460 5247 504 5304 bt.
541 5245 571 5277 ¹¹¹
591 5241 781 5315 imperialilil.
898 5331 1007 5390 Nom

143 5437 200 5522 (5η
221 5438 287 5495 ilaec
300 5435 400 5495 labella
418 5439 480 5493 orta
503 5447 563 5490 esse
583 5432 693 5490 videtur
707 5446 722 5488 e
737 5431 848 5488 nomine
862 5430 935 5488 ville
1096 5425 1178 5486 iloc'
1169 5441 1198 5484 ιι
1217 5426 1330 5483 (ιιιιιιι
1344 5425 1452 5484 ιιιιιιι
1469 5425 1607 5496 Giulinil,
1627 5425 1672 5482 80.

106 5510 194 5567 Sine
214 5509 358 5579 Lumboti,
374 5503 539 5580 nuncspito
540 5503 648 5572 ιιιιιιι,
663 5517 689 5562 v
704 5501 844 5562 Giulinil.
865 5501 934 5576 i.p.
1013 5427 1063 5571 83
1096 5501 1140 5557 sc.
1156 5499 1284 5556 carolum
1307 5497 1341 5554 ab
1364 5497 1486 5556 Adriano
1499 5503 1625 5556 vocatum
1640 5512 1711 5570 esse,
1736 5513 1797 5558 uam

145 5579 311 5640 .Leibuitil
324 5583 395 5640 hun.
412 5581 480 5650 lmp.
482 5503 539 5644 ll,
558 5574 619 5630 175.
977 5577 1077 5628 catera
1090 5570 1131 5628 ibl
1144 5568 1245 5628 irustra
1254 5569 1409 5640 quesieris.
