4106 6178
259 267 328 326 tabe

326 390 381 450 Sed
396 393 494 448 nenha
507 386 601 459 specle
615 383 727 442 cuilibet
742 383 874 454 imparem

435 479 472 535 Te
491 475 534 534 vel
548 475 641 533 dicere
657 472 697 529 las
711 477 762 530 est.

328 572 368 628 lu
386 570 434 627 lux
451 564 593 631 Ecclesiae,
613 561 658 619 cui
673 560 755 618 modo
774 557 917 633 presides,

328 661 367 717 Tu
382 657 449 716 cleri
465 656 549 713 decus
563 657 591 708 et
603 649 772 721 praesidium,
788 657 843 707 tuae

435 743 526 802 Plebis
540 754 659 812 spesque
679 739 820 811 vigorque.

327 840 456 895 huersum
470 831 580 899 studiis,
600 828 782 901 philosophos
797 829 853 886 tuis

328 928 475 983 intantum
491 919 614 992 reliquos
628 919 725 988 vincis,
742 924 772 976 ut
787 919 899 988 optimis

432 1013 531 1082 bispar
544 1022 600 1067 non
616 1009 654 1065 sis
672 1006 796 1066 Athenis.

324 1103 425 1175 inquo
440 1099 552 1160 condita
566 1104 631 1156 sunt
645 1111 757 1170 organa,
774 1103 800 1154 te
816 1097 897 1166 duce,

323 1196 388 1263 Quae
401 1192 463 1264 plus
476 1188 611 1246 Threiciis
625 1188 725 1244 sistere
740 1187 857 1245 mobiles

430 1281 550 1338 Possunt
568 1277 683 1335 vocibus
697 1291 802 1334 amnes.

323 1375 429 1440 Grates,
444 1369 630 1440 Parthenope,
647 1367 736 1440 dirige
754 1366 858 1436 Galliae,

325 1463 392 1533 liius
406 1457 568 1518 muneribus
582 1458 646 1515 laeta
663 1455 738 1528 quod
753 1456 863 1514 obtines

434 1549 550 1607 Tantum
565 1547 676 1618 taleque
691 1546 793 1603 lumen.

327 1637 454 1700 doelestis
467 1637 564 1712 patriae
579 1635 679 1694 Paulus
693 1647 854 1693 oeconomus

328 1733 396 1790 Turn
414 1729 501 1788 salvet
519 1727 659 1801 precibus,
674 1724 762 1798 gloria
779 1721 938 1796 praesulum,

433 1819 467 1877 ut
479 1819 624 1876 conservet
637 1815 666 1871 in
681 1827 777 1872 avum.

606 1901 733 1960 llllxvll.

408 1995 452 2054 Ad
470 1995 592 2052 Allonem
610 1993 759 2064 epbcopom
779 1989 922 2047 Teuticum.

323 2085 407 2144 llulta
418 2082 569 2158 promittis,
585 2079 636 2138 tibi
651 2094 713 2152 quae
728 2093 830 2136 nocere

322 2177 385 2234 llite
405 2170 565 2240 debebunt;
582 2182 672 2240 neque
686 2173 713 2226 te
728 2167 835 2226 solutus

320 2267 449 2336 Proteqet
463 2260 546 2329 risus,
567 2272 619 2315 neu
633 2257 724 2316 honor
735 2255 842 2328 juvabit

426 2348 567 2419 Praesulls,
583 2350 658 2405 dito.

318 2444 401 2500 Sacra
415 2437 576 2497 mendacem
591 2449 728 2493 mannum
742 2440 844 2493 statuta

320 2529 471 2590 Praesnlem
485 2527 627 2596 damnant,
641 2529 715 2582 uetat
729 2528 811 2596 alque
825 2523 922 2596 vulqus

319 2621 399 2692 Legis
413 2620 442 2678 ln
459 2616 649 2675 contractibus
663 2613 843 2686 approbando

427 2707 523 2764 Dicere
538 2705 702 2778 quidquam.

318 2801 357 2856 lie
372 2804 420 2856 luo
435 2796 521 2854 lectas
533 2809 618 2867 grege
633 2801 732 2865 sponte
747 2807 844 2850 vaccas

317 2889 371 2946 Sex
386 2885 463 2954 mihi,
485 2883 610 2943 mirabile
624 2881 696 2942 lorte
715 2897 814 2940 munus

317 2978 393 3035 Tunc
406 2974 561 3033 inauditum
576 2973 733 3045 quoderat,
749 2973 848 3029 Casino

423 3065 514 3132 Teste,
534 3061 646 3120 dedisti.

316 3156 440 3223 Namque
455 3167 504 3208 sex
517 3151 613 3208 harum
628 3150 702 3208 velut
715 3150 855 3207 intimatas

317 3243 407 3300 Prima
422 3255 483 3298 cum
497 3240 570 3297 Nlno
590 3239 738 3310 Babylonis
756 3240 829 3296 altos

316 3330 447 3390 Condidit
461 3344 567 3398 muros,
587 3327 772 3400 cataclysmus
785 3328 833 3386 illa

422 3419 515 3476 Sensit
529 3418 558 3476 in
577 3431 651 3474 arca.

314 3509 440 3567 omnium
451 3505 565 3580 linguis,
577 3505 667 3564 arium
681 3505 814 3574 secunda,

315 3598 353 3670 Te
368 3597 445 3670 loqui
463 3596 544 3669 plane
560 3595 666 3663 docuit,
681 3597 779 3653 heatus

315 3688 345 3746 Sl
359 3687 415 3746 tuis
432 3688 520 3744 scires
533 3684 637 3744 mundo
651 3686 692 3743 sic
706 3685 802 3742 Latina

423 3775 550 3835 Reddere
564 3775 658 3832 rerba.

314 3863 421 3922 hstium
439 3869 546 3936 septem
559 3863 662 3922 studiis
676 3866 704 3920 et
717 3861 794 3920 omni

315 3953 389 4010 Pene
404 3953 532 4010 doctrina
551 3951 641 4010 luerat
655 3952 765 4024 perita;
880 3951 884 3956 '

314 4041 408 4111 Teque
421 4041 552 4097 Timaeum
570 4041 647 4098 socio
666 4039 790 4098 Platonis

421 4127 512 4184 'lertla
526 4128 649 4198 scripsit.

315 4217 485 4287 Quantaque
508 4213 574 4272 felix
592 4214 727 4272 recrearis
741 4229 837 4274 aurunt

315 4307 458 4377 sempera
477 4305 565 4363 cauda
584 4304 635 4362 tibi
653 4301 745 4363 sulhat
762 4313 865 4378 aptam,

316 4397 384 4465 Nec,
399 4395 456 4452 suls
470 4394 570 4452 coelum
585 4394 639 4452 nisi
659 4398 686 4453 te
704 4393 802 4453 levarit

423 4483 571 4554 cornibus,
586 4483 652 4540 this.

314 4571 518 4631 semivestitum
532 4574 629 4645 genuit
648 4572 756 4630 cuculla

316 4661 415 4732 Quinta
430 4675 574 4720 causarum
590 4662 719 4720 comitem
734 4668 842 4720 tuarum

315 4751 454 4818 Pontium,
469 4765 532 4809 cunr
547 4765 603 4823 quo
618 4751 677 4808 sine
691 4751 745 4809 dne
760 4753 876 4810 mendax

422 4841 507 4897 lotus
520 4838 644 4897 haberis.

315 4928 450 4986 Febribus
465 4934 491 4986 te
506 4933 583 4985 sexta
601 4934 695 4986 tuetur
708 4929 786 4986 atris.

314 5016 443 5075 Floribus
456 5016 528 5074 laetis
545 5016 711 5088 speciebus;
729 5017 823 5076 herbis

315 5107 364 5165 llis
378 5114 426 5166 tuo
440 5106 471 5163 lit
484 5105 628 5164 stomacho
642 5106 761 5164 salubris

424 5195 503 5254 Potio
518 5196 601 5252 truci.

314 5285 344 5342 Si
358 5289 449 5357 potes,
470 5284 527 5342 noll
542 5283 620 5352 mihi,
636 5282 737 5356 praesul
751 5287 827 5352 htto,

314 5374 393 5431 Ultro
407 5373 517 5432 mentiri
529 5394 537 5440 t
553 5372 615 5430 cole
628 5372 680 5441 sio,
699 5373 817 5430 amicum

216 5511 221 5518 .
314 5463 350 5519 Ut
364 5463 445 5521 decet
458 5462 562 5534 iduum
578 5462 629 5521 tihi
643 5475 707 5520 mox
725 5475 776 5521 nec
788 5461 843 5520 ulla

422 5553 508 5610 causa
520 5551 642 5610 nocebit.

1093 390 1120 450 Δ

1091 1713 1115 1773 Β

816 261 963 317 hhnnhm
982 261 1203 320 sthennium
1220 261 1378 319 Attumne.

1472 383 1608 440 lllllilllll.

1233 491 1277 547 Ad
1297 489 1629 562 mummolum‘pumm
1644 487 1837 548 sdmlostiesm.

1229 597 1446 655 Transmundum
1462 595 1576 653 metrica
1595 595 1676 653 laude
1692 607 1804 654 sorores

1194 688 1309 758 Dignum
1328 684 1410 742 dulce
1424 685 1512 742 melos
1526 685 1630 757 ingere
1647 685 1748 752 docte,

1195 778 1230 832 Ut
1240 788 1289 832 vos
1303 787 1371 830 soce
1387 773 1500 844 quidem
1515 773 1599 831 tultis
1614 779 1703 842 scum,

1193 864 1240 921 Vel
1256 864 1352 920 Phoehl
1367 864 1473 920 cithara
1491 864 1576 920 dicite
1591 863 1676 920 dulci.

1231 954 1282 1009 llic
1296 953 1454 1009 Aristotelis
1469 951 1628 1023 philosophi

1195 1046 1323 1100 versutus
1336 1042 1458 1109 hereses,
1474 1045 1556 1112 atque
1571 1041 1693 1098 Platonis

1195 1134 1292 1189 Faetus
1302 1131 1420 1202 eloquii,
1437 1143 1530 1188 mense
1546 1143 1709 1201 perannum

1195 1224 1255 1279 Uno
1269 1235 1341 1292 pene
1354 1220 1469 1278 studens
1484 1225 1543 1276 arte
1562 1218 1671 1286 relutat,

1227 1312 1286 1380 Qua
1301 1323 1358 1367 non
1372 1309 1462 1366 Attica
1477 1308 1525 1365 dat
1538 1309 1648 1365 uincere
1667 1320 1773 1376 norma,

1195 1400 1248 1458 Sed
1262 1400 1356 1456 Zetlua
1370 1398 1460 1469 palus,
1476 1399 1558 1455 noxia
1572 1411 1682 1469 semper

1195 1489 1293 1546 crudis
1304 1486 1453 1555 cardiacis,
1469 1487 1648 1558 utericisque,

1196 1581 1229 1636 Et
1241 1578 1346 1650 splenis
1359 1577 1427 1634 titio
1440 1576 1550 1635 vindice
1565 1576 1663 1648 passis.

1230 1666 1344 1725 Deridet
1355 1665 1476 1723 studium
1490 1679 1565 1736 saepe
1583 1665 1717 1731 decenne,

1196 1758 1230 1813 dt
1242 1755 1354 1827 quando
1367 1754 1445 1823 libet,
1463 1755 1518 1812 hoc
1531 1759 1624 1811 monte
1640 1753 1748 1818 relicto,

1194 1847 1285 1902 Laetus
1299 1842 1388 1901 tendit
1402 1857 1436 1901 eo
1451 1849 1576 1914 tempore
1590 1843 1664 1899 reris

1193 1935 1280 1992 Cama
1298 1939 1352 1990 hm
1367 1933 1450 1990 citius
1464 1931 1548 1989 multa
1563 1931 1680 1989 sciendi.

1227 2025 1326 2080 Fertur
1343 2021 1429 2080 corde
1443 2026 1527 2078 tenus
1540 2020 1581 2078 sic
1594 2019 1723 2077 homilias

1191 2112 1374 2184 Quadraginta
1394 2111 1489 2183 legens
1502 2111 1585 2178 seire,
1601 2109 1650 2167 sed
1665 2107 1723 2166 illic

1190 2203 1257 2258 llum
1272 2205 1336 2272 post
1353 2205 1395 2256 tot
1414 2199 1530 2268 reditus,
1549 2199 1672 2256 muneris
1691 2197 1773 2268 hujus

1190 2291 1294 2361 Expers
1312 2301 1426 2360 prorsus
1440 2289 1528 2357 adest,
1544 2293 1640 2359 utpote
1659 2287 1776 2359 pridem.

1224 2379 1325 2436 versus
1337 2383 1394 2435 tam
1408 2379 1480 2435 bene
1499 2378 1552 2435 scit
1565 2375 1730 2448 Virgilianos

1188 2468 1303 2526 hiscens
1316 2482 1332 2524 a
1346 2481 1444 2538 puero,
1460 2479 1542 2538 quam
1561 2467 1632 2524 bene
1647 2467 1724 2523 norit

1188 2560 1262 2626 Quos
1276 2558 1345 2614 irata
1360 2555 1447 2614 libros
1461 2557 1525 2629 igne
1540 2554 1645 2629 Sibylla

1187 2647 1353 2714 combussit,
1369 2646 1445 2717 quod
1460 2658 1509 2703 ens
1523 2646 1616 2703 renuit
1628 2650 1745 2715 emptor.

1222 2735 1301 2793 iales
1314 2736 1507 2808 grammaticos
1520 2727 1606 2792 mittit
1618 2738 1747 2792 Aternus.

1187 2826 1237 2883 llic
1251 2826 1355 2883 obliuio
1370 2826 1411 2883 sic
1423 2827 1499 2896 juxta
1514 2825 1608 2896 perosi

1186 2916 1303 2983 amoris,
1320 2913 1501 2985 philosophos
1519 2914 1626 2985 praebet
1639 2913 1753 2969 inertes.

1188 3003 1294 3061 Pelices
1307 3004 1409 3074 quibus
1427 3003 1487 3060 haec
1506 3003 1617 3074 cognita
1635 3014 1692 3058 non
1711 3007 1762 3058 est.

1226 3093 1265 3160 Sl,
1280 3093 1478 3160 Transmunde,
1499 3091 1567 3149 mlhl
1586 3091 1687 3160 credis,
1702 3090 1800 3156 amice,

1185 3182 1234 3238 illa
1248 3182 1289 3239 uti
1308 3181 1408 3239 studiis
1422 3181 1517 3238 deslhe
1531 3179 1661 3248 tandem

1185 3273 1239 3328 Pac
1252 3285 1334 3328 cures
1348 3271 1476 3328 monachi
1495 3270 1567 3328 scire
1580 3268 1748 3342 professum,

1185 3360 1299 3417 littere
1319 3359 1432 3432 sapiens
1450 3372 1511 3416 esse
1525 3357 1639 3430 puteris.

1466 3462 1585 3523 xxxix.

1206 3574 1250 3632 Ab
1269 3573 1435 3632 Guillelmum
1453 3573 1616 3642 menoclem,
1635 3571 1846 3644 pomerum.

1185 3683 1264 3753 sepe
1278 3687 1307 3739 te
1321 3683 1379 3739 risu
1399 3695 1468 3752 puer
1482 3680 1606 3740 alluenti

1185 3771 1270 3826 n'octe
1290 3775 1474 3840 postcomm
1489 3769 1612 3836 memini,
1626 3767 1782 3834 duillehne,

1184 3860 1269 3927 Quam
1283 3859 1367 3918 modo
1382 3858 1478 3916 laudas
1492 3858 1575 3916 niuis
1586 3857 1746 3930 improbare

1293 3949 1361 4005 ilem
1376 3947 1585 4008 modachomnr.

1184 4039 1246 4094 Non
1265 4037 1302 4094 sit
1316 4036 1431 4096 enectus
1444 4037 1520 4109 quod
1539 4037 1568 4094 ln
1582 4037 1627 4094 his
1638 4035 1765 4094 voluntas

1186 4126 1283 4197 Ullius,
1300 4126 1397 4186 saltem
1412 4140 1503 4198 neque
1517 4139 1568 4198 pro
1584 4125 1686 4184 tuenda

1186 4217 1257 4288 Lege
1270 4224 1376 4274 nature
1389 4216 1450 4274 siue
1468 4217 1594 4274 instituta

1292 4307 1366 4362 Voce
1379 4304 1492 4376 prioris.

1186 4396 1266 4452 Veste
1285 4395 1360 4466 quod
1379 4395 1454 4467 pulla
1470 4393 1591 4456 retunt
1604 4394 1756 4460 vomerem,

1184 4484 1234 4540 cui
1247 4482 1302 4540 hul
1315 4483 1436 4556 lymphis
1450 4486 1534 4544 toties
1552 4489 1669 4558 negatur

1184 4576 1214 4629 ln
1228 4587 1278 4630 sua
1293 4572 1399 4631 lactens
1412 4574 1522 4645 quoties
1536 4574 1659 4632 manebit

1290 4661 1396 4720 Arbore
1411 4663 1490 4720 licus.

1183 4750 1285 4808 lllvites
1299 4757 1404 4809 tantum
1420 4752 1521 4810 merito
1535 4752 1634 4810 beatos

1184 4840 1250 4895 Esse
1264 4841 1405 4908 narrabas,
1419 4840 1522 4911 quibus
1535 4839 1582 4898 hic
1600 4839 1635 4898 ud
1651 4851 1729 4896 usum

1183 4928 1282 4986 Factus
1294 4929 1442 4986 humauunr
1457 4929 1518 4988 sine
1528 4927 1603 4986 ande
1618 4933 1732 4999 praestat

1288 5018 1385 5076 Omnia
1399 5017 1528 5076 mundus.

1183 5107 1244 5177 lpse
1259 5105 1293 5162 de
1308 5121 1426 5178 quorum
1437 5120 1556 5166 ummo
1572 5105 1660 5174 luisti,

1183 5195 1233 5251 Cui
1252 5200 1294 5254 tot
1307 5199 1418 5256 Avernae
1435 5195 1538 5254 studiis
1555 5201 1667 5254 acutum

1181 5283 1318 5356 Oppidum
1333 5299 1433 5344 consus
1447 5284 1526 5343 dedit
1542 5290 1628 5356 atque
1641 5283 1732 5342 dulcis

1164 5391 1169 5400 ·
1288 5373 1402 5432 culmen
1416 5375 1545 5434 honoris.

1182 5462 1235 5519 Per
1247 5463 1288 5520 tui
1301 5477 1436 5524 suntmnnr
1450 5463 1551 5536 capitis
1565 5464 1699 5536 viqoren·

1183 5551 1288 5624 Perque
1303 5559 1442 5616 tantorum
1455 5553 1588 5614 uomitum
1600 5552 1760 5620 cohortem,
