4034 6152
11 257 13 270 ·
104 237 168 294 rori
650 239 785 299 555555
802 239 847 297 55
865 235 1029 296 5115511155
1045 195 1229 300 5115155515.
1713 243 1782 305 1555

102 361 193 418 tiatum
217 359 765 422 15155511511155555515511151551551
789 365 1038 426 amona-Alanis
1064 365 1093 421 in
1120 381 1184 423 vase
1216 368 1343 438 corporis
1371 369 1430 438 elus
1457 367 1588 425 Dominus
1606 371 1780 429 ostendebat.

11 499 12 502 Ἴ
101 433 157 492 obis
176 431 314 489 sublatum
338 446 409 500 5555,
434 434 549 492 5515515
577 435 694 494 1511155
727 437 765 494 115
793 436 916 492 delusam
961 435 1014 492 Sed
1034 437 1088 494 boc
1103 438 1132 494 in
1147 451 1210 496 1555
1224 441 1351 510 corporis
1370 441 1430 510 ejus
1453 439 1600 497 ostendero
1620 442 1720 511 potuit,
1734 444 1782 514 qui

101 517 167 561 esse.
183 505 284 560 Tamen
303 504 461 576 intelligens
475 507 528 562 boc
554 521 614 565 esse
640 508 786 564 uoluntatis
806 507 916 573 1111555,
959 521 1009 576 per
1037 510 1160 565 umbram
1189 512 1315 582 corporis
1338 511 1426 567 555511
1445 512 1517 568 Petri
1541 519 1662 582 aegrotos
1685 527 1783 572 sanare

101 576 208 632 511155
237 577 373 646 jamnon
398 590 479 646 posse
503 583 600 634 contra
625 580 775 637 torrentem
805 578 918 635 brachia
958 578 1052 634 1511111.
1082 581 1157 636 Tunc
1189 583 1236 651 qui
1259 589 1371 638 sanatus
1399 581 1488 638 fuerat
1520 581 1650 640 feretrum
1683 598 1783 653 prose·

100 647 222 712 tendere,
243 647 381 717 postulata
395 648 474 704 venia
494 651 631 707 concessit
655 650 711 707 illis
733 663 795 706 cum
814 649 917 705 scrinio
959 663 1047 718 quens
1070 657 1098 707 et
1125 653 1250 723 bajulans
1281 656 1384 725 gratias
1410 653 1548 709 referebat
1575 655 1691 710 Domino
1718 655 1785 711 imi·

100 719 184 774 555511
211 718 379 774 55515555515
400 734 523 777 remeare
548 722 583 778 ad
607 723 731 793 propria.
747 721 849 780 Taliter
864 720 915 786 illi,
958 728 1020 776 tans
1044 721 1120 778 illum
1144 724 1331 796 evangelicum
1356 726 1504 795 leprosum,
1521 725 1569 794 qui
1584 726 1785 782 reuersuslau·

100 790 174 916 quasi
201 789 234 845 de
260 791 378 861 AEgypto
406 793 520 862 egressi,
551 794 597 850 ubi
623 795 680 864 jam
708 793 786 864 quasi
815 791 916 862 captiui
958 791 1020 848 dem
1046 793 1228 852 155115551
1252 798 1319 852 Cum
1347 800 1424 853 15515
1452 796 1553 866 garamo
1581 795 1646 858 liliis
1668 797 1698 852 in
1721 798 1785 854 sinu

11 927 12 934 ἵ
112 866 205 916 555551
230 861 346 927 1515511,
372 869 534 933 protegente
551 879 599 920 eos
614 865 735 921 coelesiis
750 863 919 920 defensionis
959 864 1054 919 matris
1077 865 1202 924 ecclesiae
1227 869 1366 937 receptis,
1395 867 1430 924 de
1450 867 1580 923 thesauro
1604 867 1785 926 conscientiae

11 997 12 1004 ἵ
101 933 181 997 511115,
198 939 390 988 deurerentur
405 948 420 990 5
435 935 494 990 5515
509 935 706 1003 tribulationis,
722 941 915 1005 pervenerunt,
958 933 1131 1004 proferentes
1146 938 1309 994 sacrificiunt
1321 939 1380 1009 spei
1396 946 1423 994 51
1437 939 1512 1005 fidei,
1523 951 1586 1008 qum
1607 939 1636 993 15
1662 952 1708 994 555
1724 953 1785 996 555·

100 1003 167 1058 1555
178 1017 249 1059 5515
261 1005 351 1075 Moyse
361 1012 466 1071 nostro,
478 1007 506 1061 in
518 1012 617 1063 terram
628 1008 704 1078 pacis
712 1013 740 1062 51
750 1006 915 1063 securitatis.
959 1005 1276 1066 11555555155511551155
1286 1009 1437 1076 charitatis,
1449 1010 1579 1081 bymnum
1592 1011 1626 1065 Te
1635 1010 1717 1065 Deum
1727 1009 1785 1065 luu-
1843 1043 1847 1050 -

136 1075 178 1128 ll.
201 1077 323 1146 Cumque
339 1077 393 1145 lam
414 1075 478 1133 facti
496 1076 612 1134 fuissent
635 1080 753 1149 proximi
776 1078 916 1143 corbeie,
958 1077 1051 1133 155155
1070 1086 1249 1136 cantaverunt
1267 1095 1359 1138 coram
1378 1081 1476 1138 5115515
1500 1081 1601 1138 diuinae
1620 1081 1780 1150 majestatis.

11 1139 13 1222 J
100 1146 297 1216 premittentes
325 1147 437 1204 5551155
465 1149 663 1207 mandaverunt
690 1150 822 1206 fratribus
848 1149 916 1216 suis,

11 1285 12 1288 Ἴ
100 1225 128 1272 51
156 1217 260 1274 5551515
287 1219 376 1275 sancti
394 1219 522 1276 51515511
536 1229 642 1278 1551555
662 1225 841 1278 55555555551
855 1234 917 1276 5515
958 1223 1024 1278 Car.
1053 1222 1110 1277 llll.
1139 1222 1178 1277 lle
1200 1221 1358 1294 repositione
1383 1225 1534 1280 5555155551
1556 1221 1729 1294 reliquiorum
1755 1223 1784 1279 15

11 1355 13 1364 y
99 1287 210 1344 bracbio
235 1289 357 1358 ejusdem
381 1290 557 1347 confessoris.
578 1293 655 1349 lllico
670 1293 799 1364 gaudium
818 1304 917 1347 novum
1317 1293 1425 1351 5551515.

98 1361 186 1416 adbuc
206 1361 310 1416 recenti
325 1362 425 1432 gaudio
439 1363 635 1432 superadditur
651 1385 657 1420 ι
678 1364 792 1420 51555155
807 1363 918 1433 pulsan-

11 1497 13 1508 ,
98 1437 162 1486 tur:
183 1432 300 1488 ecclesia
325 1434 919 1504 15551555515511115515555155;55555-
996 1432 1038 1489 13.
1067 1433 1190 1504 benique
1214 1434 1395 1492 ascendentes
1418 1435 1519 1507 gradus
1541 1435 1653 1507 pulpiti,
1680 1435 1728 1507 qui
1747 1435 1784 1493 de

97 1503 134 1558 sis
157 1503 238 1558 etiam
263 1503 444 1560 luminaribus
467 1504 592 1575 plurimis
615 1507 785 1563 illuminatur
803 1525 810 1560 ε
835 1506 918 1561 1551-
958 1504 1027 1561 15115
1044 1504 1207 1575 plorationis
1222 1521 1271 1576 per
1289 1508 1391 1577 gradus
1408 1509 1539 1563 virtutum
1554 1508 1736 1564 ascenderant
1754 1508 1784 1564 iu

11 1573 13 1580 “
97 1588 148 1644 que
165 1572 237 1629 facto
253 1574 348 1644 populi
364 1583 512 1644 conuentu,
529 1577 625 1633 1551115
640 1578 781 1648 processio
797 1577 916 1643 orditur,
958 1583 1078 1632 montem
1094 1577 1296 1644 exsultationis,
1313 1579 1426 1648 populis
1449 1579 1549 1634 1511515
1561 1579 1718 1648 jacentibus
1732 1592 1785 1636 555

11 1689 12 1696 ,
97 1651 123 1700 51
137 1659 198 1700 cum
212 1645 325 1702 brachio
342 1649 430 1702 sancti
445 1647 573 1704 adalardi
593 1648 815 1718 precedentibus
829 1647 992 1743 cereisBad
1012 1648 1109 1704 altiora
1134 1648 1321 1705 conscendere
1341 1649 1505 1716 ualentibus,
1526 1650 1786 1706 condescenderunt

11 1712 14 1724 ¹
97 1722 123 1772 51
153 1717 283 1772 crucibus
311 1717 417 1773 obriam
448 1720 618 1788 proceditur.
647 1722 723 1776 Tunc
756 1719 804 1774 filil
832 1719 916 1775 lsrael
959 1720 1152 1788 propinatione
1177 1719 1311 1776 salutiferi
1335 1721 1471 1777 sermonis
1490 1722 1530 1777 rei
1550 1726 1634 1790 gestae
1654 1719 1786 1790 tempori·

96 1789 173 1858 quasi
192 1802 282 1843 arcam
302 1789 409 1845 bomini
434 1789 468 1846 de
491 1790 639 1847 Pbillsiaeis
662 1793 802 1847 reductam
826 1791 918 1847 susci·
958 1804 1012 1860 que
1033 1791 1162 1860 prasenti
1177 1791 1381 1860 respondentis.
1402 1794 1459 1847 1155
1473 1792 1611 1848 5115551151
1632 1791 1665 1847 51
1686 1791 1787 1847 55515·

11 1857 15 1941 s
97 1860 213 1929 pientes,
244 1861 271 1915 in
302 1861 479 1917 tabernaculo
506 1863 556 1918 liei
583 1861 738 1918 referebant
764 1882 770 1917 :
799 1867 827 1918 et
854 1875 916 1918 cum
958 1862 1106 1918 mationem
1124 1863 1167 1917 sui
1187 1865 1323 1919 sermonis
1346 1877 1408 1934 quae
1433 1865 1461 1918 in
1481 1863 1525 1918 115
1547 1863 1715 1918 55511155551
1733 1862 1785 1928 515,

95 1931 177 1987 llarid
201 1932 230 1986 in
250 1944 317 1988 roco
342 1932 533 1989 exsultationis
552 1939 579 1990 et
597 1933 780 1990 confessionis
799 1933 917 2003 psallen·
958 1939 1060 2003 quanta
1088 1933 1195 1990 Domini
1223 1935 1311 2004 gratia
1334 1934 1363 1990 15
1388 1934 1517 1990 omnibus
1546 1933 1680 1990 adfuisset
1707 1932 1783 2000 illis,

96 2009 135 2057 tes
161 2003 365 2072 praecedebant,
380 2005 462 2060 155115
481 2005 648 2061 musicorum
671 2006 916 2061 instrumentorum
958 2005 1123 2074 quantisque
1152 2003 1204 2060 sibi
1233 2005 1364 2060 dilectum
1396 2003 1583 2061 confessorem
1617 2005 1786 2062 declarasset

12 2073 13 2084 ¹
94 2074 243 2144 generibus
266 2074 300 2130 ad
324 2076 476 2148 augendam
496 2076 619 2133 laetitiam
639 2077 853 2147 circumquaque
868 2090 916 2133 so·
958 2075 1107 2131 miraculis.
1123 2077 1157 2131 Et
1178 2089 1212 2131 ne
1235 2075 1334 2145 aliquis
1354 2089 1448 2132 eorum
1464 2076 1565 2132 dubius
1577 2077 1708 2132 existeret
1722 2089 1785 2131 san·

11 2195 13 2200 ,
96 2145 235 2201 nantibus.
958 2153 1033 2201 ctum
1047 2146 1212 2200 adalardum
1232 2161 1292 2202 esse
1308 2147 1434 2213 relatum,
1455 2147 1587 2216 reliquias
1611 2146 1733 2217 ejusdem
1749 2145 1786 2200 de

11 2227 12 2230 ’
131 2216 175 2270 12.
201 2217 271 2272 Ecce
294 2218 917 2288 5515555115155155155515551551551-
958 2218 1127 2280 secretario,
1153 2217 1200 2271 ubi
1227 2223 1290 2272 ante
1314 2219 1444 2287 repositae
1469 2216 1595 2282 fuerant,
1622 2215 1785 2287 presentari

94 2286 131 2358 pli
154 2289 276 2358 jacebat,
300 2289 338 2344 115
362 2294 479 2358 utroque
499 2289 569 2360 pede
581 2296 750 2353 contractus,
767 2295 797 2344 ut
816 2289 917 2360 plantae
958 2287 1094 2344 fecerunt.
1109 2289 1181 2354 Quas
1193 2288 1304 2356 quidem
1325 2288 1353 2343 in
1372 2294 1523 2359 conspectu
1540 2289 1635 2359 populi
1649 2287 1785 2344 abstentis

11 2411 15 2426 ,
93 2358 196 2428 pedum
224 2361 283 2429 ejus
313 2357 399 2428 (quod
430 2364 490 2414 erat
521 2360 549 2414 in
578 2360 636 2414 1155
670 2359 807 2430 mirabile)
842 2367 917 2416 retro
959 2359 1127 2424 extulerunt,
1148 2359 1287 2429 ipsasque,
1307 2366 1338 2414 ut
1362 2359 1438 2416 credi
1458 2359 1679 2428 decet,antiquo
1699 2358 1784 2415 ebore

11 2481 14 2496 ,
93 2429 236 2484 baererent
257 2429 376 2484 natibus.
407 2431 524 2485 Venerat
547 2435 637 2485 autem
666 2430 704 2486 ibi
729 2430 864 2500 reptando
889 2431 917 2486 iu
959 2430 1119 2496 lucidiores,
1135 2430 1250 2500 visuque
1266 2444 1316 2500 pro
1331 2430 1374 2486 sui
1390 2432 1501 2487 raritate
1517 2430 1706 2496 delectabiles,
1718 2442 1785 2485 con-

91 2506 227 2570 quantum
258 2507 367 2568 poterat
394 2502 520 2557 manibus
547 2508 576 2556 51
593 2501 719 2572 genibus,
744 2515 800 2558 non
828 2503 917 2558 solum
959 2502 1101 2570 speetibus
1120 2503 1242 2557 omnium
1257 2502 1403 2557 astantium
1420 2502 1573 2558 cernendas
1594 2501 1782 2572 praebuerunt.

90 2579 119 2628 51
145 2571 308 2626 5115551551
333 2579 440 2641 peteret
462 2573 497 2628 ab
513 2573 726 2638 introeuntibus,
743 2573 792 2629 sed
806 2580 837 2628 ut
855 2587 919 2628 san·
959 2575 1105 2642 Postquam
1126 2580 1216 2628 autem
1238 2575 1384 2642 presentia
1399 2574 1487 2629 sancti
1502 2577 1607 2628 remota
1621 2577 1664 2629 est
1680 2573 1714 2627 ab
1729 2571 1787 2628 illis

11 2627 15 2664 Γ
91 2642 348 2698 ctumddalardum
376 2649 487 2714 rogaret
508 2644 566 2698 51115
586 2643 850 2701 51555515155111115.
866 2645 917 2712 Qui
959 2645 1048 2700 omnis
1067 2643 1154 2699 nubes
1178 2644 1368 2712 dubitationis,
1390 2659 1452 2700 eum
1476 2643 1628 2701 bonoridce
1652 2656 1785 2713 reposue-
1891 2698 1893 2704 ,
1994 2693 1996 2700 ,

11 2771 14 2786 ,
91 2727 150 2768 cum
176 2712 307 2768 feretrum
331 2716 419 2770 sancti
439 2715 613 2786 praecedente
630 2715 711 2786 longo
732 2715 918 2785 processionis
959 2721 1023 2770 runt
1047 2716 1074 2771 15
1098 2715 1195 2771 55155
1220 2714 1343 2784 5551515,
1373 2716 1447 2787 quod
1472 2715 1554 2786 paulo
1579 2721 1643 2772 aute
1667 2713 1784 2771 relatum
1925 2713 1930 2726 '

11 2793 13 2800 ⁴
93 2785 191 2840 ordine
210 2784 324 2840 vidisset
348 2783 453 2852 inferri,
479 2787 506 2841 in
533 2794 664 2857 quantum
693 2787 752 2857 ipsa
782 2787 916 2857 egritudo
958 2785 1047 2842 155551
1066 2800 1126 2841 555
1146 2786 1257 2856 gaudio.

13 2852 17 2867 '
96 2856 269 2925 patiebatur,
303 2855 421 2911 clamare
455 2857 557 2926 roepit,
592 2862 622 2914 51
653 2859 695 2913 551
728 2858 915 2914 misereretur.
998 2858 1039 2912 14.
1060 2859 1118 2924 Quo
1138 2859 1190 2913 5115
1215 2861 1346 2928 peracto,
1379 2871 1459 2913 secus
1478 2861 1601 2913 5555155
1621 2855 1784 2913 Gentianam

11 2919 13 2956 1
95 2927 481 2997 855515515551115155155,
507 2943 583 2985 more
610 2929 685 2984 beati
711 2930 795 2994 Petri,
821 2943 917 2985 555551
959 2929 1082 2984 51551511
1107 2941 1169 2984 rosa
1193 2929 1221 2984 15
1236 2929 1319 2984 domo
1335 2928 1384 2984 liei
1403 2935 1562 2984 vernantem
1577 2928 1786 2984 collocaverunt

11 2999 17 3076 Ι,’
96 2999 136 3054 151
155 3005 298 3070 argentum
318 2998 358 3054 illi
377 3013 433 3056 nou
452 2999 539 3066 15111,
564 2999 612 3056 551
632 3000 707 3070 quod
726 3000 824 3056 melius
847 3001 985 3073 oratos.
1002 2945 1187 3066 adalardum,
1212 2999 1347 3056 castitatis
1370 3000 1430 3056 lilio
1449 3006 1513 3056 5515
1529 3001 1611 3055 115551
1627 3000 1782 3055 florentem.
1799 3011 1803 3020 ·

11 3089 12 3100 1
96 3069 185 3125 111155
215 3067 384 3127 5555515515
408 3072 505 3142 gratia,
535 3071 574 3126 illi
599 3072 706 3127 tribuit.
729 3073 796 3128 Nam
820 3072 918 3128 mirum
958 3071 1035 3127 Felix
1058 3070 1130 3134 aula,
1153 3086 1215 3140 quae
1235 3071 1319 3128 tantis
1344 3077 1515 3128 sustentatur
1538 3069 1692 3126 columnist
1719 3068 1785 3126 felix

11 3135 13 3170 s
96 3140 124 3195 in
148 3141 261 3198 modum
287 3143 378 3197 statim
396 3142 505 3198 videres
529 3157 628 3199 nervos
655 3143 732 3212 prius
759 3151 918 3199 contractos
958 3141 1085 3207 ccclesia,
1103 3156 1164 3212 quae
1180 3142 1263 3198 tantis
1289 3141 1458 3199 illuminatur
1482 3141 1620 3198 lucernis!
1643 3146 1673 3196 51
1696 3145 1785 3196 15555·

11 3206 17 3284 f
95 3213 217 3274 extendi,
239 3219 329 3269 cutem
348 3213 493 3284 disrumpi,
511 3216 671 3285 sanguinem
695 3227 815 3281 manare,
832 3217 919 3284 pedes
959 3227 1019 3270 mus
1034 3218 1160 3273 55515555.
1181 3225 1299 3284 quorum
1320 3215 1467 3283 praesentia
1492 3211 1610 3269 feliciter
1624 3211 1684 3282 ipsa
1703 3211 1785 3268 floret

12 3287 14 3296 ’
96 3299 231 3354 carraque
250 3285 284 3340 51
308 3285 458 3342 naturalem
478 3285 569 3342 locum
593 3286 705 3351 redire;
730 3285 807 3342 illum
826 3291 917 3342 autem
959 3285 1100 3351 Ecclesia,
1122 3285 1183 3340 istis
1206 3285 1345 3340 tutoribus
1359 3285 1514 3355 protegitur
1529 3290 1624 3340 contra
1639 3287 1783 3339 ventorum

11 3359 14 3386 ‘
96 3370 150 3423 prm
170 3356 264 3412 nimiis
287 3357 419 3426 angustiis
438 3356 556 3428 fatigari,
581 3359 621 3413 ita
643 3365 673 3412 111
692 3370 762 3426 pene
777 3357 919 3414 videretur
959 3356 1048 3422 15155,
1073 3363 1101 3412 51
1129 3362 1321 3426 tempestatum
1345 3353 1468 3410 fulmina.
1497 3356 1561 3411 15115
1584 3353 1657 3410 enim
1682 3353 1784 3409 illumi·

11 3435 13 3500 j
95 3425 222 3483 15115555.
252 3428 370 3484 Tandem
406 3429 434 3482 in
467 3430 524 3484 suis
556 3433 665 3485 erectus
697 3428 829 3497 pedibus,
860 3429 915 3498 J'am
958 3427 1097 3492 nautibus,
1134 3427 1306 3496 repelluntur
1328 3425 1362 3481 ab
1390 3440 1423 3482 55
1450 3426 1627 3482 tenebrarum
1651 3423 1784 3496 caligines

11 3509 12 3532 1
95 3499 197 3555 5511155
220 3511 304 3569 egens
326 3497 492 3555 adminiculo
514 3498 548 3555 ad
572 3499 701 3556 feretrum
718 3499 806 3554 sancti
820 3513 916 3555 acces·
958 3503 987 3554 et
1005 3510 1153 3553 moerorum
1172 3498 1276 3553 nubila.
1302 3499 1372 3552 15155
1395 3496 1488 3567 itaque
1512 3496 1690 3562 honoremus,
1714 3495 1784 3552 istos

11 3579 13 3604 ὲ
95 3569 178 3626 5110
197 3569 362 3626 laudandum
382 3570 429 3626 liei
453 3568 575 3626 1555151
592 3585 609 3627 5
629 3569 834 3640 praedicandum
848 3584 915 3626 san·
957 3581 1119 3626 1555555155
1137 3569 1166 3624 15
1181 3569 1273 3636 terris,
1290 3573 1320 3624 51
1334 3570 1422 3624 555151
1437 3579 1574 3624 memores
1588 3580 1648 3623 esso
1663 3565 1781 3636 dignen·

11 3639 13 3724 ‘j
95 3641 131 3696 cti
158 3641 308 3698 meritum!
338 3643 490 3699 Praesentia
518 3642 645 3713 corporis
664 3643 723 3711 ejus
749 3641 860 3709 aberat,
887 3643 916 3697 et
958 3640 1049 3696 turin
1069 3638 1158 3696 coelis.

500 3905 561 4032 S.
607 3904 982 4034 GERALDI
1025 3903 1384 4032 ABBATIS

831 4115 1055 4206 5515555

200 4273 248 4336 De
263 4270 416 4358 precibus
430 4291 489 4358 pro
508 4270 667 4339 iratribus
687 4293 755 4338 suae
771 4272 1036 4358 congregationis
1052 4271 1171 4338 5151115
1185 4269 1245 4337 sibi
1261 4269 1495 4338 confoederatis
1509 4267 1678 4334 faciendis.

742 4420 853 4510 (Circa
874 4442 1001 4488 555515
1026 4421 1140 4510 1091.)

171 4586 250 4668 (bom
264 4585 398 4650 11155115..
416 4581 717 4652 115555151555151,
734 4585 800 4639 tom.
816 4581 837 4648 1,
854 4581 908 4637 551.
923 4580 976 4638 255
992 4581 1244 4655 51181115·115]5515
1263 4579 1401 4640 chartario
1415 4594 1464 4640 555
1479 4593 1513 4638 en
1526 4579 1713 4652 necrologio.)

134 4810 308 4879 cognoscant
326 4821 432 4875 omnes,
453 4813 506 4864 tam
527 4811 678 4876 presentes
692 4818 773 4876 quam
788 4804 1053 4867 subseeu-Dmissae
1079 4811 1107 4863 ot
1128 4804 1228 4878 uigiliae
1254 4811 1432 4864 mortuorum·
1453 4805 1636 4864 communiter
1663 4805 1786 4863 celebra·

101 4897 166 4964 turi,
182 4899 247 4968 quia
263 4911 314 4970 ego
328 4897 460 4955 Geraldus
474 4898 581 4955 Sanctae
600 4897 692 4952 llariae
710 4894 922 4966 Sylva-Maioris
962 4897 1083 4966 buntur;
1107 4897 1144 4953 115
1168 4897 1258 4954 551551
1282 4902 1312 4953 51
1331 4896 1438 4968 priores
1451 4901 1557 4966 septem
1571 4896 1662 4953 missae
1676 4894 1786 4966 511151-

100 4987 195 5054 abbas,
219 4989 343 5059 quamuis
366 4989 505 5060 indignus,
532 4986 642 5043 utilitati
662 4987 784 5043 uirorum
804 4991 831 5041 et
850 4997 923 5040 mor·
963 4987 1007 5044 liae
1021 4987 1192 5056 solemniter,
1204 4987 1321 5060 pulsatis
1332 4987 1419 5059 signis
1434 4985 1570 5054 omnibus,
1582 4985 1782 5057 persolvantur.

102 5080 212 5132 tuorum
236 5077 394 5143 consulens,
419 5075 557 5133 communi
587 5075 672 5131 totius
699 5072 922 5145 congregationis
964 5076 1142 5132 sacerdotum
1171 5076 1359 5147 unusquisque
1382 5080 1486 5145 septem
1506 5075 1603 5130 missas
1621 5073 1783 5144 perorabit;

101 5165 219 5223 consilio
237 5165 421 5232 515111111151,
442 5171 472 5221 51
485 5165 515 5222 15
529 5170 663 5221 aeternum
685 5169 805 5232 maneat,
823 5161 923 5218 litteris
964 5163 1011 5235 qul
1030 5165 1161 5221 sacerdos
1183 5178 1240 5222 nou
1262 5169 1314 5234 551,
1335 5164 1387 5221 1515
1406 5164 1550 5234 psalteria;
1567 5163 1614 5234 qui
1631 5163 1664 5219 ad
1685 5162 1785 5234 psalte·

101 5254 224 5311 mandari
244 5254 382 5326 praecepi,
407 5254 482 5324 quod
497 5254 520 5310 si
536 5254 598 5324 quis
612 5260 714 5310 5551515
729 5250 921 5324 congregatio·
964 5255 1033 5311 rium
1049 5255 1170 5311 nondum
1189 5257 1323 5327 peruenit,
1350 5269 1436 5326 usque
1459 5256 1493 5311 ad
1517 5254 1576 5310 dies
1596 5253 1706 5325 triginta
1725 5266 1787 5324 sep

102 5342 146 5400 nis
159 5343 309 5402 decesserit
332 5360 348 5401 a
367 5343 481 5410 saeculo,
505 5343 704 5414 nobiscumque
723 5343 847 5414 sepultus
861 5340 924 5397 fue·
964 5347 1018 5399 tem
1044 5344 1163 5414 psalmos
1187 5345 1311 5415 quotidie
1339 5344 1479 5412 mutabit,
1505 5342 1553 5414 qul
1577 5347 1666 5398 autem
1686 5341 1785 5409 nescit,

103 5432 149 5500 rit,
170 5448 256 5505 usque
275 5435 310 5491 51
325 5447 426 5490 55555
451 5433 529 5510 panis
543 5433 675 5489 5111555
691 5433 859 5504 pauperibus
873 5443 923 5502 pro
964 5437 1069 5503 septem
1094 5433 1218 5503 quotidie
1247 5436 1393 5499 Miserere,·
1423 5434 1470 5504 qui
1494 5446 1559 5490 1555
1579 5445 1630 5488 555
1649 5430 1785 5500 Miserere,

102 5535 136 5579 eo
156 5522 301 5591 tribuetur,
327 5529 460 5593 eiusque
484 5522 517 5578 ad
542 5521 654 5591 triginta
668 5521 728 5577 dies
748 5521 782 5577 ab
797 5519 923 5576 omnibus
964 5521 1067 5592 septies
1085 5523 1212 5580 similiter
1234 5525 1314 5580 Pater
1340 5527 1437 5579 555155.
1462 5519 1539 5590 Quod
1567 5521 1590 5577 si
1619 5519 1688 5576 iufra
1716 5519 1787 5577 duos
