4036 6162
250 243 305 316 ill
797 259 1399 320 mununrvunnvomususvscenmsr
1887 251 1943 313 sen

291 370 333 428 16.
352 371 426 446 (15.)
441 375 479 434 tte
493 376 526 411 '¹¹
545 385 707 453 tempestate
729 384 817 442 cnido
836 382 1298 459 archiepiscopus,AVerceliensis
1312 382 1470 455 episcopus,
1493 382 1536 440 vir
1559 381 1698 440 discretus
1721 385 1749 438 et
1775 379 1807 441 ln
1830 377 1941 436 mactis

253 470 336 529 quem
359 475 442 534 supra
464 471 686 541 commemoravi,
710 473 923 532 liediolanensis
950 473 1076 531 ecclesie
1115 472 1335 543 sapientissimus
1361 471 1473 542 divinis,
1500 471 1604 544 uirgam
1631 469 1660 528 iu
1685 469 1813 528 manibus
1841 473 1943 524 terrem

255 561 362 608 summo
382 566 444 609 cum
467 554 604 616 dedecore
626 561 783 619 cathedram
807 565 930 636 regebat.
945 563 996 634 Qui
1011 563 1075 619 dum
1116 559 1291 631 pastoralem,
1320 576 1381 620 sese
1400 565 1428 620 et
1445 573 1577 619 coronam
1606 559 1801 632 episcoporum
1830 557 1942 616 elevans

257 635 393 708 imprimis
422 642 619 704 clandestinam
661 654 850 720 tempestatem
889 652 1075 721 sacerdotum,
1115 663 1148 706 ac
1162 650 1193 706 in
1207 648 1278 708 iacie
1295 650 1428 710 Gnidonis
1442 649 1564 719 intuens,
1588 649 1710 708 lacrimis
1723 649 1759 706 ab
1773 649 1837 720 ejus
1851 645 1942 708 ocutis

257 725 377 786 culmine
400 731 442 787 sul
461 732 576 790 honoris
597 735 694 807 iretus,
719 741 921 811 parvipendens
947 742 1076 812 adjuvare
1116 737 1214 794 crebre
1227 739 1404 795 manantibus
1417 737 1514 795 dixit:
1720 799 1726 804 ,

257 828 305 892 eos
320 817 434 888 distulit,
451 824 626 891 postmodum
650 829 777 897 proximo
796 830 824 886 in
843 836 966 902 tempore
980 843 1077 887 consa·
1155 824 1196 882 17.
1215 825 1288 899 (id.)
1308 825 1460 884 ol³ater¹⁸⁸
1474 824 1589 882 amande
1608 830 1636 882 et
1650 837 1668 881 o
1681 822 1770 882 Guido
1785 817 1941 879 reverende

256 904 399 963 cerdotum
431 910 540 967 omissis
563 913 748 984 adminiculis,
773 932 824 975 nec
852 919 909 974 illis
930 918 1076 975 subvenire
1116 921 1175 972 et'o
1190 922 1283 972 rector
1305 913 1493 972 imbrosianae
1515 912 1641 972 ecclesie
1659 925 1742 985 super
1761 909 1943 984 quamplures

255 993 356 1062 potuit,
377 1009 428 1053 nec
442 1013 472 1056 se
495 999 624 1070 adiuvare
642 1006 771 1076 sataguit.
786 1009 853 1064 Nam
868 1006 1077 1065 liorlembaldus
1115 1004 1271 1062 venerande
1290 1011 1318 1062 et
1340 1019 1357 1062 o
1381 1005 1483 1063 cborus
1505 1001 1718 1060 Mediolanensis
1744 1015 1831 1072 svper
1844 1013 1943 1056 omnes

253 1080 404 1140 Laudullus
440 1092 469 1143 et
500 1090 637 1160 Arialdus,
681 1107 743 1150 eum
783 1095 958 1153 sacerdotum
984 1097 1076 1152 omnia
1116 1093 1218 1150 eleros
1244 1093 1346 1166 linguae
1369 1093 1474 1150 Latine
1492 1092 1621 1150 omnibus
1643 1091 1796 1150 instructus
1815 1087 1940 1146 divinis!

251 1167 369 1228 inissent
400 1181 483 1244 prout
510 1178 613 1238 veilent
640 1184 760 1254 negotia,
794 1186 941 1242 verbomm
967 1185 1076 1258 sagittis
1115 1184 1239 1255 quamvls
1266 1184 1399 1242 malorum
1433 1183 1597 1242 clericorum
1626 1195 1659 1240 ac
1690 1181 1791 1240 civium
1830 1185 1942 1236 tuorum

251 1260 364 1318 omnino
387 1266 518 1336 extensis,
544 1282 594 1339 per
618 1271 799 1330 Simonlacam
825 1275 977 1332 Gnidonem
996 1273 1075 1345 quasi
1115 1271 1182 1329 ialsa
1202 1273 1311 1344 justitia
1333 1271 1418 1330 modo
1446 1273 1606 1330 submersus
1629 1271 1679 1340 sis,
1707 1271 1756 1341 qul
1780 1268 1870 1326 untb
1888 1269 1943 1340 iam

250 1348 375 1420 episcopi
395 1352 424 1408 in
451 1356 559 1425 synodo
586 1359 761 1418 damnabant.
790 1364 964 1435 viapropter
986 1364 1075 1422 Guido
1114 1363 1194 1418 annis
1207 1362 1281 1419 inter
1300 1374 1396 1419 omnes
1419 1360 1548 1430 iiornistl,
1573 1357 1759 1418 recordamini
1773 1356 1852 1430 quod
1870 1356 1943 1412 ieri.

251 1443 410 1498 convocatis
424 1443 614 1518 suffraganeis,
631 1464 702 1521 quos
719 1451 822 1510 babere
838 1455 937 1523 potuit,
954 1458 985 1510 ut
998 1467 1076 1510 scam
1115 1454 1157 1506 tas
1185 1464 1234 1520 per
1252 1449 1421 1522 evangelium
1446 1448 1560 1506 cottidie
1588 1447 1710 1505 clamat:
1732 1464 1746 1498 n
1766 1445 1845 1502 Beati
1865 1444 1943 1502 eritis

252 1524 344 1583 duum
382 1531 478 1602 populi
515 1535 701 1595 Heriembaldi
742 1541 866 1598 bauddi
904 1547 932 1599 et
970 1541 1074 1600 amaldi
1114 1552 1176 1596 cum
1191 1553 1239 1596 vos
1254 1538 1364 1597 oderint
1383 1539 1528 1610 bomiues;
1545 1543 1573 1595 et
1593 1551 1655 1596 eum
1678 1535 1873 1608 separaverint
1895 1547 1942 1590 vos

253 1611 381 1672 adorsum
406 1618 460 1674 sibl
493 1621 637 1693 devitaret,
657 1627 801 1684 Novariam
829 1642 862 1685 ex
894 1629 1075 1686 concessione
1114 1635 1141 1684 et
1162 1628 1376 1700 exprobaverint
1398 1633 1427 1685 et
1451 1626 1585 1699 ejecerint
1604 1639 1705 1683 nomen
1723 1630 1846 1681 vestrum
1879 1629 1943 1679 tane

253 1700 401 1762 Alexandri
419 1710 576 1780 apostolici,
596 1727 677 1784 quem
699 1715 758 1785 ipse
772 1716 860 1774 Guido
875 1717 904 1774 in
918 1715 1197 1788 sacerdotiquuam
1226 1717 1327 1774 maium
1352 1721 1466 1788 propter
1489 1716 1588 1774 Filium
1611 1713 1741 1783 bominis,
1770 1711 1893 1786 gaudete
1916 1717 1941 1768 et

253 1802 472 1864 consecraverat,
493 1799 628 1869 synodum
645 1802 793 1862 celebravit
806 1804 966 1863 immensam
983 1805 1073 1878 (115).
1116 1804 1248 1880 exultate,
1263 1819 1329 1864 ecce
1343 1805 1416 1864 enim
1430 1818 1537 1863 merces
1558 1807 1649 1860 vestra
1669 1801 1783 1874 copiosa
1802 1799 1837 1832 '¹’
1856 1805 1901 1858 est
1914 1799 1939 1856 io

253 1878 305 1935 Ubi
330 1895 393 1937 eum
414 1887 473 1940 toto
497 1885 573 1944 clero
601 1903 652 1946 suo
673 1891 707 1948 de
731 1893 815 1949 tantis
835 1893 914 1952 malis
937 1897 1075 1966 mnusque
1115 1894 1194 1952 coelis
1210 1894 1287 1968 (Luc.
1312 1911 1351 1966 v1,
1374 1892 1436 1966 22).
1457 1913 1472 1948 e
1497 1895 1531 1952 Et
1552 1893 1676 1950 iterum:
1697 1909 1712 1946 u
1731 1890 1823 1948 Vestri
1847 1889 1940 1962 capilli

253 1965 379 2038 desidiis,
399 1985 461 2042 quae
475 1988 603 2045 superse
622 1984 650 2036 et
672 1994 756 2052 super
775 1981 877 2039 clerum
892 1997 972 2042 suum
985 1983 1076 2055 inopi·
1115 1983 1214 2055 capitis
1236 1997 1332 2041 omnes
1350 1983 1487 2041 numerati
1510 1986 1585 2040 sunt.
1608 1980 1699 2039 Nolite
1722 1981 1832 2047 timere,
1847 1978 1940 2036 mulus

254 2061 317 2113 nate
345 2063 374 2114 et
397 2059 672 2134 incompensabiliter
693 2075 920 2140 supervenerant,
935 2071 1076 2130 humiliter
1116 2073 1275 2144 passeribus
1288 2073 1418 2131 meliores
1441 2073 1509 2130 estis
1531 2085 1581 2129 vos
1597 2069 1704 2139 (liniti.
1720 2085 1749 2138 ι,
1761 2067 1818 2136 30).
1835 2069 1940 2125 »Sicut

253 2151 422 2216 conquestus
446 2157 498 2221 est,
524 2159 552 2209 et
575 2155 694 2225 qualiter
716 2157 772 2215 biis
790 2158 869 2217 maiis
891 2160 972 2218 inem
988 2160 1077 2232 impo-
1116 2161 1145 2218 ln
1160 2161 1301 2234 prosperis
1315 2161 1408 2219 ordini
1426 2167 1523 2218 nostro
1547 2172 1602 2217 non
1617 2160 1699 2217 datur
1716 2155 1843 2232 gloriari,
1857 2157 1899 2214 sic
1910 2157 1939 2214 iu

253 2239 361 2301 nerent,
391 2243 520 2306 precatus
542 2241 575 2275 ⁸⁸⁸
606 2249 658 2300 est.
688 2247 796 2304 interea
829 2260 925 2305 omnes
951 2247 1076 2321 episcopi
1116 2249 1239 2307 adversis
1252 2263 1309 2309 non
1327 2250 1440 2321 expedit
1461 2248 1635 2310 conturbari.
1658 2246 1736 2306 linde
1758 2246 1873 2316 sapiens
1886 2259 1942 2302 me

253 2321 386 2392 rogabant
408 2327 569 2386 sacerdotes
605 2331 834 2405 Mediolanenses,
863 2341 980 2393 etcum
1009 2336 1078 2408 ipsis
1116 2337 1203 2410 qister
1221 2338 1317 2397 dicem
1344 2339 1384 2395 ait
1400 2358 1406 2395 :
1425 2339 1510 2394 «Nec
1534 2349 1667 2409 prospera
1690 2341 1717 2393 te
1742 2335 1864 2404 elevent,
1890 2348 1940 2391 nec

253 2421 359 2469 summo
374 2426 436 2470 cum
455 2414 562 2475 bonore
577 2421 669 2490 quoad
689 2425 797 2493 juvaret
814 2423 857 2494 ⁸⁸⁸,
872 2425 975 2496 spretis
989 2425 1077 2483 omni·
1117 2427 1231 2484 adversa
1254 2429 1431 2485 conturbent.
1457 2445 1472 2480 n
1495 2429 1518 2484 0
1536 2425 1635 2483 iratres
1656 2429 1715 2483 eto
1739 2432 1834 2498 patres
1848 2423 1941 2479 laris—

253 2498 306 2554 bus
324 2499 431 2559 civibus
450 2504 663 2566 lledloiauensis
686 2512 814 2581 civitatis,
839 2514 982 2587 magnifice
1006 2515 1078 2571 vive
1096 2524 1101 2534 ’
1117 2517 1190 2586 simi,
1209 2517 1290 2575 decet
1304 2515 1617 2575 nosomniumildellum
1630 2515 1746 2582 animas,
1763 2513 1941 2587 quibuscum-

254 2592 326 2642 rent.
341 2588 392 2655 Qui
408 2601 568 2662 renuerunt,
585 2597 718 2655 malentes
732 2598 825 2658 domni
839 2616 897 2659 suae
911 2603 1076 2673 supplicium
1118 2621 1171 2679 qne
1194 2607 1352 2664 scismatum
1380 2607 1471 2664 causis
1495 2606 1611 2664 deviatae
1629 2605 1696 2674 sint,
1724 2605 1813 2662 multo
1840 2603 1941 2660 stidore

255 2688 337 2746 quam
365 2675 434 2734 ioris
461 2682 601 2751 gaudium.
628 2687 734 2754 Quibus
756 2687 813 2746 iere
840 2704 892 2761 per
918 2691 1076 2762 quindecim
1118 2696 1259 2766 multoque
1273 2696 1368 2753 labore
1393 2696 1428 2753 avi
1448 2700 1551 2752 sanetae
1579 2694 1710 2752 Ecclesiae
1723 2706 1858 2750 revocare
1871 2706 1942 2764 qra-

254 2762 315 2820 vlles
342 2771 585 2842 commorantibus,
614 2781 645 2830 ut
676 2784 755 2833 erant
783 2783 878 2837 mutuo
910 2779 1076 2846 consciliati,
1118 2785 1213 2852 mium,
1228 2790 1257 2842 et
1278 2792 1426 2851 revocatae,
1445 2798 1505 2841 cum
1530 2783 1599 2856 ipsis
1622 2783 1651 2840 in
1667 2785 1723 2840 lieo
1741 2782 1878 2856 pudere.
1897 2783 1942 2838 Sin

254 2852 407 2913 boncrlbee
421 2857 456 2914 ad
470 2859 610 2918 arialdum
639 2863 861 2924 llerlembaldum
875 2873 903 2925 et
916 2868 1077 2926 laudulfum
1118 2879 1210 2930 autem
1227 2873 1302 2945 ipsas
1320 2872 1377 2931 ullo
1401 2872 1483 2930 modo
1503 2885 1633 2930 revocare
1656 2885 1712 2929 nou
1740 2883 1903 2942 possumus,
1918 2873 1943 2925 et

255 2941 361 3014 legatos
393 2945 537 3019 miserunt,
565 2957 702 3020 quatenus
729 2955 783 3024 ipsi
815 2956 839 3012 si
875 2955 987 3026 vellent,
1017 2971 1078 3014 cum
1119 2966 1248 3034 querunt
1262 2975 1313 3020 uos
1336 2962 1431 3019 subtili
1445 2961 1591 3020 occasione
1610 2960 1788 3033 submergere
1802 2974 1836 3016 ac
1852 2959 1943 3016 omni

257 3032 352 3100 paucis
371 3032 554 3106 slnelmpetu,
567 3039 626 3096 sine
640 3039 746 3110 lurore,
757 3043 893 3101 slnebelli
907 3045 1077 3116 incursione,
1088 3035 1110 3096 G
1121 3051 1202 3109 modo
1217 3050 1352 3109 suilocaro
1371 3051 1472 3122 iniuste
1496 3056 1642 3118 conantur,
1665 3049 1800 3107 babemus
1815 3048 1944 3105 veritatis

258 3120 317 3176 sine
341 3120 568 3182 altercationibus
595 3128 674 3185 malis
701 3131 807 3202 synodo
836 3137 1027 3205 convenirent,
1051 3144 1079 3195 et
1119 3140 1290 3214 evangelium
1318 3140 1433 3198 cottidie
1461 3154 1512 3198 nos
1534 3139 1719 3206 admonentis,
1741 3138 1841 3196 dicens
1858 3159 1866 3194 ι
1883 3137 1943 3194 «θ’

205 3219 210 3226 ·
256 3207 490 3280 justitiaequam
513 3213 1081 3289 praitissaevisqueconeonooibusvln-
1119 3243 1168 3287 vos
1189 3230 1326 3302 persecuti
1350 3228 1453 3285 inerint
1475 3229 1504 3285 iu
1523 3241 1605 3285 unam
1629 3228 1778 3296 civitatem,
1804 3226 1943 3300 iuqiteiu

259 3295 353 3353 dicare
377 3308 539 3371 cernuntur,
559 3303 702 3364 humiliter
725 3322 757 3364 ac
780 3308 879 3368 devote
895 3311 1078 3382 declararent,
1119 3318 1199 3374 aliam
1218 3316 1313 3389 (ibid,
1338 3314 1430 3388 23).v›
1454 3317 1630 3385 inveritate,
1649 3321 1775 3387 opatres
1795 3313 1941 3382 karissimi,

259 3389 288 3441 et
319 3400 382 3457 quae
418 3387 634 3462 dampnandum,
673 3411 736 3454 cum
773 3399 880 3468 lustitia
917 3403 1081 3472 prescribe-
1120 3407 1304 3478 comperimus
1318 3406 1465 3462 Veritatem
1479 3404 1568 3477 ipsam
1582 3403 1764 3477 inevanqello
1778 3402 1940 3462 dicentem:

259 3480 322 3530 rent
335 3474 377 3531 ⁸¹¹.
393 3478 452 3534 iioc
466 3479 572 3550 andito,
597 3482 806 3544 ileriembaidus
827 3489 955 3547 Arialdus
970 3497 999 3549 et
1012 3494 1081 3549 Lan-
1121 3497 1211 3552 «Non
1227 3501 1269 3552 est
1283 3495 1419 3566 propbeta
1432 3497 1492 3551 sine
1506 3494 1624 3562 bonore,
1636 3492 1689 3550 nlsl
1704 3493 1733 3551 io
1747 3495 1839 3565 patria
1858 3507 1907 3550 sua
1916 3500 1940 3550 et

258 3563 351 3622 dullus
365 3565 550 3639 subridentes,
573 3573 686 3632 omnino
710 3575 765 3632 llils
787 3577 922 3637 interesse
941 3582 1081 3654 episcopis
1120 3586 1149 3643 in
1173 3583 1337 3658 cognatione
1359 3597 1409 3640 sua
1434 3582 1544 3655 (Metti.
1570 3598 1629 3651 xvm,
1655 3581 1718 3655 57).
1738 3601 1754 3636 u
1773 3583 1854 3640 livtltl
1872 3583 1939 3640 enim

259 3658 460 3728 respondentes
487 3670 649 3721 renuerunt.
666 3668 701 3721 itt
723 3666 887 3741 suffraganei
915 3684 1012 3728 omnes
1033 3685 1081 3729 co-
1121 3675 1221 3732 eivium
1243 3678 1396 3730 vestrorum
1420 3671 1487 3729 vitio
1511 3672 1701 3744 ypocritarum
1726 3670 1940 3736 detestabilium,

258 3751 425 3815 qnoscentes
439 3747 626 3808 llerlcmbaldi
647 3754 751 3812 Arlaidi
775 3764 803 3812 et
821 3758 945 3815 Landmil
958 3760 1081 3819 volunta-
1121 3760 1156 3817 de
1175 3761 1276 3833 quibus
1294 3761 1363 3818 dicit
1380 3761 1511 3817 Dominus
1534 3779 1549 3814 c
1569 3763 1606 3818 ve
1624 3759 1713 3828 vobis,
1733 3762 1882 3832 ypocritae,
1896 3759 1940 3830 qul

259 3838 325 3904 tem,
354 3835 383 3891 in
409 3836 506 3894 ultimo
535 3840 580 3897 die
608 3841 748 3901 celebrato
777 3847 922 3917 conscilio,
955 3850 1081 3908 videntes
1120 3850 1254 3907 seducitis
1281 3850 1385 3907 animas
1407 3849 1642 3918 innocentium»
1670 3848 1779 3906 seducti
1804 3855 1940 3920 quaerunt,

260 3921 382 3994 ingentia
419 3924 489 3981 mala
528 3941 612 3999 super
653 3933 895 4004 metropolitanum
928 3937 1080 3996 (luidonem
1120 3940 1193 3997 sicut
1215 3939 1353 3996 Christum
1376 3938 1514 4009 quondam
1536 3937 1635 4006 iudaei,
1664 3950 1713 3994 vos
1742 3938 1874 3994 mordere
1895 3951 1941 3994 ca-

261 4011 375 4082 eiusque
403 4015 563 4072 sacerdotes
586 4017 621 4074 de
645 4020 690 4077 die
715 4023 744 4078 iu
778 4023 850 4080 diem
879 4026 1079 4096 ingravescere,
1122 4042 1241 4099 numque
1260 4041 1337 4084 more
1351 4027 1494 4095 laceraro;
1510 4026 1560 4083 sed
1577 4041 1639 4084 cum
1657 4027 1791 4084 boninus
1805 4026 1835 4082 in
1849 4025 1940 4098 proxi·

261 4099 442 4170 dampnantes
463 4102 539 4174 ipsos
556 4119 706 4180 eorumque
721 4109 961 4186 iautorcsiiaqello
975 4116 1079 4187 divino,
1121 4130 1181 4174 mos
1194 4131 1243 4174 vos
1261 4117 1325 4189 ique
1343 4116 1387 4172 sui
1400 4115 1617 4187 Spiritussancti
1630 4115 1793 4184 vindicabit,
1809 4121 1838 4171 et
1852 4128 1941 4171 emor-

261 4202 406 4261 quousque
433 4191 467 4248 ad
498 4195 716 4256 emendationem
743 4201 853 4274 dignam
881 4204 1022 4264 bumiliter
1048 4223 1081 4266 ac
1121 4212 1184 4264 tuos
1207 4205 1285 4277 quasi
1309 4217 1392 4262 canes
1411 4206 1536 4275 jacentes
1554 4218 1605 4276 per
1628 4204 1732 4275 plateas
1754 4203 1897 4272 videbitis,
1915 4209 1940 4257 et

261 4277 359 4335 devote
374 4279 510 4350 venirent,
526 4295 637 4354 operam
652 4286 790 4347 dederunt
813 4291 937 4350 dicentes
958 4314 965 4350 ι
986 4297 1081 4353 «1111-
1122 4294 1285 4366 superstites
1299 4292 1410 4350 illorum
1433 4291 1511 4360 mala,
1528 4307 1590 4365 quae
1610 4293 1638 4348 in
1656 4292 1735 4350 vobis
1754 4291 1859 4364 injuste
1878 4290 1942 4348 tule-

260 4380 307 4423 ccs
321 4380 457 4426 moenum
472 4377 593 4430 etenses
607 4376 856 4450 sedisapostolicae
871 4383 982 4440 intortae
997 4360 1188 4456 superDrim,
1222 4383 1449 4450 recordabantur,
1489 4388 1631 4455 gementes
1667 4380 1751 4439 dicite
1775 4381 1846 4448 illis,
1875 4382 1941 4438 sicet

259 4456 386 4514 subditos
400 4459 519 4517 rebelles
533 4468 560 4518 et
576 4476 631 4521 non
647 4465 810 4525 obedientes
825 4470 956 4540 prelatis,
972 4480 1082 4544 aparte
1122 4472 1247 4530 cbristus
1259 4472 1398 4543 quondam
1414 4470 1523 4527 filiabus
1535 4469 1686 4527 Jerusalem
1702 4490 1709 4526 :
1726 4486 1742 4526 a
1764 4469 1844 4527 Filiae
1868 4471 1939 4533 Sion.

262 4547 311 4602 [tei
326 4551 354 4603 et
372 4547 446 4605 beati
460 4551 534 4606 Petri
555 4553 675 4622 apostoli
699 4561 726 4610 et
749 4557 831 4614 etlam
846 4559 919 4616 beati
932 4562 1080 4631 Ambrosii,
1123 4561 1208 4618 nolite
1231 4561 1297 4618 llere
1318 4574 1402 4631 super
1420 4573 1474 4630 me,
1494 4558 1543 4616 sed
1566 4573 1650 4630 super
1667 4572 1717 4616 vos
1734 4557 1800 4615 dete
1814 4565 1845 4616 et
1863 4571 1942 4629 snper

261 4635 351 4693 donec
365 4637 400 4694 ad
415 4638 634 4698 emendationem
648 4643 774 4702 venerint
788 4645 908 4718 dignam,
924 4649 980 4706 sint
997 4665 1082 4722 super
1122 4650 1194 4707 lilios
1212 4654 1319 4706 vestros
1339 4648 1416 4722 (Luc.
1441 4663 1519 4718 xxm,
1533 4645 1595 4720 28).
1612 4668 1625 4699 ι
1652 4649 1719 4705 cum
1737 4653 1831 4704 autem
1847 4647 1941 4704 multe

133 4803 137 4812 .
259 4737 471 4798 esseorumque
486 4727 619 4788 lautores.
641 4749 655 4785 u
674 4732 734 4801 Quo
753 4734 782 4791 in
797 4739 921 4807 tempore
935 4739 991 4795 Leo
1008 4738 1079 4812 (iiii)
1122 4752 1183 4796 rum
1201 4751 1296 4809 reqom
1316 4741 1345 4794 et
1367 4737 1468 4794 ducum
1487 4735 1623 4808 usquead
1637 4735 1666 4793 id
1680 4735 1940 4808 tempnsexarimo

932 4835 1044 4893 VARIAE
1062 4835 1255 4895 LECTIONES.

294 4910 327 4945 ¹⁸¹
347 4911 466 4968 iitalm:
481 4915 582 4986 incipit
595 4917 723 4975 conscilii
739 4923 819 4977 actus
836 4935 907 4993 quos
930 4923 1012 4982 wido
1036 4925 1108 4997 apud
1131 4924 1276 4983 Novariam
1300 4921 1394 4980 multis
1421 4935 1483 4979 cum
1509 4920 1690 4995 suffraganeis
1712 4920 1875 4978 celebravit.
1897 4921 1937 4978 Αἱ

258 4983 382 5066 Qualiter
398 4984 487 5067 (tuido
506 4987 741 5060 archiepiscopus,
766 4991 889 5050 bavarie
914 4996 1061 5053 concilium
1088 4996 1256 5069 provinciale
1274 5008 1311 5052 m.
1341 5008 1367 5052 c.
1395 5009 1420 5051 s.
1448 5007 1475 5050 c.
1503 4992 1563 5076 rell.
1614 4992 1647 5026 ¹⁸⁸
1674 4999 1873 5065 pertmctatum
1897 4991 1938 5072 Bt

258 5053 345 5113 “tec
358 5061 467 5126 conjece
495 5058 523 5112 V.
544 5057 584 5116 oi.
600 5060 765 5133 Grotesrcnd.
779 5065 974 5134 coadjuvarent
988 5068 1065 5125 codd.
1103 5068 1135 5100 ¹⁸⁸
1150 5066 1357 5139 perscriberent
1370 5066 1401 5122 it.
1446 5063 1480 5098 ⁸⁸⁶
1504 5062 1623 5122 indu:
1641 5065 1738 5123 Sermo
1761 5064 1865 5123 beonia
1884 5077 1938 5134 ⁶⁹¹·

259 5126 338 5199 scopi
352 5127 535 5186 vercellensis
547 5129 582 5186 ad
601 5132 737 5202 synodum
751 5135 957 5206 provincialem.
994 5137 1027 5172 '⁵’
1041 5137 1125 5197 multa
1140 5141 1172 5197 li.

1047 5237 1157 5294 NOTAE.

297 5310 376 5384 (115)
397 5314 436 5372 ite
461 5313 580 5374 concilio
603 5329 659 5442 qno
681 5316 809 5375 triaidm
823 5325 851 5377 et
865 5321 1014 5381 iandmius
1027 5338 1078 5382 ex·
1118 5338 1187 5398 pora
1213 5326 1345 5382 anostm
1367 5333 1448 5395 quam
1474 5321 1590 5380 maxime
1606 5319 1769 5380 conturbari
1789 5321 1846 5394 tam
1867 5316 1934 5376 vidi·

259 5385 453 5443 communicati
466 5392 541 5456 sunt,
561 5401 587 5444 a.
624 5387 679 5444 057
696 5389 739 5446 vel
761 5389 839 5446 1058.
854 5393 883 5448 in
906 5407 972 5467 aqro
987 5396 1078 5453 Nova·
1118 5411 1188 5454 mus.

258 5453 344 5511 riensi
375 5455 469 5514 habito
494 5472 520 5515 v.
549 5461 616 5516 bru.
649 5461 696 5529 iii,
725 5457 767 5518 13.
791 5461 913 5520 aterum
942 5467 1078 5536 ejusmodi
1157 5465 1182 5540 (1
1190 5465 1223 5522 io
1252 5467 1308 5523 beo
1332 5463 1480 5524 amdudum
1494 5467 1702 5524 monument
1715 5461 1934 5536 emanuelem

259 5521 383 5584 babitum
401 5541 473 5598 esse,
501 5528 612 5589 minium
640 5531 788 5591 verisimile
814 5531 933 5605 videtur,
961 5542 990 5596 et
1009 5543 1079 5600 tem·
1118 5539 1235 5598 verce·
1326 5542 1348 5594 t.
1483 5585 1496 5596 ,
1672 5583 1676 5594 .
