4024 6174
236 275 291 334 4³5
723 271 912 331 sumtuouot
932 265 1137 326 caussinum
1157 265 1438 324 coustlmmuusts
1845 273 1891 334 m

238 405 311 471 aaut,
321 401 432 474 tibique
446 401 538 460 locum
552 400 675 472 ejusdem
688 396 851 457 observandi
866 394 920 451 ilde
934 391 1293 464 pacequenprorlplentes,
1312 404 1345 448 ac
1359 391 1491 463 colloquii
1512 397 1621 465 pactum
1642 395 1789 454 Μήδεια
1800 397 1893 458 delusis

240 504 297 550 uon
311 491 375 550 fleta
394 492 589 549 concederent.
614 490 664 546 llic
689 487 810 556 denique
834 499 864 541 se
893 497 943 554 per
970 481 1063 539 omnia
1102 479 1182 537 bocci
1202 480 1364 550 pendentes,
1382 481 1482 539 iterum
1497 495 1621 540 rensuos
1634 486 1893 558 totonisuipsornoo

241 580 344 639 domno
360 593 439 652 pape
458 580 623 650 ceterisque
637 576 715 648 regui
728 573 907 646 optimatibus
920 575 1063 628 consenta-
1102 569 1243 626 minimum
1258 570 1407 628 seductiles
1420 573 1448 627 iu
1468 571 1593 630 eumdem
1618 573 1783 644 procinctum
1804 581 1895 632 matta·

241 683 323 728 neum
342 669 583 738 oboediturumque
610 667 639 722 iu
664 666 716 722 bac
744 677 806 734 quae
825 663 940 720 instaret
968 673 1061 726 causa,
1102 656 1159 723 bat,
1176 662 1204 714 et
1218 671 1266 714 eos
1280 658 1308 714 lu
1324 657 1353 715 id
1370 659 1460 729 ipsum
1482 673 1558 718 more
1579 660 1660 718 solito
1679 661 1821 720 tantotiens
1833 665 1896 734 peje-

241 757 395 816 llrmbsime
423 757 538 814 multum
566 769 627 812 cum
650 754 708 810 suis
731 751 858 809 omnibus
876 748 1061 808 collaudabat.
1103 751 1178 802 ratos
1201 747 1363 804 examussim
1387 747 1541 818 adjurabat.
1566 749 1658 822 legati
1680 765 1744 807 vero
1770 752 1896 822 apostolici

241 847 270 905 st
297 853 388 904 auum
411 845 438 904 id
458 851 634 902 contumaces
652 839 815 907 refutarent,
843 853 873 896 se
892 838 933 896 eis
954 837 1062 894 bostem
1102 834 1147 892 bis
1174 836 1302 908 negotiis,
1322 841 1353 894 ut
1370 837 1457 904 aiunt,
1477 852 1510 894 ac
1537 837 1562 895 si
1589 839 1667 896 iuviti
1692 840 1896 908 intermanentes,

243 935 298 992 beo
313 934 481 1006 propitiante
494 931 658 988 acerrimum
670 929 754 986 armis
765 939 977 1000 congressurum
991 929 1063 980 et⁴ut
1103 925 1213 982 taudem
1228 925 1370 996 magnifice
1384 925 1478 984 donati
1492 929 1617 995 llontam,
1633 932 1675 984 set
1692 941 1747 984 uon
1764 929 1846 995 slvnnl,
1862 929 1898 984 iu·

242 1021 271 1080 iu
286 1023 362 1094 pacis
379 1020 534 1091 aclustitiae
548 1017 765 1076 anathematicos
779 1015 978 1084 induratosque
996 1025 1063 1070 con·
1103 1011 1183 1071 fectis
1201 1027 1252 1085 pro
1278 1014 1378 1084 quibus
1405 1015 1481 1072 missi
1508 1014 1617 1072 fueraut
1641 1016 1775 1083 omnibus,
1797 1016 1899 1088 regressi

242 1117 393 1182 temptores
411 1107 576 1179 oportuerit,
591 1121 622 1164 se
646 1108 675 1164 lu
694 1103 827 1164 illisione
850 1103 1062 1169 vindicaturum,
1104 1107 1177 1158 suut.
1192 1104 1313 1171 Quorum
1327 1101 1406 1170 alter,
1421 1103 1529 1160 scilieet
1546 1103 1701 1172 Paduanus,
1725 1104 1805 1164 untia
1820 1118 1900 1162 uuus·

243 1199 354 1257 minime
369 1197 537 1256 dubitarent.
1104 1190 1181 1248 ribus
1195 1196 1352 1263 corruptus,
1369 1204 1430 1248 cum
1449 1191 1483 1248 ad
1506 1193 1636 1249 domuum
1655 1191 1829 1264 apostolicum
1848 1207 1900 1264 per-

278 1287 327 1346 llis
341 1286 451 1354 auditis,
472 1291 583 1357 tamque
596 1285 657 1355 ejus
671 1281 851 1341 inmanissimi
865 1280 936 1338 etin
950 1293 981 1338 se
995 1278 1064 1337 effe·
1104 1279 1219 1337 ildfosus
1231 1281 1365 1351 ypocrita,
1381 1280 1546 1353 collegatum
1564 1296 1644 1338 suum
1667 1281 1813 1354 simplicem
1832 1282 1901 1338 nimis

242 1377 294 1442 rati
309 1376 447 1434 exercitus
460 1374 623 1432 cohortibus
637 1372 889 1445 perexploratores
903 1381 969 1428 suos
984 1369 1065 1426 nimis
1104 1374 1284 1439 sanctumque
1305 1369 1402 1437 virum,
1423 1369 1464 1426 cis
1489 1370 1572 1441 alpes
1594 1370 1722 1428 relictum
1743 1375 1900 1443 prevenerat,

242 1465 434 1526 indubitanter
459 1463 620 1534 compertis,
653 1473 709 1519 nou
738 1473 834 1532 parum
861 1459 973 1530 quidem
1001 1470 1064 1514 cum
1105 1456 1262 1514 multifariis
1280 1455 1471 1528 figmentorum
1494 1459 1610 1531 argutiis
1628 1472 1661 1516 ac
1684 1460 1820 1530 responsis
1835 1459 1903 1515 mira·

242 1553 309 1612 belli
328 1552 469 1621 instantia,
488 1557 546 1608 tuta
564 1551 707 1622 injustitie
727 1546 1018 1606 excommunicationis
1036 1549 1065 1602 et
1105 1545 1199 1604 biliter
1217 1546 1378 1615 instructus,
1408 1559 1464 1604 ueu
1482 1548 1571 1605 solum
1599 1548 1693 1606 obiter
1714 1547 1901 1619 longobardos,

243 1640 451 1700 inobedientiae
479 1654 536 1696 suae
564 1637 736 1696 contuentia
757 1637 789 1670 ⁸⁰⁸
808 1635 959 1708 perterriti,
979 1635 1066 1691 domi·
1106 1636 1244 1692 Romanos
1262 1634 1354 1700 etiam,
1384 1640 1427 1692 set
1454 1641 1482 1692 et
1504 1637 1594 1706 ipsum
1613 1651 1711 1708 papam
1734 1636 1862 1707 decipere,
1878 1649 1903 1690 ac

243 1743 308 1786 num
327 1742 416 1796 suum,
438 1726 561 1798 quamvis
578 1727 724 1784 lacrimoso
744 1725 846 1797 ejulatu
870 1724 918 1783 diu
937 1704 1237 1781 multum-Bucinum
1255 1736 1306 1780 suo
1330 1722 1566 1794 qualitercumque
1590 1725 1762 1810 complacare
1782 1722 1905 1781 studiosit-

243 1831 298 1890 que
313 1815 531 1888 pertinacissime
550 1815 741 1884 reluctantem,
761 1815 795 1872 ad
819 1814 872 1872 boc
895 1814 1067 1885 constringe·
1106 1811 1193 1868 simus
1206 1811 1334 1869 intendit
1351 1812 1534 1870 Humillimam
1548 1827 1598 1884 per
1617 1815 1710 1871 omnia
1732 1812 1904 1871 obedientiam

243 1907 320 1975 bant,
336 1912 366 1963 ut
381 1906 526 1964 imminens
540 1904 692 1976 periculum
704 1906 781 1975 juxta
795 1901 942 1962 consilium
956 1901 1066 1959 illorum
1107 1900 1171 1971 ipsi,
1186 1914 1248 1958 cum
1263 1898 1364 1971 quibus
1382 1901 1538 1972 excogitare
1560 1901 1596 1958 de
1622 1907 1725 1960 caetero
1739 1906 1827 1974 posset
1842 1899 1905 1957 obst·

243 1995 404 2063 dissolvere,
433 2007 518 2066 seque
550 1995 585 2050 ab
603 1993 647 2049 bis
665 1993 766 2064 quibus
784 1993 915 2064 congredi
935 2005 967 2048 ac
986 2005 1068 2062 repu-
1108 1988 1235 2060 quiorum
1251 1989 1394 2058 promissis
1408 1989 1545 2056 omnibus,
1561 2003 1596 2046 ex
1614 1998 1695 2060 parte
1709 1989 1824 2048 lleiurici
1841 2002 1906 2060 pseu·

243 2097 328 2156 gnare
347 2097 403 2141 nou
422 2081 570 2149 suffceret,
591 2095 704 2153 quoquo
719 2081 801 2138 modo
817 2081 934 2138 liberare
949 2093 1005 2136 non
1019 2080 1068 2136 de·
1108 2076 1252 2148 delegatus
1265 2078 1439 2148 apportavit,
1452 2082 1480 2135 et
1494 2079 1547 2136 boc
1566 2079 1594 2135 in
1610 2079 1751 2151 colloquio
1765 2085 1792 2136 et
1804 2079 1830 2134 in
1842 2081 1907 2134 cete
1983 2151 1984 2159 ἵ

244 2177 385 2232 trectaret.
418 2173 522 2229 iustam
555 2184 673 2241 namque
706 2183 815 2226 causam
849 2183 914 2226 ase
946 2170 1068 2226 mannes
1108 2165 1166 2230 ris,
1204 2179 1254 2236 pro
1285 2166 1387 2236 quibus
1418 2181 1447 2224 se
1485 2167 1558 2224 ultra
1591 2173 1701 2226 montes
1736 2166 1906 2229 transmiserit,
1983 2170 1984 2198 l

243 2273 305 2318 cum
331 2259 444 2317 domiuo
468 2272 519 2314 suo
538 2257 725 2328 expostulare,
744 2257 927 2328 sequestratis
954 2257 988 2312 ab
1013 2256 1067 2313 boc
1109 2259 1241 2327 quantum
1260 2255 1386 2314 edilium
1404 2257 1587 2314 observantiis
1605 2254 1907 2330 satisprobatunfuistt

241 2360 369 2405 sermone
388 2347 529 2418 episcopis
550 2347 609 2403 suis
633 2347 751 2412 cuncos,
777 2346 944 2402 unanimiter
962 2357 1069 2401 amere-
1111 2344 1268 2400 ostentavit.
1288 2345 1354 2400 cum
1377 2350 1468 2400 autem
1491 2349 1567 2402 tanta
1589 2344 1793 2404 inverecundus
1815 2343 1908 2401 audacia

245 2437 322 2496 bant.
344 2435 386 2493 llli
406 2435 508 2506 quippe
523 2435 616 2506 lingua
630 2440 735 2492 tantum
751 2448 899 2506 pugnaces,
921 2434 998 2504 ipsos
1011 2447 1069 2490 rem
1111 2434 1166 2486 mm
1181 2431 1406 2488 mendosissimus
1421 2432 1520 2502 passim
1540 2446 1602 2490 cum
1621 2434 1682 2490 suis
1696 2430 1910 2492 commendacibus

249 2525 347 2584 mortis
359 2523 459 2595 gladiis
473 2523 592 2594 experiri
609 2522 739 2580 indefessi
755 2536 865 2594 semper
878 2527 906 2578 et
929 2522 1070 2593 inportuni
1112 2531 1208 2578 omues
1235 2519 1415 2588 pertinaciter
1437 2519 1569 2578 deludere
1591 2534 1650 2578 uon
1674 2527 1801 2589 cessaret,
1820 2517 1910 2592 quidam

251 2613 428 2685 instigabant,
449 2625 508 2669 eam
522 2626 586 2682 qua
604 2611 638 2668 ab
661 2612 705 2668 bis
723 2625 834 2684 egressa
853 2617 881 2668 et
899 2611 1007 2668 initiata
1029 2617 1072 2670 est
1113 2611 1198 2668 frater
1214 2607 1336 2682 (210),a
1355 2623 1419 2680 rege
1442 2609 1580 2666 Roudolfo
1604 2611 1720 2682 suisque
1741 2607 1911 2668 mnsenunels

252 2708 307 2760 tam
326 2701 462 2758 inmanem
481 2706 583 2758 sanotae
612 2699 746 2757 ecclesia
770 2700 902 2772 regnique
922 2701 1007 2756 totius
1025 2701 1073 2757 de·
1113 2699 1160 2771 qui
1175 2698 1352 2756 ilucmissus
1371 2697 1444 2754 bunc
1459 2705 1639 2768 praevenerat,
1664 2700 1732 2756 satis
1753 2713 1832 2770 super
1852 2696 1910 2753 illiue

249 2788 596 2857 solationem,dtscordtam
607 2795 635 2846 et
645 2789 816 2860 iniquitatem
828 2790 869 2846 sic
879 2789 1073 2846 miserabiliter
1113 2802 1170 2846 non
1184 2785 1324 2844 sufficiens
1339 2787 1481 2856 permirari
1496 2787 1686 2858 inpudentiam
1701 2789 1786 2859 palam
1800 2786 1911 2844 menden-

250 2879 322 2936 tueri
337 2891 370 2936 ac
388 2877 571 2935 corroborare
590 2877 769 2948 perditissimi
793 2877 859 2934 satis
873 2877 1071 2934 existimantes.
1114 2878 1161 2945 tis,
1184 2891 1215 2933 ac
1240 2881 1281 2934 tot
1301 2882 1447 2947 tantosque
1470 2877 1528 2934 suis
1555 2876 1723 2936 falsitatibus
1741 2875 1910 2940 dementantis,

249 2969 307 3024 llec
320 2980 407 3034 mora,
424 2965 521 3037 legatis
539 2965 700 3037 apostolicis
713 2965 748 3022 ad
762 2979 791 3022 se
806 2967 919 3032 vocatis,
935 2969 994 3022 toto
1010 2966 1071 3022 uisu
1117 2966 1143 3022 ei
1161 2979 1255 3022 coram
1274 2965 1376 3022 domuo
1400 2978 1469 3035 papa
1493 2965 1659 3036 ceterisque
1682 2965 1808 3025 Romanis
1828 2965 1853 3020 iu
1869 2975 1912 3019 ue

249 3053 279 3111 td
294 3067 356 3110 cum
375 3053 430 3110 illis
444 3053 605 3120 actitabant,
624 3058 655 3108 ut
673 3054 724 3109 sub
749 3053 929 3110 anathematis
954 3054 1071 3113 articulo
1082 3033 1103 3092 (ἶ
1114 3055 1188 3110 dium
1208 3053 1338 3120 adducto,
1354 3052 1383 3108 iu
1402 3051 1497 3110 faciem
1517 3054 1596 3111 testis
1614 3055 1740 3112 veritatis
1757 3051 1911 3112 conudeutta

250 3141 396 3211 utriusque
410 3140 496 3211 partis
510 3140 585 3196 acies
598 3140 829 3198 indissolubiliter
838 3142 1070 3213 constringerent,
1112 3143 1198 3198 simus
1211 3142 1331 3207 restitit;
1362 3155 1506 3212 quousque
1529 3141 1604 3198 illum
1631 3157 1695 3200 cum
1719 3144 1776 3202 suis
1797 3139 1910 3214 figmentis

252 3241 288 3286 oe
306 3229 334 3288 in
354 3241 384 3284 se
399 3227 560 3284 alterutrum
584 3226 659 3285 bello
681 3234 890 3298 consurgerent,
915 3236 957 3286 set
980 3231 1072 3300 potius
1113 3229 1241 3288 omnibus
1268 3229 1454 3302 inrefragabili
1479 3230 1585 3288 ratione
1613 3232 1744 3301 evictum,
1768 3229 1909 3290 corisum

252 3331 320 3388 pace
334 3316 369 3374 ad
383 3316 500 3374 invicem
520 3316 711 3384 oonioederati,
731 3331 781 3388 pro
801 3319 913 3374 instanti
939 3333 1020 3376 causa
1043 3320 1071 3374 lu
1113 3317 1313 3388 confusumque
1328 3317 1415 3388 palam
1432 3319 1559 3376 omuibus
1572 3322 1731 3379 ostentavit.
1746 3321 1845 3390 Quippe
1864 3327 1911 3372 cun

252 3406 329 3462 brevi
359 3404 528 3475 colloquium
553 3410 648 3477 utpote
675 3407 753 3477 regni
777 3406 1023 3472 subministeriales
1046 3413 1074 3464 et
1114 3407 1163 3466 illo
1178 3408 1282 3479 pariter
1296 3408 1325 3464 in
1339 3408 1557 3466 llltramontauis
1570 3411 1660 3480 gestis
1674 3410 1749 3469 illius
1773 3423 1803 3466 ac
1816 3403 1913 3477 negotiis
1983 3469 1984 3477 ἵ

253 3494 471 3564 communicipes
492 3493 645 3550 conderent
660 3493 701 3561 ⁸⁰⁹,
718 3498 747 3551 et
764 3509 815 3565 per
839 3497 985 3566 optimates
1003 3510 1073 3568 quos
1115 3495 1275 3554 multotiens
1293 3501 1340 3552 aut
1353 3496 1413 3566 ipse
1426 3502 1622 3564 commoratus,
1634 3505 1686 3556 aut
1709 3514 1725 3556 a
1742 3497 1862 3556 veridicis
1878 3505 1913 3550 co

252 3583 288 3641 ad
303 3583 357 3642 boc
371 3582 514 3654 eligerent,
530 3582 599 3638 tanti
623 3596 734 3639 causam
758 3583 866 3640 dissidii
887 3585 969 3655 justae
992 3586 1075 3645 ratio·
1112 3585 1270 3656 gnitoribus
1301 3597 1359 3640 rem
1392 3589 1476 3641 totam
1508 3584 1681 3654 exploratam
1709 3587 1762 3644 sibi
1789 3585 1914 3655 diligenter
1983 3629 1984 3654 ,

60 3689 63 3697 ·
179 3716 181 3724 .
253 3671 298 3730 nis
317 3683 433 3728 censura
447 3684 614 3741 componere
633 3677 858 3742 pertemptarent.
878 3673 919 3729 nd
938 3674 998 3732 ltaec
1017 3675 1075 3745 qui·
1115 3673 1308 3731 enarrantibus
1326 3672 1451 3740 edoctus,
1467 3677 1544 3730 moto
1559 3675 1740 3732 testimoniali
1757 3674 1831 3732 illum
1847 3667 1914 3728 refel-

254 3758 317 3819 davu
332 3774 365 3816 ex
384 3767 462 3830 parte
480 3759 602 3816 lleiurici
618 3760 700 3831 regis,
726 3774 794 3830 pace
817 3775 832 3816 a
855 3761 1008 3820 monibus
1033 3777 1079 3818 ae·
1115 3762 1199 3830 lebat,
1216 3767 1319 3834 quanto
1335 3775 1396 3818 eum
1411 3763 1446 3819 de
1469 3762 1605 3819 univorsis
1627 3764 1668 3820 nil
1695 3777 1805 3836 prorsus
1821 3759 1913 3818 latebat.
1983 3779 1984 3826 t

255 3853 335 3918 cepta
353 3849 529 3918 vicissimque
547 3848 621 3914 data,
637 3847 752 3904 eandem
770 3863 879 3906 causam
899 3856 953 3906 tam
973 3851 1075 3908 obnixe
1115 3852 1215 3922 Sicque
1238 3865 1254 3906 a
1272 3850 1374 3908 domno
1398 3864 1468 3922 papa
1484 3851 1635 3922 justissime
1658 3853 1815 3926 profanatus
1835 3856 1860 3907 et
1881 3846 1916 3903 ab

256 3937 321 3994 serit
337 3936 472 4006 pacifique
487 3936 654 3994 mediatores
672 3951 734 3993 cum
753 3937 794 3994 eis
808 3938 971 4006 tractabant,
987 3940 1076 3997 donec
1116 3939 1261 4006 alienatus,
1294 3939 1405 3995 donnum
1438 3940 1629 3998 moestissimus
1659 3955 1723 4000 cum
1752 3955 1804 4000 ooo
1822 3937 1914 3996 minino

255 4023 291 4082 ab
310 4025 434 4094 utrisque
448 4025 483 4080 ad
498 4025 551 4080 boc
575 4024 778 4082 laudamentum
798 4033 958 4097 perventum
972 4035 1024 4097 est,
1046 4035 1077 4086 ut
1117 4027 1254 4086 dedecore
1269 4029 1429 4086 returnavit.

257 4126 317 4170 eam
336 4117 452 4183 padam,
467 4125 549 4182 quam
563 4112 591 4168 iu
607 4112 758 4184 colloquio,
779 4115 853 4184 quod
869 4115 909 4171 eis
922 4115 1076 4187 apostolico
1152 4117 1256 4173 bebiuc
1270 4115 1361 4174 missis
1379 4116 1479 4175 litteris
1494 4132 1591 4189 papam
1606 4120 1720 4178 Petrum
1734 4120 1806 4178 itlius
1819 4115 1917 4184 college

257 4200 392 4260 indictum
420 4199 471 4257 fuit
499 4207 649 4272 praecepto,
676 4204 776 4272 justam
800 4202 858 4260 lore
883 4203 1075 4273 decernerent,
1119 4210 1177 4262 tum
1191 4205 1225 4261 ed
1240 4205 1333 4262 sedem
1347 4206 1527 4277 apostolicam
1546 4209 1709 4278 quantotius
1732 4209 1918 4276 mdlrepracc

256 4303 319 4348 sose
337 4303 434 4350 omnes
448 4289 613 4346 unanimiter
631 4291 834 4348 contraherent.
1119 4295 1169 4366 pit.
1189 4295 1241 4362 Qui
1269 4295 1354 4365 iussis
1381 4295 1543 4364 obaudiens,
1568 4297 1641 4354 sicut
1661 4298 1709 4356 ille
1728 4295 1877 4360 mendaciis,
1889 4291 1919 4348 itt

294 4380 352 4438 iloc
365 4379 442 4450 quasi
456 4379 570 4436 bononis
589 4377 747 4437 defensorio
771 4379 891 4450 quodam
915 4343 1172 4453 argumentoniste
1186 4382 1251 4440 fidei
1262 4397 1295 4439 ae
1312 4384 1436 4440 veritatis
1454 4384 1627 4454 plenitudiue
1649 4386 1857 4451 testimoniatus,
1878 4381 1919 4438 lto

256 4484 319 4528 sese
350 4469 498 4526 artificiose
527 4469 676 4525 liberantes
703 4469 866 4536 saxonibus,
896 4470 943 4540 qui
969 4479 1078 4539 pactum
1120 4485 1190 4530 mam
1215 4485 1292 4528 suam
1320 4471 1471 4530 bonoritlce
1499 4473 1642 4541 reviserat,
1668 4479 1808 4546 totamque
1831 4469 1920 4528 inobm

258 4559 334 4632 pacis
352 4560 429 4630 prius
443 4557 506 4615 duri
521 4571 634 4628 prorsus
652 4558 830 4629 respuebant,
847 4566 912 4616 tuuc
924 4561 1079 4632 gratissima
1120 4560 1261 4630 dieutiatu,
1286 4559 1428 4628 falsitates,
1459 4559 1551 4632 dolos,
1575 4563 1714 4620 inauditas
1736 4561 1879 4626 vecordias,
1899 4559 1920 4611 tf

256 4648 346 4720 ipsius
363 4647 545 4718 opitulatione
563 4647 734 4714 communiti,
751 4647 841 4719 fugaci
855 4648 900 4704 vix
922 4650 1078 4708 reversione
1120 4649 1252 4722 quioquid
1285 4652 1341 4708 beo
1370 4650 1540 4723 iustitiaque
1563 4658 1711 4725 repugnat,
1736 4654 1770 4710 de
1797 4645 1920 4723 tyrannide

257 4737 323 4796 inde
341 4751 404 4796 cum
422 4751 487 4809 rege
506 4750 557 4794 suo
572 4734 678 4794 confusi
698 4737 776 4794 valde
795 4735 984 4794 discedebant.
1001 4739 1078 4806 Quod
1121 4739 1242 4796 lleiurici
1257 4738 1358 4796 domno
1375 4752 1453 4810 papae
1467 4739 1636 4810 reportabat.
1656 4741 1709 4810 Qui
1726 4740 1832 4800 andern
1853 4733 1922 4792 verit·

259 4825 288 4882 io
307 4825 403 4895 primis
433 4839 550 4897 namque
578 4838 635 4884 nou
662 4824 770 4884 modica
799 4825 985 4896 baioariorum
1005 4841 1078 4898 pars,
1121 4826 1189 4884 sime
1203 4827 1354 4900 legatorum
1369 4841 1481 4885 suornm
1495 4829 1582 4900 gestis
1596 4831 1757 4900 compertis,
1773 4825 1852 4888 uicbil
1865 4823 1922 4880 ulftt

258 4913 319 4976 ufto
350 4915 485 4974 &toules
518 4915 662 4986 procinctu
694 4913 893 4985 obstupefacta,
927 4914 1078 4987 inceperat,
1121 4916 1157 4974 de
1175 4917 1305 4976 Heinrico
1319 4916 1475 4976 sciscitatus
1489 4922 1550 4974 est:
1566 4922 1609 4976 set
1623 4923 1715 4976 umen
1730 4917 1786 4991 regi
1805 4907 1923 4974 Roudolio

261 5003 395 5075 deinceps
411 5009 469 5062 tota
495 5003 600 5076 pariter
621 5010 774 5062 castrorum
802 5004 889 5062 series
912 5004 1080 5064 tumultuose
1121 5005 1289 5076 ceterisque
1311 5007 1370 5064 attis
1396 5007 1599 5076 tomeriensis,
1624 5007 1718 5070 missis
1742 5005 1838 5068 botru
1862 4997 1926 5070 (2¹¹)

261 5091 377 5150 multum
395 5097 550 5164 peregerat.
578 5092 623 5150 Sic
650 5107 681 5150 se
707 5093 818 5152 domum
845 5093 1081 5171 qualitercumque
1122 5093 1305 5162 demandavit,
1321 5107 1351 5150 se
1370 5106 1426 5151 non
1445 5107 1540 5165 parum
1565 5094 1679 5153 moleste
1704 5094 1776 5152 ferre
1797 5087 1925 5164 legationis

935 5235 1048 5296 illim
1070 5233 1264 5296 LibellOlllis.

297 5345 330 5380 ⁸⁸⁸
343 5348 514 5408 conscientie
525 5349 552 5408 2.
591 5349 623 5384 ⁸⁶·
639 5351 785 5410 condirent
798 5351 827 5409 2.
842 5351 1023 5412 condicerent
1041 5353 1085 5410 ed.

302 5551 374 5626 tato)
392 5554 452 5626 lpse
470 5554 657 5616 Bertboldust
1048 5469 1156 5530 Nom
1188 5554 1262 5628 tait)
1281 5535 1370 5614 llodie
1384 5567 1441 5614 non
1457 5557 1576 5613 emtam.
