4024 6174
237 271 291 328 sss
767 285 935 342 33333333
952 286 1086 344 onumen
1106 286 1403 344 ulonueuncnusrs
1519 255 1522 264 ’
1851 293 1894 346 aro

238 409 311 454 anuo
339 398 448 456 Domini
480 399 557 469 3080,
582 401 599 457 d
627 404 741 461 llaleud.
771 407 913 477 Februar,
941 408 1008 466 33333
1031 409 1260 470 3333333333.
1280 410 1450 480 Quicumque
1464 416 1555 465 antem
1571 409 1630 466 bec
1646 419 1735 470 nostra
1748 420 1837 472 3333333
1850 417 1895 472 3333

278 485 328 540 118
337 485 379 542 iii.
391 489 454 558 lpso
465 489 520 561 (te)
534 506 606 549 anno
616 493 735 550 domnus
748 496 917 566 apostolicus
931 498 960 553 iu
972 498 1061 556 tneo·
1104 501 1317 570 presumptione
1336 498 1438 556 violare
1460 499 1645 570 temptaverit,
1660 501 1827 558 anathematis
1844 520 1894 561 333

240 575 348 632 3333333
371 583 464 648 333333
478 593 494 634 3
508 581 607 639 sinodo
625 583 679 654 (50)
695 585 846 652 subjectam
865 587 939 644 misit
954 591 1060 658 episto·
1102 589 1211 645 vinculo
1225 588 1351 660 ligamus,
1363 594 1391 644 et
1401 601 1456 644 uon
1471 587 1560 644 solum
1571 589 1599 644 iu
1610 588 1718 658 spiritu,
1728 605 1814 647 33333
1826 594 1894 650 etiam

240 665 363 723 lam¹⁷⁸2
381 669 558 740 «Gregorius
581 672 728 743 episcopus
742 673 773 705 ⁸⁷⁸
801 690 896 733 333333
920 692 1060 734 33333333
1102 676 1173 734 eti’⁰
1191 677 1219 733 33
1240 690 1358 747 3333333
1373 683 1400 732 33
1419 677 1447 732 33
1468 677 1542 732 33333
1562 678 1740 747 prosperitate
1759 680 1831 749 bajus
1844 681 1895 738 3333

241 757 299 824 033,
316 757 444 814 omnibus
470 759 687 832 archiepiscopis
710 771 737 820 ct
761 766 901 838 episcopis
923 767 951 823 in
974 769 1062 824 l'beu·
1102 765 1896 836 apostolicaauctoritateinnodamus,etrictoriaminarmis

242 845 335 902 tonico
355 852 437 917 atque
460 849 489 903 in
513 849 647 907 Santonico
667 866 752 923 reguo
772 857 1009 913 commanentibus
1018 857 1061 922 ⁸⁸⁰,
1103 854 1260 922 auferimus,
1273 863 1303 911 ut
1316 856 1356 911 sic
1371 855 1467 910 saltem
1482 854 1685 912 contundantur
1699 863 1726 912 et
1740 856 1834 927 duplici
1843 872 1896 914 con·

241 933 423 1005 omnibusque
443 938 624 1008 principibus,
644 942 753 998 cunctis
771 945 852 1000 33333
872 946 1021 1017 nlaioribus
1030 945 1060 978 ⁸⁸²
1104 945 1216 1002 tritione
1235 949 1422 1001 conterantur.
1441 963 1455 996 n
1829 958 1832 965 ¹

241 1028 324 1093 atque
351 1025 514 1094 minoribns,
541 1029 588 1097 qui
608 1043 663 1086 nou
691 1038 756 1087 sunt
783 1035 1010 1091 excommunicati
1035 1043 1063 1092 et
1142 1033 1201 1088 lla.
1222 1035 1289 1089 ltem
1308 1033 1426 1089 domnus
1453 1046 1523 1103 papa
1553 1033 1610 1103 regi
1626 1031 1741 1090 Rodullo
1757 1053 1763 1087 :
1779 1055 1792 1082 o
1810 1036 1897 1105 Grego-

241 1110 366 1169 oboedire
389 1113 536 1183 noluerint,
557 1117 672 1174 salutem
696 1129 724 1176 et
746 1123 925 1192 apostolicam
951 1124 1063 1182 benedi·
1105 1122 1161 1178 rius
1185 1123 1450 1193 episcopusservus
1475 1135 1617 1178 serrorum
1638 1123 1695 1187 033,
1720 1121 1830 1178 Rodnlio
1852 1123 1897 1192 regi

241 1199 371 1256 ctionem.
387 1204 520 1270 Quoniam
535 1219 567 1262 ex
583 1206 631 1263 lite
646 1214 674 1264 et
688 1208 870 1277 dissensione,
882 1227 945 1282 (333
961 1212 1062 1269 tamdiu
1104 1219 1132 1267 et
1146 1212 1273 1268 omnibns
1285 1226 1377 1267 seeum
1392 1211 1574 1268 Christianam
1593 1211 1752 1282 religionem
1767 1208 1899 1266 33333333-

240 1287 314 1344 inter
328 1303 376 1345 uos
399 1299 451 1358 est,
467 1294 613 1351 maximum
638 1297 666 1352 in
691 1303 786 1354 sancta
806 1301 926 1356 Ecclesia
951 1303 1062 1371 pericu·
1104 1300 1179 1357 tibus
1203 1300 1367 1356 salutemet
1389 1300 1567 1370 apostolicam
1593 1298 1818 1355 benedictionem.
1836 1299 1898 1364 duod

240 1376 308 1445 lum,
324 1381 469 1437 maximum
493 1383 615 1454 undique
629 1385 702 1442 inter
717 1400 765 1443 vos
783 1388 978 1447 detrimentum
1004 1390 1062 1447 deri
1104 1403 1218 1460 reguum
1234 1389 1477 1456 Tbentouicoruru,
1489 1389 1622 1445 hacteuus
1637 1388 1710 1443 inter
1723 1389 1809 1443 omnia
1822 1388 1899 1444 mnudi

241 1467 355 1524 cottidie
374 1472 577 1540 cognoscimus,
592 1473 697 1531 idcirco
712 1476 799 1532 risum
814 1484 856 1534 est
870 1479 960 1545 uobis,
975 1481 1062 1536 visum
1104 1493 1188 1550 regna
1206 1478 1417 1544 nobilissimum,
1436 1480 1490 1548 jam
1505 1477 1585 1534 rideo
1606 1477 1742 1534 incendiis
1759 1476 1868 1532 cedibus
1879 1485 1899 1532 ot

241 1559 283 1610 est
309 1564 336 1612 et
369 1556 501 1615 iratribus
531 1562 634 1617 nostris
664 1562 692 1618 iu
726 1565 845 1621 coneilio
879 1567 1062 1639 corrgregatis,
1104 1567 1209 1638 rapinis
1236 1567 1371 1624 devastari
1400 1565 1533 1624 conlundi
1551 1565 1581 1598 ¹⁵⁹¹
1616 1573 1644 1622 33
1672 1565 1813 1634 annullari,
1834 1579 1898 1634 quau

241 1657 346 1700 summo
376 1646 515 1704 desiderio
543 1656 671 1717 aestuare,
700 1667 803 1708 snrnma
835 1669 887 1724 ope
921 1656 1063 1712 elaborare
1105 1670 1218 1727 magnos
1236 1656 1335 1712 exinde
1350 1655 1428 1712 cordi
1448 1669 1508 1713 meo
1523 1655 1604 1712 dolor
1619 1654 1746 1718 insideat,
1763 1667 1900 1724 quameoo·

242 1745 292 1801 pro
312 1733 426 1802 uiribus,
451 1744 587 1807 quatenus
608 1738 701 1798 idonei
726 1744 826 1812 33333,
852 1753 905 1801 333
930 1733 1199 1816 religiouesstinuns
1214 1747 1242 1800 iu
1258 1745 1409 1801 visceribus
1427 1746 1496 1800 mels
1518 1757 1561 1800 33
1584 1745 1704 1815 gemitus
1722 1742 1825 1809 alliciat,
1839 1744 1900 1798 testis

241 1834 322 1889 quam
348 1822 465 1880 scientia
492 1826 638 1895 pollentes,
659 1844 675 1885 e
693 1829 780 1887 latere
804 1833 965 1902 apostolicae
989 1833 1064 1890 sedis
1106 1840 1148 1889 est
1162 1832 1208 1890 ille
1223 1833 1309 1900 solus,
1325 1835 1372 1904 qui
1392 1833 1512 1890 omnium
1533 1832 1675 1889 bominum
1690 1832 1772 1888 corda
1785 1837 1899 1887 33333333

240 1907 275 1963 ad
291 1916 501 1980 partesrcstras
519 1915 705 1985 mitterentur,
721 1920 769 1988 qui
789 1921 933 1992 religiosos
952 1923 1065 1992 episco·
1105 1930 1133 1978 et
1158 1923 1267 1993 probat.
1301 1920 1466 1978 0333333333
1493 1919 1612 1976 euim⁸⁹¹
1643 1920 1725 1975 nricbi
1746 1921 1797 1991 jam
1818 1919 1899 1989 333333

231 2010 303 2088 pos,
319 1997 405 2057 laicos
420 2003 503 2060 etiam
522 2006 598 2074 pacis
612 2012 640 2062 33
650 2008 772 2076 justiciae
791 2019 937 2078 amatores,
954 2012 981 2067 in
998 2025 1064 2080 par·
1106 2012 1256 2083 legationes
1285 2011 1406 2068 lleinrici
1435 2024 1497 2067 cunr
1511 2009 1544 2041 ⁸⁹⁸
1573 2024 1623 2080 per-
1648 2010 1774 2080 proprios
1799 2009 1897 2070 nuntios,

240 2085 315 2144 tibus
329 2091 427 2146 restris
439 2091 472 2124 ¹⁵⁸¹
492 2103 703 2164 commorantes,
723 2098 758 2154 ad
782 2098 835 2155 boo
858 2113 929 2171 opus
947 2101 1064 2158 idoneos
1105 2107 1161 2156 tum
1183 2115 1233 2173 per
1246 2106 1378 2172 cognatos
1397 2107 1425 2156 et
1447 2098 1561 2155 aliarum
1586 2104 1721 2155 terrarum
1745 2099 1898 2168 principeset

241 2186 463 2248 congregarent:
489 2183 670 2252 qui,bomini
695 2187 781 2257 gratia
807 2198 958 2257 33333333,
976 2191 1064 2248 dicet
1104 2189 1209 2256 aitines,
1239 2190 1321 2246 modo
1354 2202 1461 2245 omnem
1495 2187 1693 2244 oboedientiam
1728 2185 1896 2257 promittendo,
1977 2217 1978 2220 =

240 2265 304 2321 loco
319 2267 353 2322 ab
368 2267 423 2324 illis
437 2276 550 2337 statuto,
564 2279 617 2329 tam
633 2274 790 2346 pstquam
807 2291 877 2347 quos
891 2279 959 2348 ipsis
972 2279 1062 2335 adbuc
1104 2277 1186 2335 modo
1202 2279 1339 2347 perraria
1358 2277 1466 2347 ingenia
1482 2274 1670 2341 sollicitando,
1687 2274 1714 2330 id
1729 2289 1744 2328 a
1762 2286 1898 2329 3333333

237 2353 356 2425 jungere
375 2355 407 2388 ³⁸²
435 2358 577 2430 debemus,
607 2368 655 2419 aut
685 2377 779 2435 pacem
808 2375 986 2437 componant,
1016 2377 1064 2424 333
1104 2367 1247 2424 certamino
1267 2367 1409 2436 cupientes
1424 2363 1544 2430 eilieere,
1560 2379 1615 2434 quo
1633 2379 1677 2420 rue
1692 2364 1724 2420 ad
1740 2369 1823 2421 33333
1836 2375 1897 2418 suurn

241 2443 355 2500 veritate
379 2450 559 2520 praecognita,
578 2466 663 2522 super
676 2453 740 2510 illos
763 2454 811 2524 qui
834 2463 899 2511 suut
920 2457 989 2512 tanti
1005 2457 1063 2514 dis·
1103 2456 1205 2513 suisti*
1229 2457 1353 2527 partibus
1375 2455 1483 2511 3333333
1504 2446 1649 2511 inclinare.
1669 2457 1763 2511 lerum
1777 2453 1833 2524 quia
1849 2453 1897 2508 3333

241 2529 347 2588 sidii⁸⁸⁸
369 2549 461 2604 causa,
478 2541 637 2598 canonicam
664 2556 808 2621 censuram
832 2553 987 2601 exerceant.
1010 2548 1062 2604 313-
1102 2546 1168 2602 inde
1191 2553 1219 2602 et
1239 2547 1360 2602 Romana
1382 2544 1500 2615 gravitas
1521 2551 1549 2599 et
1568 2543 1722 2614 apostolica
1747 2540 1898 2598 mansuetudo

242 2623 445 2691 3333333333
469 2629 619 2685 nonnullos
641 2630 780 2688 diabolico
804 2633 936 2690 instinctu
963 2633 1060 2692 conie-
1104 2649 1146 2691 me
1170 2649 1224 2706 per
1250 2634 1365 2690 mediam
1392 2633 1508 2702 iustitiae
1537 2632 1605 2687 riam
1621 2629 1659 2664 θ’*
1687 2632 1810 2688 incedere
1834 2629 1900 2700 cogit,

241 2709 357 2777 cidem,
383 2713 537 2785 iniquitatis
561 2733 618 2774 3333
644 2719 749 2776 lacibus
772 2721 884 2794 ignitos,
910 2723 1061 2794 cupiditate
1103 2724 1231 2780 omnibus
1254 2723 1355 2792 quibus
1378 2735 1488 2793 possum
1513 2719 1602 2777 modis
1625 2721 1686 2778 boc
1705 2727 1808 2791 oportet
1829 2719 1901 2775 iuter·

240 2797 380 2868 inductos,
406 2803 571 2863 discordiam
601 2810 694 2878 petius
721 2825 802 2880 quam
832 2826 926 2882 pacem
956 2814 1015 2870 lieri
1034 2823 1062 2870 et
1103 2812 1180 2880 dere,
1200 2812 1339 2882 quomodo
1361 2824 1481 2866 333333
1503 2809 1570 2866 laisa
1585 2811 1737 2879 justitiam,
1753 2807 1900 2880 periectama

240 2887 334 2944 videre
353 2889 545 2952 desiderantes
567 2895 625 2954 iore
649 2912 704 2955 non
729 2900 896 2972 ignoremus,
917 2903 1062 2959 statuimus
1103 2901 1165 2958 deta
1182 2899 1400 2965 oboedientiam,
1427 2898 1533 2969 judicio
1561 2899 1650 2954 333333
1685 2898 1798 2971 Spiritus
1819 2895 1899 2951 valeam

240 2974 268 3031 in
284 2976 335 3032 hac
349 2981 448 3038 sinodo
463 2983 497 3039 ad
513 2985 627 3041 eandem
641 2985 756 3045 ioruram
769 2989 843 3045 sicut
856 2996 885 3047 et
899 2990 927 3046 33
943 2997 1060 3060 3333333-
1106 2990 1274 3055 discernere,
1296 2995 1324 3045 et
1346 2992 1405 3043 rato
1425 2987 1523 3043 ordine
1546 2986 1580 3042 ad
1604 2986 1691 3042 linem
1715 3000 1796 3057 usqne
1817 2983 1900 3054 perdu-

241 3063 289 3130 ita,
309 3072 338 3152 ut
354 3068 427 3124 nulla
443 3085 570 3141 umquam
594 3088 711 3144 persona
734 3077 852 3149 alicujus
871 3079 1002 3149 potentiae
1018 3080 1060 3138 rel
1073 3060 1093 3118 ὓ
1105 3093 1178 3136 cere.
1191 3081 1256 3134 333
1270 3092 1334 3134 3333
1344 3075 1377 3108 ‘³⁸⁶
1392 3083 1419 3133 33
1435 3077 1497 3144 3333,
1508 3077 1532 3132 33
1548 3077 1675 3146 propitio
1690 3079 1744 3134 lieo
1757 3076 1789 3132 ad
1802 3088 1844 3132 ros
1855 3072 1901 3128 aad

242 3151 439 3224 dignitatism,
463 3159 521 3216 3333
542 3175 638 3232 magula
660 3163 717 3220 sive
742 3180 833 3234 parra,
854 3168 911 3224 3333
935 3169 1064 3240 33333333
1104 3168 1268 3239 perueniunt
1291 3167 1373 3238 legati
1390 3166 1454 3234 mei,
1470 3165 1568 3222 melius
1583 3180 1670 3236 quam
1694 3167 1736 3222 bae
1755 3161 1899 3220 3333333333

241 3239 299 3297 sive
327 3243 478 3314 subjectus,
508 3247 600 3319 aliqua
630 3255 844 3324 praesumptione
874 3256 1063 3326 praesnrnat⁸⁸⁷
1104 3271 1172 3314 voce
1188 3255 1408 3312 3333333333333
1422 3260 1450 3310 33
1464 3255 1605 3311 docebunt
1622 3253 1728 3326 (bip.

241 3328 341 3402 legatis
364 3335 468 3390 uostris
488 3336 635 3403 obsistere.
652 3349 679 3396 33
695 3350 840 3412 postquam
854 3345 890 3401 ad
905 3359 953 3402 vos
968 3360 1064 3417 perre-
1144 3343 1204 3402 120.
1225 3347 1303 3401 ι33333
1336 3343 1454 3401 domnus
1486 3343 1660 3414 apostolicus
1693 3344 1751 3414 regi
1781 3336 1901 3398 liodutio:

243 3419 344 3488 333333,
361 3422 395 3478 de
411 3427 603 3496 componenda
626 3443 693 3499 pace
712 3433 869 3501 eontr·aire;
897 3449 948 3492 uec
968 3441 1063 3505 postea
1106 3433 1285 3506 «Gregorius
1303 3434 1451 3503 episcopas
1468 3447 1564 3490 servas
1578 3435 1724 3490 servornm
1740 3433 1793 3497 033,
1808 3425 1903 3486 llodnlio

241 3519 338 3566 contra
361 3511 538 3571 interdictum
563 3516 673 3574 illorum
696 3519 808 3576 3333333
824 3523 940 3578 alterum
964 3524 1063 3581 audeat
1105 3524 1163 3594 regi
1184 3523 1367 3591 omnibusque
1382 3536 1476 3579 secum
1491 3522 1519 3579 iu
1543 3535 1629 3592 regno
1654 3525 1790 3580 8333333
1805 3528 1903 3576 comme

241 3596 385 3670 insurgere
393 3599 436 3670 ⁸⁸⁸,
452 3605 501 3660 sed
522 3619 609 3677 usqne
628 3608 662 3664 ed
678 3608 752 3666 diem
770 3610 875 3667 abillis
893 3617 1022 3669 statutam
1032 3613 1064 3646 ⁸⁸⁹
1107 3611 1245 3677 nerttibus,
1262 3617 1317 3667 tam
1336 3611 1476 3681 episeopis
1490 3625 1571 3680 quam
1590 3611 1712 3668 ducibus
1727 3616 1754 3667 et
1771 3607 1902 3666 comitibus.
1977 3661 1978 3688 ,

241 3685 345 3744 33333
372 3704 465 3760 pacem
489 3707 585 3752 omues
599 3696 659 3754 sine
675 3696 730 3755 ulla
753 3701 901 3757 occasione
916 3707 944 3758 33
968 3700 1065 3760 iraude
1106 3716 1157 3758 nec
1172 3714 1227 3758 non
1252 3700 1402 3770 majoribus
1417 3705 1445 3755 et
1469 3699 1632 3766 minoribus,
1650 3707 1821 3772 peccatorum
1837 3695 1904 3751 abso
1977 3745 1978 3758 .

920 3877 1029 3932 VdeAE
1056 3875 1249 3932 abellenus.

278 4007 309 4040 ’Π
327 4010 412 4066 ceder
430 4014 534 4070 3333333·
551 4016 578 4072 iu
592 4033 653 4074 3333
666 4021 813 4094 Gregorius
832 4023 906 4079 otiud
924 4029 1002 4096 ceput
1021 4023 1132 4080 orditur.
1169 4021 1203 4054 ⁵⁷⁸
1220 4021 1262 4078 bic
1275 4019 1410 4083 3333333,
1426 4033 1497 4090 opor
1512 4023 1590 4091 otpne
1603 4017 1718 4075 333333
1729 4031 1786 4121 333
1798 4003 1902 4086 renudat.

242 4091 298 4160 0033
322 4083 473 4155 3333333333
496 4091 663 4170 3333133
681 4095 740 4148 cod.
759 4093 858 4149 Trevir.
879 4097 947 4151 mro.
972 4093 1031 4149 102.
1082 4093 1115 4127 ”⁹
1133 4095 1204 4151 deest
1223 4092 1246 4148 l.
1262 4091 1289 4148 2.
1341 4089 1377 4174 ³¹⁸⁰·
1392 4090 1627 4147 commorantibus
1647 4091 1680 4146 T.
1753 4087 1839 4142 ¹min.
1857 4087 1902 4147 ato.

242 4162 305 4206 mal·
324 4151 349 4206 l·
386 4153 580 4214 '⁸¹nostusl.
617 4161 650 4192 ⁸⁸¹
669 4162 818 4235 adjungere
833 4164 922 4221 adbuc
937 4166 964 4220 2.
1001 4164 1199 4222 ⁸⁸⁸discidii2.
1238 4163 1270 4196 ⁸⁸³
1289 4177 1314 4220 e.
1330 4177 1352 4218 33
1370 4177 1389 4218 3.
1409 4160 1432 4218 l.
1471 4161 1651 4218 mueldeest
1670 4161 1694 4216 l.
1733 4149 1901 4214 ”landeata

241 4219 698 4358 3fggufder3·laoe;’2statutum
717 4235 739 4292 l.
778 4235 810 4268 ⁸⁹⁰
829 4237 900 4292 deest
914 4226 954 4292 2
989 4237 1019 4269 ⁸⁹¹
1040 4238 1068 4294 d.
1084 4245 1112 4295 et
1126 4251 1152 4294 c.
1165 4235 1192 4292 2.
1240 4234 1272 4266 ”¹
1291 4235 1362 4290 deest
1380 4232 1405 4288 l.
1451 4232 1483 4265 ³⁹⁸
1504 4233 1536 4303 w}
1553 4231 1652 4289 33332.
1696 4230 1729 4264 ¹⁹⁸
1747 4245 1794 4287 333
1808 4225 1869 4298 3333
1882 4221 1902 4274 2.

1026 4417 1135 4473 NOTAE.

279 4545 339 4619 (to)
362 4549 491 4618 epistolae
510 4552 570 4610 istae
585 4569 657 4612 3333
679 4554 745 4610 3070
764 4556 875 4629 scriptae
890 4573 951 4615 esse
966 4559 1259 4630 viden-Dprocnratc.
1273 4554 1351 4625 Quod
1366 4555 1389 4612 si
1406 4553 1473 4610 meis
1487 4554 1569 4612 uultis
1588 4554 1770 4626 adquiescere
1788 4545 1902 4626 consiliis,

241 4621 305 4702 tur;
331 4617 366 4674 ci.
391 4621 532 4679 bertholdi
560 4625 679 4683 3333333
704 4641 787 4698 33333
817 4644 843 4700 p.
868 4627 930 4684 338.
962 4631 1061 4689 Paulns
1103 4630 1186 4686 audio
1200 4629 1274 4684 3333
1296 4628 1370 4683 33333
1383 4640 1433 4682 333
1451 4640 1511 4683 esse
1526 4625 1660 4698 quosdam
1685 4626 1751 4684 boni
1775 4622 1903 4697 testimon

240 4697 322 4772 ettam
339 4692 433 4749 03333.
450 4707 511 4764 333.
532 4696 580 4750 105
596 4697 716 4767 priorem
740 4701 883 4770 epistolam
904 4715 977 4760 3333
995 4703 1062 4758 3070
1103 4703 1186 4768 33333,
1202 4703 1233 4756 d.
1249 4698 1357 4756 scilieet
1374 4697 1573 4755 Gosiarieuscm
1593 4698 1738 4765 decanum,
1758 4699 1787 4752 G.
1803 4687 1902 4750 nortaldi

240 4769 370 4886 333ξό333.
1102 4773 1182 4829 ducis
1192 4771 1288 4836 tilium,
1300 4771 1332 4825 ll.
1343 4769 1464 4840 sigifridi
1479 4769 1588 4827 comitis
1600 4769 1696 4836 illium,
1709 4780 1821 4840 quorum
1836 4772 1903 4840 33333

276 4831 308 4974 {5
326 4831 341 4974 ζ
362 4835 445 4905 cujas
459 4843 520 4893 3333
535 4851 559 4894 3.
576 4853 658 4910 33333
674 4854 725 4912 pag
739 4841 794 4898 330
806 4859 869 4914 sqq.
1102 4858 1145 4900 me
1169 4842 1347 4914 precipiente
1363 4849 1390 4897 33
1408 4841 1599 4898 consentiente
1623 4841 1728 4912 eligite,
1744 4845 1772 4895 et
1789 4839 1816 4893 iu
1829 4831 1903 4918 33333·

313 4903 322 4956 l
360 4905 452 4963 Godex
475 4909 645 4967 Trevireusis
664 4912 722 4969 baec
741 4913 835 4970 addit:
853 4937 867 4966 o
882 4915 979 4975 330333
995 4915 1059 4986 3333-
1102 4917 1261 4986 episcopum
1284 4911 1489 4984 praeuomluatae
1513 4911 1638 4969 ecclesiae
1660 4912 1797 4968 ordinate.
1811 4908 1836 4990 St
1848 4913 1902 4987 3330

240 4971 302 5056 dem
322 4988 337 5058 3
357 4975 446 5046 legato
466 4991 527 5062 meo
547 4982 576 5036 0.
592 4984 765 5054 3333333333
783 4986 1059 5059 ltagedaburgeusem
1101 4987 1129 5042 iu
1152 4987 1196 5042 bis
1210 4985 1299 5042 tribus
1313 4983 1360 5055 qni
1376 4983 1476 5055 dignus
1489 4985 1525 5040 sit
1549 4997 1602 5039 333
1628 4984 1731 5054 poterit
1750 4983 1866 5040 3333331,
1880 4985 1901 5028 ¹¹¹

237 5058 292 5114 pam
308 5046 356 5104 dtu
375 5062 435 5106 esse
450 5050 597 5119 viduatam,
613 5063 641 5110 et
664 5054 754 5112 adbuc
778 5071 906 5127 33333333
933 5073 1059 5128 quorun·
1101 5058 1269 5114 contritione
1284 5055 1377 5112 cordis
1391 5055 1496 5111 orando
1509 5061 1537 5112 33
1547 5055 1698 5125 jejunando
1711 5053 1745 5108 ad
1760 5054 1838 5107 beon
1850 5057 1903 5100 333-

240 5115 303 5172 dam
326 5120 515 5206 contentione,
539 5136 574 5180 33
598 5124 759 5196 3333333333
783 5129 880 5199 possit,
900 5129 985 5186 luisse
1004 5135 1060 5187 333-
1100 5129 1248 5196 333333333,
1265 5134 1394 5198 rogantes
1409 5131 1438 5182 ut
1453 5139 1502 5182 sua
1524 5125 1661 5182 revelante
1681 5123 1780 5210 gratia,
1800 5127 1900 5202 persono

240 5187 340 5246 batam.
358 5191 406 5248 ills
428 5192 519 5251 modus
541 5195 669 5254 omnibns
683 5212 717 5254 ex
740 5206 880 5270 precepto
905 5201 952 5258 033
967 5201 1058 5260 omui·
1100 5214 1162 5271 quae
1181 5200 1246 5256 huic
1260 5198 1370 5270 negotio
1388 5198 1424 5254 sii
1439 5199 1605 5255 conveniens
1624 5191 1840 5268 00881ῑοδίθηὼι
1856 5188 1902 5270 *¹9⁰

239 5261 361 5329 33333333
371 5266 494 5348 33333333
505 5265 578 5323 Petri
592 5274 620 5324 et
629 5282 690 5325 meo
702 5284 734 5326 ne
746 5270 910 5341 3333333333
928 5273 1057 5340 resistite,
1102 5271 1196 5342 procul
1220 5269 1305 5326 dubio
1326 5269 1456 5337 scientes,
1471 5270 1535 5340 quia
1558 5269 1630 5325 sicut
1653 5266 1729 5324 illum
1750 5264 1796 5350 qui
1813 5260 1901 5318 ambitu

238 5337 266 5412 et
292 5331 389 5391 domus
417 5338 465 5392 033
492 5337 604 5409 dignum
632 5341 849 5411 dispensatorem
878 5358 927 5414 per
958 5345 1058 5401 ostium
1099 5341 1231 5400 secularis
1250 5342 1380 5412 potentiae
1400 5341 1556 5398 inordinate
1575 5339 1727 5406 3333333333,
1742 5335 1901 5418 33333333·

239 5401 425 5473 3333333333,
450 5421 512 5464 eum
540 5413 677 5468 communi
706 5413 827 5469 omnium
855 5414 1056 5486 religiosorum,
1100 5413 1355 5470 communicationis
1370 5411 1499 5482 alligabo,
1515 5413 1552 5468 333
1567 5425 1676 5483 quoque
1690 5423 1753 5466 cunr
1768 5411 1813 5479 333
1831 5413 1902 5460 cene

239 5480 293 5556 3333
317 5475 587 5551 archiepiscoporum
611 5496 692 5554 quam
716 5486 919 5556 episcoporum,
935 5501 987 5543 uec
1002 5500 1057 5544 non
1100 5487 1161 5542 nice
1175 5485 1355 5542 introniratus
1368 5482 1460 5550 luerit,
1477 5498 1492 5540 a
1506 5484 1628 5554 peccatis
1641 5480 1753 5538 absolvo
1768 5484 1794 5536 et
1806 5477 1901 5547 aposto

238 5548 320 5602 ettam
335 5545 498 5608 clericorum
513 5557 541 5609 et
563 5552 707 5624 laieorum,
722 5569 860 5614 consensu
875 5565 902 5615 et
921 5557 1058 5618 electione
1099 5557 1152 5616 lica
1166 5555 1359 5615 benedictione
1373 5553 1520 5613 benedico.
1541 5574 1555 5607 3
