4034 6152
145 333 212 389 1057
822 333 899 388 vttn
917 334 944 389 S.
965 332 1143 388 nbntnnbt.
1761 291 1828 398 ibit

142 461 207 517 dato
221 466 251 516 et
273 464 389 530 accepto
402 459 472 528 vale,
488 459 535 516 diu
554 459 734 516 immorantur
749 459 776 515 in
796 457 883 515 osculi
899 449 1194 518 cna-Amorum'-
1212 459 1335 529 cumque
1359 459 1555 530 aliquantulam
1583 463 1724 522 remissius
1747 469 1827 538 quie-

143 549 243 606 ritate:
260 549 355 618 sicque
374 554 486 604 sanctus
508 549 650 620 egreditur
665 562 727 604 cum
741 547 866 619 reliquis,
882 548 964 603 etiarn
1007 547 1092 601 visset
1105 553 1133 602 et
1148 547 1251 616 quiete,
1267 547 1360 616 vellet,
1377 549 1473 617 nollet,
1489 565 1518 606 se
1534 550 1661 609 babendo
1686 555 1826 626 paululum

142 638 191 696 illo
207 645 418 710 prosequente.v
1007 634 1167 692 melioratus
1185 635 1294 703 fuisset,
1323 640 1476 694 accercitur
1504 640 1601 696 iterum
1626 641 1660 698 ab
1687 644 1826 714 Augusto:

177 725 223 782 30.
239 729 342 784 Narem
361 727 535 783 conscendens
552 727 735 799 proficiscitur.
754 753 789 767 -
803 727 965 797 Praeparan-
1007 726 1096 795 etqui
1112 725 1189 796 prius
1213 726 1345 798 gloriose,
1366 729 1449 785 modo
1472 729 1620 798 gloriosius
1643 732 1778 802 recipitur
1800 734 1828 790 in

143 819 189 872 tur
212 816 354 882 rudentes,
368 815 549 886 impelluntur
568 829 659 883 naves,
680 821 708 871 et
730 815 799 871 velis
820 830 894 872 aurae
918 829 966 885 pa·
1007 816 1119 887 palatio.
1144 817 1229 883 Quem
1248 817 1434 873 introeuntem
1454 823 1527 873 tanta
1552 819 1699 878 comitatur
1720 824 1828 894 gratia,

143 905 276 974 tentibus,
305 907 449 962 solvuntur
467 905 615 963 anchorae:
646 905 819 977 expapillatis
846 904 967 962 brachiis
1007 911 1082 960 tanta
1097 906 1255 976 loquentem
1275 907 1421 977 sapientia,
1451 912 1526 964 tanta
1553 909 1706 978 sapientem
1734 911 1829 970 facun-

142 1001 273 1064 aptantur
291 995 410 1065 remiges
427 1000 457 1050 et
470 1002 607 1052 antennae.
628 997 698 1050 Dant
724 993 823 1050 fratres
836 994 964 1065 gemitus,
1006 994 1062 1060 dia,
1079 999 1109 1050 nt
1123 1009 1172 1050 sua
1188 995 1338 1066 unicuique
1354 996 1446 1052 statim
1462 1003 1569 1066 pateret
1592 999 1760 1069 insipientia.
1776 1002 1829 1058 tti-

144 1089 172 1140 et
190 1098 273 1141 naves
287 1085 418 1152 sonitum,
440 1091 522 1156 atque
547 1085 641 1142 tandiu
660 1099 744 1156 super
759 1085 844 1155 ripam
860 1090 965 1140 stantes
1006 1091 1103 1141 rantur
1116 1090 1145 1141 et
1159 1093 1281 1156 stupent,
1303 1092 1332 1143 et
1354 1101 1438 1158 super
1464 1088 1598 1144 rationem
1621 1091 1682 1159 ejus
1705 1090 1828 1162 haerent,

143 1174 284 1230 recedenti
300 1175 436 1231 intentant
450 1174 658 1254 visumdonec
673 1174 858 1244 crispantibus
876 1174 965 1230 oculis
1006 1174 1071 1244 qnia
1086 1176 1134 1244 qui
1159 1176 1235 1247 prius
1262 1176 1430 1233 videbantur
1456 1178 1508 1234 sibi
1538 1177 1653 1249 perfecti
1682 1179 1828 1252 rhetores,

143 1276 193 1334 pro
209 1277 264 1320 uno
278 1264 332 1321 sibi
346 1265 475 1321 videntur
489 1265 582 1321 videre
602 1277 755 1321 numerum.
1006 1278 1080 1321 nunc
1095 1265 1182 1336 digito
1198 1266 1240 1321 ori
1254 1266 1432 1336 superposito
1451 1267 1583 1324 assistunt
1607 1281 1678 1339 pene
1693 1270 1826 1342 elingues.

178 1353 272 1410 31.1e
289 1353 417 1426 paterium
434 1354 575 1425 nonorifica
600 1353 736 1426 accipitur.
752 1383 789 1394 -
802 1355 836 1409 nt
854 1351 901 1409 ille
915 1365 965 1408 so·
1004 1354 1144 1424 Quidquid
1165 1361 1348 1412 tractaverant
1363 1357 1392 1412 fit
1406 1357 1524 1425 irritum,
1541 1357 1676 1428 quidquid
1700 1360 1752 1415 isle
1771 1360 1831 1417 elo·

144 1443 210 1500 lutis
224 1445 315 1500 carnis
329 1456 384 1500 non
399 1444 492 1500 cordis
505 1445 673 1514 aspectibus,
698 1449 761 1514 post
784 1443 890 1514 aliquot
904 1442 965 1498 dies
1005 1443 1100 1513 quitur
1114 1443 1144 1499 tit
1158 1451 1256 1501 ratum.
1277 1445 1398 1502 Solvitur
1420 1445 1514 1516 itaque
1538 1446 1686 1502 multorum
1709 1449 1829 1518 captivi·

143 1533 252 1590 tandem
270 1535 395 1604 pervenit
417 1533 452 1589 ad
477 1534 619 1604 palatium,
639 1533 720 1604 longa
736 1534 863 1603 corporis
877 1531 964 1588 macie
1006 1537 1057 1600 tas,
1073 1547 1169 1590 eorum
1184 1534 1300 1591 maxime
1315 1535 1415 1606 quibus
1430 1536 1504 1607 regia
1518 1535 1686 1607 jungebatur
1699 1537 1828 1608 affinitas,

143 1622 295 1690 confectus,
311 1623 359 1680 ubi
373 1629 520 1693 susceptus
543 1621 731 1680 favorabiliter
751 1637 767 1678 a
790 1637 855 1693 rege
879 1627 906 1678 et
929 1620 965 1677 ab
1006 1622 1102 1693 sicque
1120 1624 1260 1694 inprimis
1283 1626 1432 1682 resarcitur
1447 1627 1506 1696 ejus
1524 1624 1591 1681 felix
1609 1628 1785 1696 germanitas,
1801 1633 1830 1685 et

142 1712 337 1782 optimatibus,
369 1713 475 1768 veniam
508 1711 574 1768 dare
607 1713 710 1782 petitur
739 1711 961 1784 lacrymabiliter.
1007 1713 1135 1770 redditur
1147 1714 1176 1770 in
1192 1728 1246 1771 uno
1263 1715 1392 1772 omnibns
1407 1716 1487 1785 plena
1507 1715 1630 1771 libertas.
1655 1716 1830 1774 Revocantnr

140 1803 274 1858 latentur
287 1815 420 1866 errorem,
440 1807 467 1858 et
484 1801 627 1858 inveniunt
640 1802 749 1872 injurias
763 1801 1103 1860 immemoremBomnes
1121 1817 1154 1860 ex
1177 1804 1286 1860 diversa
1309 1805 1433 1876 regione,
1455 1804 1507 1861 nisi
1533 1817 1603 1875 quos
1625 1802 1733 1861 felicius
1754 1820 1831 1876 prae-

141 1891 244 1948 videns
258 1891 330 1949 enim
345 1892 463 1949 suffusos
477 1891 594 1964 pudore,
615 1891 715 1963 quibus
738 1891 860 1949 nonfuit
874 1891 964 1961 pudor
1004 1893 1118 1949 veniens
1132 1905 1207 1950 mors
1222 1895 1365 1950 remiserat
1381 1895 1487 1964 patriae.
1514 1894 1699 1961 Quorumdam
1716 1901 1829 1952 tonsura

142 1981 277 2038 olimsibi
293 1982 428 2053 usquead
445 1982 570 2039 effectum
591 1981 725 2050 invidere,
748 1979 963 2038 satisfactionem
1004 1981 1064 2038 sine
1078 1983 1140 2052 lure
1160 1989 1298 2054 suscepta,
1315 1997 1365 2053 per
1379 1997 1441 2040 eum
1457 1984 1556 2040 transit
1580 1984 1615 2040 ad
1639 1998 1780 2052 coronam,
1801 1990 1830 2042 et

141 2084 236 2127 eorum
256 2073 399 2141 praevenit,
418 2078 447 2129 et
470 2072 590 2128 dimissis
613 2072 701 2129 oculis
716 2073 772 2143 lant
791 2069 964 2127 satisfacien·
1004 2071 1119 2129 offertur
1137 2074 1193 2130 Deo
1208 2079 1307 2144 sponte
1322 2074 1397 2144 quod
1412 2073 1519 2129 illatum
1542 2071 1632 2130 fuerat
1653 2073 1688 2130 ad
1708 2075 1851 2147 ignomf·.

142 2165 184 2216 tes
202 2161 240 2216 ita
255 2161 374 2218 dulciter
393 2163 527 2219 delinivit.
545 2179 559 2214 u
574 2161 658 2230 Nibil,
675 2163 723 2229 ait,
740 2176 757 2218 o
772 2163 873 2227 Caesar,
890 2160 920 2214 dt
935 2160 963 2214 in
1005 2161 1088 2216 niam.

140 2254 226 2317 terra,
256 2252 334 2320 nibil,
365 2267 382 2308 o
411 2266 551 2322 proceres,
571 2253 631 2308 sine
660 2266 760 2318 causa;
789 2251 858 2306 nibil
878 2249 908 2304 fit
935 2249 963 2304 in
1039 2248 1084 2302 35.
1100 2248 1391 2320 Aulicmnmrescrmnt
1411 2264 1506 2306 mores.
1535 2279 1572 2292 -
1599 2253 1661 2321 lpse
1689 2251 1828 2322 publicam

140 2341 244 2397 mundo
258 2341 317 2397 sine
336 2342 384 2397 bei
397 2342 514 2410 judicio.
534 2342 561 2396 Si
581 2355 632 2398 nos
656 2354 706 2410 pro
726 2337 965 2410 peccatisnostris
1005 2339 1160 2408 suscipiens
1188 2341 1377 2408 peonitentiam
1406 2341 1557 2409 imperator
1584 2338 1735 2411 gloriosus,
1764 2341 1830 2398 facit

139 2433 232 2502 arguit
247 2433 328 2496 bons,
349 2430 414 2501 quid
434 2430 552 2487 advos?
570 2443 622 2486 nos
642 2429 799 2485 viderimus.
823 2429 897 2483 Nihil
916 2441 965 2498 po·
1004 2443 1034 2484 se
1058 2427 1166 2484 cunctis
1189 2427 1364 2484 humiliorem
1383 2429 1412 2484 in
1435 2429 1493 2485 suis
1515 2428 1647 2496 reatibus,
1676 2431 1723 2500 qui
1743 2431 1829 2502 regali

139 2519 219 2573 tuisti
238 2519 297 2574 sine
311 2519 357 2574 bei
374 2519 574 2588 permissione:
594 2519 677 2575 modo
698 2525 806 2573 utamur
829 2518 876 2573 bei
901 2519 963 2587 jns-
1005 2518 1126 2574 elatione
1141 2516 1255 2574 aifectus
1285 2518 1373 2575 fuerat
1391 2518 1462 2575 alter
1486 2518 1661 2588 Tarquinius.
1688 2519 1828 2589 Quidquid

140 2606 232 2662 sione.
247 2607 382 2674 Dimittite,
402 2608 502 2678 inquit,
523 2614 547 2664 et
566 2607 728 2664 dimittemini
748 2609 819 2678 (Lac.
840 2621 877 2673 vr,
892 2605 962 2676 37);
1005 2607 1078 2664 enim
1105 2609 1232 2678 exemplo
1252 2615 1280 2664 et
1303 2609 1437 2678 permissu
1467 2608 1522 2664 alio
1541 2607 1644 2664 fecerat
1668 2608 1829 2677 offendere,

142 2694 217 2766 quod
230 2709 281 2766 ego
293 2697 397 2765 primus
406 2696 502 2754 faciam
516 2715 522 2754 :
539 2711 587 2755 vos
599 2697 811 2767 mesequimini.
824 2696 963 2752 »Fitsine
1004 2696 1115 2753 tandem
1129 2697 1232 2753 salubri
1248 2698 1365 2754 consilio
1390 2697 1532 2754 institutus
1555 2697 1670 2753 sanabat
1689 2699 1763 2769 regia
1782 2711 1831 2754 sa·
1849 2684 1855 2692 ’

142 2799 218 2842 mora
232 2786 267 2841 ab
282 2787 429 2853 omnibus;
445 2787 615 2844 festucantur
628 2787 730 2844 omnia.
1003 2785 1170 2853 tisfactione,
1192 2799 1288 2843 omnes
1308 2786 1459 2857 praeeundo
1483 2785 1619 2842 reducens
1633 2786 1668 2841 ad
1687 2787 1757 2842 viam
1773 2800 1830 2857 pne·

176 2873 222 2928 32.
242 2875 358 2931 doencbii
371 2877 413 2931 sui
427 2891 516 2933 euram
530 2877 646 2933 resumit.
660 2907 696 2918 —
709 2877 814 2944 Quibus
832 2875 870 2931 ita
884 2888 962 2932 com·
1003 2874 1121 2944 nitendi,
1146 2876 1247 2945 quibus
1265 2874 1354 2933 faetus
1381 2875 1471 2932 fuerat
1497 2875 1552 2931 iter
1570 2874 1708 2932 deviandi.
1727 2875 1829 2932 Audie-

142 2965 250 3034 positis,
266 2966 370 3034 petitur
384 2966 527 3035 pristinam
546 2966 639 3023 sedem
664 2967 788 3036 recipere
811 2964 962 3035 flagitanti·
1003 2965 1050 3021 bat
1065 2965 1092 3020 in
1117 2966 1246 3021 omnibus
1270 2972 1395 3022 sanetum
1418 2964 1595 3032 adalardum,
1620 2969 1648 3020 et
1671 2962 1705 3021 ad
1730 2964 1827 3034 pristi-

140 3053 192 3110 bus
207 3054 270 3109 liliis
284 3055 351 3118 suis,
377 3055 478 3125 quibus
500 3055 620 3127 fatigatis
634 3055 773 3112 desiderio
787 3053 961 3125 septennium
1003 3069 1066 3111 nam
1103 3055 1277 3112 honestatem
1310 3056 1475 3127 precabatur
1507 3055 1641 3111 reducere
1670 3054 1827 3124 imperium.

139 3142 208 3199 illud
224 3143 358 3214 prolixius
375 3145 520 3201 videbatur
537 3146 741 3215 centuplicibus
764 3146 853 3201 annis.
878 3136 1059 3202 lieni-GNec
1074 3144 1162 3202 defuit
1174 3145 1233 3214 ille,
1249 3145 1298 3202 sed
1320 3146 1454 3216 iustitiam
1479 3149 1507 3200 et
1529 3144 1687 3214 equitatem
1707 3143 1829 3201 restituit

139 3233 179 3302 pit
194 3246 245 3288 nec
259 3231 369 3300 refutat,
385 3235 485 3290 etenim
506 3235 656 3291 secundum
675 3247 797 3291 canones
824 3246 879 3290 uon
906 3245 959 3304 po·
1001 3235 1158 3305 impropria
1176 3234 1253 3291 sede.
1278 3235 1422 3304 Repressit
1450 3246 1548 3290 vocum
1577 3233 1713 3289 novitates
1741 3238 1769 3289 et
1788 3237 1828 3290 te·

138 3327 227 3378 terat:
243 3323 299 3378 imo
315 3322 435 3379 ebaritas
448 3323 566 3381 tiliorum
582 3324 635 3380 sibi
650 3324 784 3394 imperat;
802 3323 884 3379 etsie
898 3336 960 3378 cnm
1001 3326 1133 3380 merarias
1146 3325 1175 3379 in
1200 3324 1303 3395 populo
1329 3323 1568 3394 praesumptiones.
1587 3323 1621 3376 nt
1644 3321 1709 3391 qnia
1733 3321 1827 3378 disce-

138 3410 223 3466 multa
255 3412 404 3482 stipatione
431 3427 543 3469 suorum
578 3414 723 3470 corbeiam
757 3413 898 3483 remigrat.
938 3413 960 3467 0
1001 3414 1070 3470 dens
1097 3412 1217 3480 omium,
1248 3426 1303 3469 non
1322 3413 1462 3479 animum,
1492 3415 1663 3476 mutaverat,
1693 3416 1827 3466 mutatum

139 3515 220 3571 qnam
247 3501 368 3571 jucunda
398 3503 458 3558 dies
490 3502 636 3559 illustravit
664 3510 730 3558 tunc
757 3501 957 3559 corbeienses!
1000 3503 1145 3574 imperinm
1178 3500 1320 3558 refrenans
1353 3503 1451 3557 timore
1480 3505 1508 3556 et
1535 3513 1648 3566 amore,
1678 3499 1826 3570 decuplum

137 3589 198 3646 dies
216 3590 274 3658 illa,
290 3591 350 3648 dies
364 3592 479 3655 laetitiae,
504 3591 564 3647 dies
591 3592 768 3647 exultationis
797 3598 824 3646 et
852 3590 959 3660 glorias.
1000 3593 1151 3663 majoratur
1165 3605 1246 3661 quam
1261 3590 1437 3648 discesserat.
1454 3591 1590 3645 Praeterea
1611 3588 1727 3659 jubetur
1743 3589 1824 3644 etiam

136 3667 241 3747 Qua'nta
256 3681 376 3752 denique
390 3679 473 3737 fuerit
492 3686 620 3751 receptus
643 3681 793 3736 ambitione
821 3679 884 3749 quis
912 3692 959 3733 va·
1000 3682 1129 3738 omnibus
1154 3679 1284 3737 Ecclesiis
1313 3681 1492 3751 magistrare;
1522 3679 1624 3750 quibus
1651 3677 1769 3734 consilio
1798 3682 1827 3734 et

136 3769 176 3824 let
191 3776 343 3839 peroraret
361 3771 491 3826 Procedit
509 3770 638 3841 palliatus
661 3769 730 3826 ordo
750 3768 958 3835 monachorum,
1000 3769 1147 3841 prudentia
1161 3769 1301 3840 magister,
1321 3768 1371 3824 sed
1390 3767 1543 3838 discipulus
1566 3772 1690 3837 apparet.
1716 3764 1826 3822 bumili-

136 3860 343 3930 monacbosque
358 3860 491 3930 praecedit
506 3859 669 3916 candidatus
684 3858 753 3915 ordo
773 3858 958 3926 clericorum;
1000 3863 1066 3917 tate.
1082 3861 1138 3916 Nec
1152 3865 1216 3916 ante
1231 3858 1338 3916 destitit
1357 3873 1439 3929 qnam
1463 3871 1578 3930 regnum
1602 3858 1772 3913 Francorum
1795 3855 1825 3913 in

137 3951 229 4006 omnis
242 3965 324 4006 serus
338 3957 365 4006 et
384 3957 451 4006 actas
466 3951 521 4007 ruit
536 3952 563 4006 in
579 3949 697 4016 obviam,
723 3963 774 4006 nec
798 3956 841 4005 est
863 3948 959 4004 audire
1000 3950 1075 4006 ornni
1089 3949 1177 4020 gloria
1187 3947 1367 4018 juvenescere
1386 3947 1461 4004 fecit.
1628 3945 1632 3954 '

137 4040 191 4095 nisi
205 4040 387 4097 nniuslaudis
401 4041 615 4108 concinentiam,
639 4040 741 4096 Christi
765 4038 872 4094 scilicet
891 4051 959 4108 pro·
1035 4038 1080 4094 36.
1100 4038 1212 4095 nitores
1235 4053 1327 4094 munna
1349 4040 1443 4095 retinet
1465 4038 1571 4094 inritus.
1586 4035 1656 4094 ‘siti
1679 4035 1770 4092 duno.
1790 4063 1827 4077 -

137 4137 202 4200 pter
219 4130 336 4186 reditum
356 4131 445 4186 Patris
463 4130 632 4187 laudantium
652 4129 835 4186 clementiam.
856 4129 960 4185 Conso·
1000 4128 1094 4185 Rebus
1109 4141 1175 4199 ergo
1199 4128 1228 4183 in
1251 4142 1319 4198 pace
1342 4127 1513 4197 compositis,
1539 4126 1645 4198 cogitat
1672 4139 1702 4182 se
1725 4127 1826 4182 iterum

138 4225 205 4274 nant
228 4225 256 4275 et
274 4219 428 4287 dissonant,
458 4219 522 4290 quia
549 4231 642 4285 voces,
670 4231 725 4275 nou
755 4216 850 4273 landes
878 4230 960 4272 sexus
1000 4231 1101 4276 exuere
1115 4218 1295 4275 saecularibus
1309 4218 1393 4284 curis,
1414 4224 1444 4273 ut
1469 4217 1606 4287 reliquum
1628 4215 1692 4272 vitae
1717 4220 1827 4284 tempos

137 4309 268 4364 mutavit:
285 4322 337 4365 nec
352 4309 446 4380 plures
463 4307 534 4364 fudit
551 4308 685 4379 lacrymas
703 4309 763 4379 ejus
781 4305 961 4362 discessionis
1001 4315 1113 4380 peragat
1128 4309 1156 4364 iu
1180 4308 1290 4364 divinis.
1315 4306 1368 4363 Sed
1395 4320 1450 4363 non
1470 4311 1512 4362 est
1535 4305 1696 4375 permissus,
1722 4317 1738 4358 a
1761 4303 1826 4360 tiliis

136 4398 272 4456 desolatio
301 4413 381 4470 quam
410 4411 484 4455 nnnc
511 4412 622 4470 qunque
649 4397 752 4456 refudit
779 4397 961 4470 regressionis
1000 4398 1058 4453 suis
1073 4397 1190 4464 scilicet,
1207 4409 1324 4469 qnorum
1340 4399 1399 4452 erat
1422 4407 1486 4465 spes
1506 4393 1623 4448 maxima
1646 4396 1709 4462 post
1728 4393 1825 4459 beurn,

136 4489 301 4547 consolatio.
970 4473 1033 4543 Det
1051 4492 1290 4556 patermaternns.
1311 4485 1417 4551 Quanto
1441 4482 1515 4537 enim
1542 4487 1602 4536 erat
1628 4485 1709 4535 aetate
1734 4483 1824 4535 matu·

173 4579 218 4636 33.
234 4577 314 4636 Fcbri
327 4578 444 4650 opacius.
459 4595 495 4619 -·-
509 4577 562 4633 sed
586 4589 642 4633 non
666 4572 754 4632 defuit
778 4574 960 4645 impedimen·
1001 4575 1069 4642 rior,
1089 4578 1167 4632 tanto
1182 4574 1362 4631 tendentibus
1376 4570 1410 4628 ad
1424 4571 1552 4627 virtutem
1566 4569 1712 4626 videbatur
1730 4568 1827 4625 utilior

137 4676 206 4736 turn,
219 4683 274 4740 qno
284 4669 432 4740 aliquantis
443 4681 492 4738 per
502 4669 607 4723 tantum
621 4665 804 4736 impediretur
817 4663 958 4735 gaudium.
1001 4670 1029 4720 et
1043 4663 1157 4735 agendis
1175 4663 1330 4735 quibusque
1346 4660 1505 4732 perfectior.
1520 4661 1576 4715 Nec
1591 4664 1650 4715 erat
1664 4657 1765 4728 aliquis
1777 4655 1826 4727 qul

134 4759 217 4816 lllum
232 4759 304 4815 enim
319 4771 370 4829 pro
385 4772 440 4830 quo
464 4758 524 4814 baec
548 4755 707 4814 arridebant
725 4753 837 4826 gandia,
853 4754 960 4810 damma
1001 4767 1086 4823 snper
1100 4765 1161 4808 eum
1176 4753 1203 4808 id
1221 4765 1350 4810 exercere
1365 4756 1467 4821 posset,
1484 4748 1638 4819 praesertim
1653 4760 1715 4804 enm
1729 4746 1825 4816 vigore

137 4847 255 4905 febrium
283 4849 415 4904 invadens
438 4845 578 4918 pestifera,
603 4845 725 4902 membra
749 4844 796 4900 diu
820 4849 960 4900 attenuata
1001 4843 1089 4899 sancti
1112 4843 1235 4914 spiritus,
1262 4848 1290 4898 et
1316 4841 1455 4897 viriditate
1481 4838 1572 4896 adbuc
1599 4851 1655 4895 non
1684 4836 1825 4894 exhaustae

135 4937 245 5004 exsilio,
265 4937 425 4994 attenuabat
442 4938 524 4994 etiam
544 4950 617 4992 nunc
635 4933 831 4992 invaletudinis
851 4935 959 4990 morbo.
1002 4933 1093 4989 carnis
1116 4938 1220 4988 tantum
1248 4932 1363 5002 vigeret,
1393 4935 1422 4985 ut
1455 4930 1483 4985 in
1512 4927 1616 4984 laboris
1647 4932 1676 4983 et
1706 4923 1826 4996 negotiis

137 5029 204 5096 Quae
230 5042 275 5084 res
300 5029 423 5084 latitiam
438 5027 550 5097 quidem
579 5025 728 5091 minuebat,
749 5024 799 5080 sed
827 5023 961 5095 lacrymas
1002 5033 1093 5078 rerum
1109 5020 1211 5076 nullius
1227 5020 1336 5090 juvenis
1351 5019 1506 5075 constantia
1521 5031 1583 5074 eum
1607 5015 1697 5096 sequi,
1723 5011 1825 5070 nedum

137 5118 276 5189 utrimque
292 5117 475 5189 procedentes
489 5123 517 5173 et
533 5115 676 5188 exgaudio
691 5121 718 5170 et
732 5129 766 5170 ex
780 5126 899 5170 moerore
914 5128 962 5170 au·
1002 5110 1111 5182 assequi
1126 5110 1239 5166 valeret.
1251 5109 1327 5166 Adeo
1342 5107 1481 5179 perfectus
1491 5115 1550 5164 erat
1560 5108 1589 5162 in
1602 5105 1722 5173 actione,
1733 5103 1826 5160 omnia

137 5208 230 5280 gebat.
260 5209 297 5264 Fa
317 5213 420 5264 tantum
449 5207 641 5264 relevabantur
668 5205 876 5270 consolatione,
897 5205 961 5274 quia
1002 5201 1131 5266 dulciter,
1160 5214 1190 5256 se
1219 5201 1308 5270 ipsum
1339 5205 1459 5255 tractans
1486 5197 1547 5254 sine
1574 5195 1731 5252 dulcedine.
1760 5193 1827 5262 Quis

137 5296 276 5353 malebant
305 5312 367 5354 enm
400 5297 536 5354 infirmum
564 5309 644 5367 quam
665 5309 715 5352 nec
729 5308 825 5351 sanum
846 5294 959 5350 babere.
1002 5291 1075 5348 enim
1091 5303 1209 5360 unquam
1225 5289 1262 5344 ita
1277 5288 1405 5345 dominns
1416 5287 1498 5353 servi,
1515 5291 1545 5342 nt
1559 5285 1612 5342 iste
1627 5289 1687 5342 erat
1700 5283 1765 5340 sni?
1779 5282 1827 5353 qul

136 5387 319 5454 Quamobrem
348 5386 492 5443 affluentes
515 5399 578 5456 erga
598 5398 659 5441 enm
680 5384 837 5442 omnimoda
862 5384 961 5440 boma·
1003 5389 1057 5436 tam
1072 5379 1194 5436 crudelis
1208 5379 1332 5445 alterins,
1348 5383 1379 5433 ut
1394 5377 1445 5434 iste
1459 5377 1564 5432 arbiter
1582 5379 1669 5431 suusi
1693 5373 1741 5444 qui
1765 5384 1827 5429 cnm

137 5477 236 5546 uitam,
256 5476 399 5535 charitatis
426 5476 546 5534 officinm
565 5475 697 5532 exbibent
711 5476 737 5532 ei
751 5474 871 5546 benigna
889 5472 961 5529 filia·
1003 5469 1098 5526 sfiliis
1115 5469 1174 5526 suis
1196 5468 1391 5525 obsecraretur
1405 5465 1554 5536 aliquando
1574 5470 1688 5535 paterna
1710 5474 1828 5519 venera·

139 5567 228 5624 bone.
1002 5561 1090 5626 tione,
1106 5571 1157 5614 cnr
1170 5558 1223 5615 sibi
1237 5557 1290 5628 ipsi
1315 5564 1370 5613 tam
1388 5555 1557 5613 indiscretus
1579 5559 1663 5622 esset,
1688 5551 1736 5624 qui
1758 5550 1829 5610 alios

176 5655 222 5714 34.
251 5660 285 5716 ln
312 5655 402 5714 culum
419 5657 487 5715 redit
514 5655 667 5714 connectes.
695 5651 826 5713 barulum
850 5649 963 5708 redden
1003 5645 1140 5710 tractabat
1158 5645 1367 5718 discretissime,
1396 5644 1488 5704 stetim
1516 5657 1610 5703 corant
1637 5643 1679 5701 eis
1706 5639 1828 5714 sponde·
