4106 6178
233 295 302 351 reus
347 262 350 269 ’
546 271 549 276 ’
791 292 937 349 inruunt
955 290 1180 350 sunanrrmr
1198 287 1356 346 menter.
1848 292 1915 347 nasu

230 421 348 478 babetur
362 418 434 488 apud
455 417 652 488 Lippomanum
677 424 696 472 t.
718 419 749 472 tt
769 421 797 472 et
815 418 923 473 Surium
947 423 967 473 t.
991 415 1208 485 illudebeant
1223 428 1296 484 pars;
1314 420 1341 467 et
1356 415 1479 468 rectores
1493 411 1615 481 ejusdem
1630 411 1757 470 ecclesia
1772 414 1808 471 de
1824 417 1865 472 eis
1880 415 1915 474 la-

230 492 282 548 sub
297 491 342 547 die
357 492 445 561 prima
460 490 639 560 Septembris.
661 508 675 540 n
697 487 776 543 Plura
795 489 847 544 alla
867 488 999 559 opuscula
1018 496 1046 544 et
1092 501 1155 544 cere
1175 486 1248 556 quod
1268 482 1415 566 voluerint,
1432 487 1459 539 et
1478 483 1575 566 ipsius,
1591 488 1619 539 et
1634 486 1738 552 uxoris,
1756 493 1784 542 et
1802 486 1912 544 illorum

231 577 328 619 tersus
341 561 458 632 lllpbaui
473 562 507 617 ad
523 559 603 616 iidem
618 573 667 616 ms.
684 559 799 623 codicis,
812 566 947 624 correcta,
963 560 1052 617 omni·
1092 557 1233 614 lraeredum
1248 568 1357 625 semper
1380 561 1503 626 integras
1520 555 1610 610 ductas
1633 569 1688 621 res,
1704 558 1825 626 qualiter
1840 574 1915 629 prae-

233 634 341 703 busque
356 631 478 689 numeris
493 631 618 687 absoluta
641 630 717 686 dabit
736 631 808 686 idem
831 632 910 687 toan.
932 633 1051 699 baptista
1092 630 1195 686 dictum
1215 635 1258 684 est
1272 627 1343 698 parti
1362 626 1450 696 ipsius
1464 627 1590 682 ecclesiae
1605 624 1754 710 defendere
1773 630 1809 686 ab
1823 633 1909 687 omni·

233 706 309 762 llari.
329 705 395 771 Qua
419 711 508 760 autem
532 703 560 757 iu
585 702 638 756 dne
653 702 687 757 de
702 701 826 771 alphano
846 703 899 759 boc
918 703 1052 759 laudatis-
1093 703 1145 758 bus
1173 700 1341 764 bominibus,
1357 705 1385 754 et
1413 697 1523 767 quando
1548 712 1612 767 pars
1634 700 1757 767 eyusdem
1781 701 1914 758 Ecclesiae

231 778 302 832 simo
327 775 536 844 archiepiscopo
561 779 716 842 poematum
740 781 852 830 auctore
872 774 953 831 libuit
966 775 1049 830 adno·
1092 773 1235 838 uoluisset,
1251 776 1415 840 potestatem
1435 769 1549 825 baberet
1564 769 1631 825 illud
1645 784 1739 852 perse
1755 771 1915 840 defendere,

233 852 303 912 tare,
324 859 359 901 ne
383 845 445 916 quis
473 843 583 900 fallatur
610 859 643 900 ex
671 845 849 901 adnotatione
868 846 979 900 antonii
999 847 1053 902 Ca·
1093 843 1212 914 qualiter
1235 842 1366 898 voluisset
1385 855 1447 897 curn
1462 841 1590 896 omuibus
1608 842 1816 910 muniminibus,
1833 852 1917 900 etra-

234 917 346 974 raccioli
376 917 403 972 in
433 915 526 971 indice
558 914 592 970 ad
621 915 774 985 niphauum
800 918 975 982 seeundum,
1005 916 1052 987 qui
1095 915 1227 982 tionibus,
1239 912 1352 984 quasde
1370 926 1403 968 eo
1418 912 1586 996 ostendisset
1599 921 1703 969 mutum
1718 914 1783 970 dum
1799 919 1861 986 ipse
1876 917 1916 972 ιιι

235 987 391 1045 immediate
414 987 502 1055 primo
530 988 674 1053 successit,
704 985 772 1042 laiso
800 988 834 1042 ab
862 989 923 1058 ipso
951 987 1053 1043 ascribi
1094 994 1122 1044 et
1141 1000 1209 1042 uxor
1227 986 1368 1050 risissent,
1382 985 1438 1054 jam
1453 983 1553 1039 ductam
1574 998 1631 1040 rem
1645 999 1703 1040 suae
1719 993 1820 1055 potest,
1835 995 1915 1044 tene·

235 1068 360 1131 poemata
383 1072 445 1128 que
465 1063 572 1114 exstant
591 1059 618 1113 in
643 1059 811 1115 bibliotheca
825 1060 916 1115 Gasiu.
936 1073 1053 1130 qnorum
1095 1067 1156 1115 rent
1171 1055 1331 1113 usulrueudi
1352 1057 1472 1138 nomine,
1493 1060 1520 1110 et
1536 1054 1570 1110 de
1590 1055 1732 1138 usulructu
1748 1060 1819 1127 ejus,
1839 1060 1913 1130 quud

234 1131 357 1187 meminit
372 1131 471 1185 Baron.
492 1135 512 1184 t.
533 1129 589 1196 llll,
610 1143 671 1186 cum
686 1145 720 1185 ex
735 1145 784 1196 ea,
805 1145 868 1200 quae
883 1132 989 1196 Petrus,
1005 1130 1053 1186 al·
1094 1129 1196 1185 uellent
1210 1127 1342 1191 lacerent,
1356 1131 1383 1182 et
1397 1141 1419 1182 st
1435 1140 1494 1196 lpse
1504 1127 1623 1182 loannes
1638 1135 1744 1184 virente
1760 1131 1819 1199 ipsa
1829 1145 1915 1187 uxore

233 1202 316 1273 pbani
331 1202 514 1272 synchronus,
531 1214 562 1256 ac
585 1201 687 1257 Cbron.
708 1203 799 1257 Casio.
820 1203 957 1272 scripsere
972 1201 1053 1257 iacile
1095 1215 1143 1257 sua
1162 1200 1278 1256 obiisset
1300 1213 1316 1254 a
1341 1205 1477 1267 prasente
1501 1199 1613 1280 mediet.
1637 1215 1670 1254 ex
1693 1201 1754 1269 ipso
1774 1201 1916 1257 usufructu

233 1273 326 1344 colligi
354 1276 445 1342 potest
463 1272 615 1341 alpbannm
639 1273 755 1342 primum
775 1281 900 1343 poemata
923 1273 1051 1329 dictasse.
1096 1271 1252 1342 perveniret
1266 1271 1293 1325 iu
1310 1274 1446 1352 potestate
1463 1277 1590 1352 partuum,
1611 1277 1638 1325 et
1662 1272 1807 1327 custodum
1828 1274 1916 1343 praed.

233 1345 312 1401 Libet
331 1346 412 1400 etiam
427 1343 473 1398 bie
486 1343 643 1400 exscribere
658 1344 824 1401 oblationem
839 1345 1055 1413 loanniscujus-
1095 1343 1227 1400 Ecclesia
1245 1343 1272 1396 S.
1293 1341 1403 1409 supbrae
1437 1339 1555 1396 laciend.
1581 1355 1614 1395 ex
1638 1355 1680 1406 ea,
1701 1342 1775 1411 quod
1801 1345 1914 1410 vellent,

233 1416 295 1473 dam
320 1414 500 1471 iabriierrarii
523 1414 698 1482 salernitani,
728 1430 809 1485 qnam
838 1415 903 1472 iecit
928 1415 1055 1472 ecclesie
1096 1415 1182 1471 altera
1196 1427 1260 1468 vero
1272 1413 1404 1468 medietas
1414 1425 1447 1494 en
1460 1413 1522 1494 ipso
1537 1410 1679 1496 usufructu
1694 1421 1767 1469 esset
1781 1415 1811 1470 iu
1827 1423 1917 1484 potes

233 1491 336 1543 sanctae
347 1486 560 1556 Sopbiaeccram
576 1487 674 1542 Sicone
689 1488 790 1543 comite
805 1501 837 1542 ac
849 1487 943 1556 judice
958 1488 1055 1543 eodem
1096 1493 1153 1542 tate
1168 1485 1250 1540 dictae
1265 1485 1315 1539 lsae
1335 1483 1399 1538 dum
1424 1488 1546 1549 vrxrsset,
1566 1488 1594 1538 et
1612 1497 1636 1539 sr
1658 1497 1718 1554 rpsa
1741 1493 1805 1541 ante
1828 1489 1916 1542 tirum

232 1570 323 1624 auno,
340 1572 372 1614 ac
387 1571 480 1614 mense
493 1557 616 1624 Octobri,
630 1558 730 1628 quibus
754 1558 893 1628 ulphanus
911 1557 1057 1615 deiunctus
1098 1570 1177 1613 suum
1197 1556 1322 1621 obiisset,
1339 1560 1405 1610 tunc
1428 1560 1526 1625 quarta
1549 1568 1613 1624 pars
1635 1569 1669 1610 ex
1692 1555 1753 1626 ipso
1772 1557 1917 1614 usulructu

237 1636 290 1696 est,
307 1629 353 1685 nbi
369 1633 397 1685 et
410 1628 551 1699 Alpbanus
571 1631 631 1698 ejus
645 1643 808 1697 successor,
830 1639 895 1685 tuuc
915 1631 1059 1700 presbyter
1098 1629 1254 1699 perueniret
1269 1627 1296 1681 iu
1318 1631 1452 1695 potestate
1472 1626 1600 1710 partium,
1618 1631 1646 1681 et
1672 1635 1811 1684 rectorum
1830 1629 1919 1700 ipsius

234 1709 329 1757 custos
343 1701 370 1755 S.
392 1700 516 1766 Maximi,
532 1698 620 1756 adluit
635 1715 696 1755 cnm
718 1700 780 1756 aliis
795 1700 920 1769 pluribus
934 1701 1056 1757 Salerni·
1100 1699 1225 1755 ecclesie
1240 1701 1267 1753 S.
1288 1697 1398 1766 Sopbiae
1417 1697 1452 1752 ad
1475 1695 1593 1752 lactend.
1610 1711 1643 1752 er
1667 1711 1701 1753 eo
1735 1699 1789 1755 uod
1805 1701 1917 1766 uellent,

234 1773 299 1828 tatis
315 1771 494 1840 presbyteris,
502 1771 734 1841 ecclesiarumque
745 1771 974 1841 custodibus;sic
982 1753 1220 1840 cnthrctiquas
1238 1783 1304 1825 vero
1328 1775 1390 1850 tres·
1409 1773 1501 1837 partes
1522 1783 1556 1823 en
1583 1769 1644 1839 ipso
1668 1713 1811 1854 nsuiructu
1835 1774 1873 1828 sit
1892 1774 1919 1827 in

235 1857 265 1899 se
280 1842 363 1897 babet
375 1841 410 1896 ab
426 1841 585 1910 exemplari.
1098 1849 1234 1912 potestate
1250 1841 1278 1895 d.
1293 1843 1416 1905 Joanms,
1434 1847 1494 1909 post
1509 1852 1574 1894 reru
1589 1840 1730 1896 amborum
1746 1856 1882 1912 ipsorum,
1894 1853 1918 1898 et

272 1931 287 1964 u
307 1914 335 1967 lu
352 1913 462 1968 nomine
486 1913 534 1968 liei
550 1912 657 1977 aeterni,
678 1920 706 1968 et
720 1912 867 1969 saluatoris
886 1914 972 1970 nostrl
992 1916 1055 1969 lesu
1097 1916 1147 1969 lsae
1163 1912 1280 1976 obitum,
1295 1917 1381 1967 totum
1396 1911 1486 1980 ipsum
1499 1909 1670 1966 usufructum
1684 1913 1779 1968 redcat
1794 1914 1829 1968 ad
1844 1929 1921 1970 suam

235 1983 347 2039 Christi.
367 1987 445 2039 Anno
468 1983 503 2038 ab
527 1984 716 2039 incarnatione
740 1984 861 2053 ejusdem
891 1983 967 2050 1085,
988 1991 1056 2040 tem·
1097 1985 1304 2056 proprietatem,
1321 1990 1349 2038 et
1365 1996 1414 2052 per
1433 1995 1511 2038 cont.
1528 1983 1649 2052 ipsevir,
1665 1989 1692 2039 et
1707 1998 1779 2040 uxor
1792 1986 1920 2056 guadiam

236 2056 351 2125 poribus
379 2054 482 2110 domini
512 2055 599 2108 lustri
623 2054 733 2126 Rogerii
752 2055 944 2126 gloriosissimi
965 2055 1054 2122 ducis,
1097 2057 1151 2126 ipsi
1170 2055 1268 2110 toauui
1283 2054 1392 2110 custodi
1408 2066 1458 2123 pro
1477 2062 1555 2125 parte
1570 2054 1658 2123 ipsius
1671 2056 1746 2110 Eccl.
1763 2058 1791 2111 S.
1808 2058 1919 2128 Sopbie

235 2139 322 2181 meus.
338 2127 475 2192 Octobris,
490 2141 517 2180 ιι
531 2124 628 2180 indict.
1034 2179 1037 2185 ,
1097 2125 1250 2192 dedissent,
1267 2131 1294 2181 et
1313 2125 1505 2195 noejussioucs
1524 2125 1549 2184 ei
1570 2139 1620 2198 pro
1639 2125 1743 2185 eisdem
1763 2127 1840 2183 Eccl.
1859 2142 1919 2200 par.

271 2214 285 2247 u
314 2199 383 2251 aute
410 2209 453 2251 me
479 2195 606 2253 Siconem
634 2196 762 2252 comitem
791 2203 820 2253 et
841 2196 962 2267 judicem
981 2197 1057 2254 venit
1097 2199 1254 2270 potuissent
1269 2198 1443 2268 semctipsos,
1458 2204 1485 2254 et
1496 2213 1546 2268 per
1562 2199 1649 2269 ipsam
1663 2200 1788 2271 guadiam
1800 2201 1919 2271 ipsevir,

232 2267 353 2324 loannes
377 2267 521 2336 presbyter
543 2273 637 2323 custos
660 2267 785 2323 ecclcsiae
804 2268 831 2323 S.
853 2268 973 2338 scpbiae.
994 2283 1055 2339 quae
1097 2277 1125 2326 et
1135 2283 1205 2326 uxor
1218 2270 1378 2325 obtuleruut
1388 2283 1427 2336 se,
1440 2275 1468 2325 et
1477 2284 1543 2326 suos
1552 2270 1689 2337 heredes,
1700 2273 1723 2327 si
1733 2273 1807 2328 sicut
1817 2272 1920 2328 dictum

234 2339 346 2394 condita
358 2345 400 2394 est
413 2338 486 2394 intra
501 2337 571 2394 hauc
585 2338 782 2394 salernitanam
793 2337 941 2405 ciuitatem,
953 2346 980 2395 et
994 2355 1055 2396 curu
1097 2348 1148 2407 est,
1165 2355 1220 2397 uon
1244 2339 1468 2410 adimplevissent
1490 2355 1657 2412 componere
1673 2357 1731 2413 par.
1758 2353 1785 2400 et
1809 2345 1920 2400 custodi

235 2422 269 2465 eo
284 2415 419 2465 uenerunt
429 2416 523 2464 testes.
535 2410 569 2465 lli
583 2415 648 2466 suut
656 2410 796 2479 Alpbanus
807 2411 950 2481 presbyter
962 2419 1056 2467 custos
1097 2413 1184 2482 ipsius
1194 2413 1320 2467 ecclesia
1333 2414 1360 2467 S.
1372 2412 1483 2482 Sopbiae
1493 2411 1529 2466 50
1537 2428 1597 2469 aur.
1609 2414 1715 2472 solidos
1726 2417 1877 2472 constanti.
1889 2417 1921 2470 Et

234 2479 360 2536 ccclesiae
384 2481 412 2536 S.
442 2481 574 2548 blaximi,
603 2487 631 2537 et
663 2482 759 2537 Petrus
791 2481 936 2553 presbyter
962 2489 1056 2538 custos
1097 2483 1921 2555 sisicutdictumestadimplere,etipsalsadixeruutdicta

234 2551 361 2609 ecclesia
376 2552 403 2607 S.
423 2552 505 2608 llarci
521 2564 608 2621 prope
632 2556 737 2620 portam
758 2553 905 2609 liotensem
925 2559 1056 2610 coustru-
1096 2554 1194 2611 iecisse
1211 2569 1273 2610 cum
1286 2555 1425 2610 uoluntate
1438 2554 1505 2610 dicti
1521 2557 1572 2611 viri
1587 2557 1641 2625 sui,
1657 2571 1719 2612 rum
1736 2565 1829 2614 autem
1844 2559 1922 2628 ipsos

234 2629 318 2688 etam,
346 2627 374 2677 et
405 2621 498 2677 Mauso
527 2622 654 2684 clericus,
675 2629 703 2678 et
731 2623 904 2692 primicerius
932 2625 1055 2694 ejusdem
1096 2632 1191 2692 testes,
1208 2624 1354 2682 utdictum
1374 2631 1415 2682 est
1429 2625 1614 2683 certificantes
1632 2629 1735 2696 audiri,
1752 2630 1921 2700 interrogari

234 2692 361 2750 ecclesie
376 2693 405 2748 S.
425 2692 519 2758 blanci,
536 2700 564 2748 et
583 2694 679 2749 Petrus
698 2694 842 2764 presbyter
856 2699 950 2751 custos
964 2696 1055 2753 eccle·
1097 2711 1145 2754 eos
1164 2698 1187 2753 si
1202 2697 1311 2753 illorum
1327 2699 1513 2754 testimouium
1528 2696 1654 2770 legaliter
1664 2699 1772 2756 firmare
1783 2707 1920 2770 possent:

233 2766 283 2821 siae
298 2766 325 2820 S.
346 2764 485 2829 Gramatii,
503 2769 531 2818 et
550 2765 658 2820 llaurus
674 2766 818 2838 presbyter
830 2765 917 2836 ipsios
929 2767 1055 2824 ecclesie
1096 2769 1138 2824 illi
1153 2775 1243 2825 autem
1263 2769 1317 2824 boc
1331 2768 1426 2824 audito
1446 2769 1586 2836 dixerunt,
1606 2775 1633 2825 et
1651 2770 1874 2841 spoponderunt,
1892 2786 1922 2827 se

233 2836 262 2892 S.
281 2835 402 2905 sophia,
424 2841 451 2891 et
473 2834 526 2905 ipsi
552 2841 637 2892 testes
658 2836 797 2892 testidcati
816 2843 890 2904 suut,
911 2845 939 2894 et
962 2852 1055 2895 coram
1097 2841 1150 2896 boc
1174 2841 1248 2910 quod
1269 2839 1407 2896 testilicati
1431 2846 1495 2896 suut
1517 2841 1669 2897 secuudum
1691 2841 1780 2913 legem
1799 2842 1923 2908 ilrmare,

233 2906 289 2963 illis
303 2921 352 2962 sex
366 2905 492 2976 pluribus
506 2906 567 2962 aliis
589 2908 710 2963 loannes
728 2907 806 2963 laben
819 2906 951 2965 terrarius
966 2910 1055 2966 illius·
1097 2925 1158 2968 cum
1174 2925 1287 2967 necesse
1310 2909 1403 2976 fuerit,
1419 2917 1502 2982 atque
1525 2907 1677 2980 testiiicari,
1696 2914 1772 2984 quod
1791 2915 1925 2984 superius

272 2978 446 3043 elladecisii,
463 2984 491 3032 et
504 2978 546 3032 lsa
562 2981 701 3048 uxorcjus
716 2979 825 3050 liliaque
841 2981 963 3048 llaraldi,
984 2981 1055 3038 bona
1097 2983 1170 3038 inter
1193 2983 1313 3052 virgulas
1334 2983 1467 3054 scriptum
1488 2988 1539 3050 est,
1554 2983 1655 3055 iegitur
1668 2985 1720 3052 uir,
1735 2993 1763 3040 et
1785 2999 1869 3052 uxor,
1891 3000 1924 3042 eo

232 3049 342 3104 ilorum
375 3048 516 3103 voluntate
549 3062 599 3117 pro
636 3049 724 3105 salute
761 3051 911 3106 animarum
945 3067 1055 3109 suarum
1098 3054 1189 3110 taliter
1205 3055 1255 3109 tibi
1269 3054 1367 3110 loanni
1382 3054 1502 3120 notario,
1515 3055 1562 3125 qui
1577 3054 1737 3122 interfuisti,
1753 3063 1780 3112 ct
1795 3071 1831 3112 eo
1844 3057 1923 3126 quod

233 3119 399 3175 obtulissent
417 3119 445 3174 in
466 3118 526 3187 ipsa
554 3120 670 3175 ecclesia
690 3121 717 3175 S.
738 3121 858 3191 Sophiae,
880 3123 923 3178 cui
945 3125 974 3176 t).
995 3125 1054 3179 llu-
1096 3125 1163 3180 dicti
1179 3126 1230 3190 vir,
1247 3132 1275 3181 et
1290 3139 1360 3180 rrxor
1379 3132 1545 3196 peregerunt
1560 3133 1630 3182 teste
1645 3135 1672 3184 te
1687 3140 1748 3183 esse
1769 3129 1923 3197 promisisti

232 3203 333 3245 acaum
356 3189 557 3246 venerandas
587 3198 697 3259 praest,
727 3204 823 3248 omnes
855 3207 899 3248 res
932 3193 1053 3260 illorum,
1097 3197 1219 3252 scribere
1235 3195 1364 3266 precepi.

232 3274 302 3331 quas
315 3261 357 3316 eis
370 3260 620 3331 quomodocunque
644 3261 786 3331 pertinuit,
812 3269 840 3319 et
861 3265 962 3332 pertin.
987 3264 1055 3321 loris
1129 3285 1148 3320 u
1169 3268 1195 3338 y
1212 3268 1268 3338 Ego
1289 3267 1337 3337 qui
1352 3281 1435 3338 supra
1446 3267 1543 3338 judex.
1564 3289 1577 3318 s

231 3331 304 3388 banc
318 3331 455 3388 civitatem
479 3332 507 3386 in
527 3331 597 3388 locis
620 3333 780 3400 Saraniano,
801 3341 828 3390 et
848 3333 1006 3402 Palliciano,
1028 3344 1055 3393 et
1131 3339 1187 3394 Sub
1202 3339 1274 3394 idem
1290 3347 1398 3409 tempus
1412 3337 1554 3396 Gauierius
1565 3339 1756 3408 salernitatus,
1768 3343 1922 3398 monachus

231 3417 283 3474 per
306 3403 352 3459 liu.
382 3410 409 3459 et
432 3402 575 3469 vocabula,
601 3410 629 3458 et
657 3404 758 3474 pertin.
779 3405 901 3474 ipsorum
930 3407 1054 3464 locorum
1095 3410 1216 3476 Casinas,
1232 3410 1508 3479 virsapientissimus
1523 3425 1555 3467 ac
1570 3410 1783 3472 facundissimus
1802 3417 1921 3470 maxima

231 3489 293 3531 cum
321 3475 459 3542 omnibus,
481 3488 542 3545 que
566 3475 638 3530 iutra
666 3489 698 3531 ea
724 3481 798 3543 suut,
816 3481 978 3548 cunctisque
997 3481 1055 3536 suis
1096 3495 1157 3536 cnm
1173 3482 1274 3551 pietate
1295 3482 1372 3548 vixit,
1388 3481 1522 3553 pluraque
1541 3483 1583 3538 sui
1608 3482 1713 3554 ingenii
1742 3492 1921 3542 monumenta

230 3546 332 3618 pertin.
348 3552 451 3602 etcum
466 3547 525 3602 rice
540 3546 575 3601 de
590 3547 764 3614 viissuis,et
779 3560 840 3604 cum
856 3549 1054 3607 muniminibus
1094 3553 1217 3622 reliquit,
1238 3567 1300 3623 qua
1321 3551 1479 3608 reieruutur
1494 3568 1509 3608 a
1525 3554 1605 3609 Petro
1625 3555 1746 3612 Diacono
1762 3557 1789 3610 ia
1810 3556 1860 3611 lib.
1883 3559 1920 3611 lte

231 3633 265 3675 ex
283 3617 324 3676 eis
339 3618 444 3674 contin.
456 3631 488 3673 ea
503 3618 619 3685 ratione,
635 3625 665 3673 ut
679 3632 789 3689 semper
803 3620 859 3675 sint
873 3622 901 3676 in
917 3627 1053 3692 potestate
1093 3623 1136 3678 vir
1149 3625 1248 3679 illustr.
1266 3623 1368 3691 casin,
1380 3623 1485 3696 dequo
1497 3625 1578 3680 etiam
1589 3625 1692 3682 chron.
1709 3626 1800 3682 casin
1812 3627 1862 3682 lib.
1877 3642 1918 3684 ιιι.

231 3689 376 3746 custodum
406 3689 493 3760 ipsius
520 3688 646 3745 ecclesie
665 3690 692 3746 S.
713 3691 834 3761 Sopbiae,
859 3696 886 3747 et
914 3691 1052 3750 licentiam

232 3831 1917 3897 Ε

897 4033 1248 4180 luebunt

326 4259 437 4323 PRIMI
458 4261 722 4324 subeuntium
743 4263 1046 4328 ARCHIEPISCOPI
1068 4267 1257 4330 Gaudenti
1280 4269 1338 4331 vt1
1357 4269 1472 4329 PONF.
1495 4270 1592 4331 MAX.
1615 4267 1822 4330 GOAETANEI

929 4441 1213 4559 oanulltu

319 4635 465 4704 AleQUE
484 4635 594 4692 PAUCA
612 4635 646 4692 ln
665 4635 787 4705 QUIBUS
805 4641 918 4697 notia
935 4642 980 4697 ΑΙ)
999 4642 1130 4699 SACRAM
1150 4643 1331 4699 Histonium
1350 4645 1574 4701 munimentis
1591 4645 1828 4703 annotationi.

231 4781 380 4864 Quorum
394 4782 560 4867 exemplar
574 4803 612 4847 ec
626 4793 748 4850 vetusto
764 4787 986 4870 manuscripto
1001 4788 1109 4854 codice
1132 4790 1250 4856 litteris
1276 4789 1536 4876 Loupolrardibis
1555 4804 1700 4869 caerulo,
1718 4791 1921 4859 bibliothece

353 4869 538 4938 Casiuenois
552 4871 645 4940 baud
658 4874 760 4940 onius
773 4895 870 4959 opera
884 4877 1031 4960 petitum,
1048 4898 1136 4944 nune
1147 4880 1297 4963 priotrmn
1307 4879 1441 4964 petilian
1456 4880 1601 4948 doccatur
1614 4881 1792 4948 cornnwdo.

783 5017 925 5090 (domatur,
940 5017 1023 5076 Italic
1036 5035 1125 5085 aomo,
1146 5028 1166 5079 t.
1183 5023 1214 5091 ll,
1232 5022 1286 5080 col.
1301 5021 1362 5094 47.)

628 5245 650 5304 l.
1127 5257 1155 5312 in
1173 5257 1245 5326 cuiue
1273 5257 1396 5313 bonorem
1423 5258 1589 5330 episcopatos
1621 5259 1704 5331 ipsius
1731 5264 1770 5316 est
1802 5260 1917 5318 ecelesia

234 5371 328 5428 Versus
347 5369 467 5446 Aipbooi
489 5369 654 5430 salernitani
672 5373 860 5448 orobiept'scopi
879 5375 914 5431 ud
935 5377 1048 5434 Pendul-
1126 5333 1289 5385 wmam'
1419 5437 1425 5450 y
1728 5439 1733 5450 ¹
1844 5441 1851 5452 ¹

264 5441 342 5514 pion
364 5446 513 5570 caesapon
536 5444 727 5514 bucacanum,
752 5460 816 5517 quos
838 5447 900 5518 fecit
923 5447 979 5519 ejus
1005 5463 1049 5505 ro.
1090 5435 1193 5492 Praesul
1209 5435 1334 5504 amande,
1355 5450 1441 5508 magus
1459 5437 1546 5495 multo
1561 5451 1642 5508 quam
1658 5437 1750 5495 credis
1764 5451 1864 5508 amaru,

265 5519 354 5584 potum
401 5515 477 5572 utem
491 5514 574 5574 leole
588 5514 696 5573 Saline
713 5513 896 5574 illustrissime
913 5521 1047 5592 martyria,
1125 5525 1224 5596 nsplcc
1239 5527 1423 5597 compositum
1441 5533 1534 5585 mente
1553 5529 1675 5586 verentis
1689 5541 1770 5599 opus.
