4024 6174
217 197 268 254 tur
702 197 892 256 emundetur
912 197 1118 256 reuenirent
1136 199 1415 258 constantiensis
1826 204 1871 261 tte
1977 227 1978 292 y

215 329 273 381 tam
293 323 446 381 orationem
470 323 525 380 duo
555 322 603 395 pili
627 322 660 379 ad
685 334 839 378 mensumm
863 321 942 394 digiti
957 322 1128 386 uninsActo
1148 325 1297 382 certamine
1320 323 1455 396 legittimo
1474 329 1529 380 mm
1548 321 1647 395 insigna
1664 323 1753 396 glorta
1770 326 1873 386 celestis

217 412 293 485 longi
315 413 343 469 ln
368 413 468 483 pollice
492 427 588 469 manns
606 411 680 468 iilius
694 416 889 478 excreverant;
909 425 964 482 quo
980 411 1039 482 ipse
1080 413 1219 484 triumpbo
1233 415 1393 484 perenniter
1408 414 1535 470 coronari
1560 411 1686 470 delectat.
1700 413 1795 470 Eodem
1813 429 1874 473 auno

219 502 276 559 «iso
291 502 323 534 ¹⁵⁷
337 514 392 558 non
416 516 511 572 parum
535 515 596 558 cum
620 501 757 567 omnibus,
774 500 874 572 quibus
886 514 950 558 mox
965 513 1041 557 mou·
1080 502 1205 573 quaedam
1225 510 1347 560 matrona
1361 503 1390 558 in
1404 500 1563 558 Alamannia
1582 513 1693 572 puerum
1712 513 1764 558 non
1776 503 1874 561 multum

219 591 325 658 stravit,
342 590 469 660 stupidus
484 589 607 655 allectus,
623 595 689 645 tunc
703 595 730 646 et
746 588 774 645 in
791 595 930 659 posterum
946 603 1039 646 secum
1078 591 1207 658 vivacem,
1237 597 1265 648 et
1292 604 1354 647 cum
1383 604 1416 648 co
1445 590 1548 660 pariter
1569 594 1650 659 caput
1676 589 1750 659 quasi
1771 590 1875 648 bominis

219 679 287 736 satis
296 679 388 735 mirari
399 677 516 734 solebat.
527 680 557 734 ln
568 677 663 733 eadem
675 690 788 747 quoque
799 677 904 748 syuodo
915 679 1039 748 quaedam
1080 680 1184 751 absque
1217 680 1344 738 omnibus
1375 679 1501 736 humanis
1525 677 1653 734 membris
1675 676 1825 747 solitarium,
1842 686 1877 736 aet

221 769 286 825 ilem
310 765 450 834 miracula,
465 780 527 836 quae
547 764 692 821 Mediolani
707 765 740 820 ad
756 765 932 835 sepulchrum
947 765 1041 823 domni
1081 769 1175 825 vivens
1193 775 1221 824 et
1239 783 1274 825 ex
1301 774 1360 825 toto
1388 767 1496 824 cunctis
1523 767 1581 823 suis
1600 766 1723 823 sensibus
1740 766 1878 824 humanitus

221 855 359 913 Erlebaldi
383 853 465 924 (tea),
494 853 542 924 qui
567 859 595 910 el
620 853 680 923 lpse
699 860 814 925 propter
829 854 963 923 justitiam
979 859 1042 911 ante
1081 857 1152 914 bene
1179 856 1335 923 formatum,
1363 855 1512 928 generavit.
1541 853 1630 923 Quod,
1659 854 1721 910 dum
1748 853 1878 912 inlantulus

220 944 370 1001 triennium
396 957 492 1014 passus
518 947 571 1008 est,
587 940 658 998 lacta
679 950 753 1009 sunt,
778 943 968 1013 probabilibus
981 958 1043 1014 per·
1083 945 1129 1002 illo
1149 959 1211 1002 mox
1230 944 1379 1002 moriturus
1397 945 1592 1015 baptizaretur,
1617 943 1774 1000 obstetrices
1796 956 1879 1013 aceep-

222 1033 298 1091 sonis
326 1036 382 1089 tota
407 1032 521 1087 veritate
549 1029 607 1086 illic
635 1030 829 1088 attestantibus
848 1036 876 1088 et
891 1031 989 1089 litteris
1011 1046 1043 1088 ea
1084 1042 1151 1103 tum,
1167 1039 1276 1090 secreto
1289 1040 1379 1090 tamen
1394 1038 1509 1103 propter
1523 1031 1658 1102 quantiam
1673 1030 1879 1093 erubescentiam.

223 1121 411 1178 commendate
426 1119 688 1186 demonstrantibus,
718 1119 832 1176 recitata
859 1125 933 1176 sunt.
949 1121 999 1188 Qui
1016 1126 1043 1176 et
1083 1128 1112 1179 et
1130 1124 1230 1195 ipsum,
1250 1135 1301 1194 pro
1321 1126 1380 1178 toto
1400 1109 1511 1178 bomine
1530 1133 1630 1176 nomeu
1648 1119 1804 1189 inponentes
1817 1119 1881 1187 ei,in

221 1212 281 1280 ipse
303 1213 397 1266 orator
424 1208 646 1275 facundissimus,
675 1213 703 1264 et
728 1209 780 1264 sub
807 1209 923 1265 seculari
947 1209 1042 1266 babitu
1083 1213 1194 1270 nomine
1209 1218 1312 1268 sancte
1331 1211 1472 1268 Trinitatis
1486 1209 1678 1282 baptizabant;
1694 1213 1736 1264 set
1749 1207 1881 1266 nonmulto

220 1298 323 1355 atbleta
337 1299 386 1354 bei
409 1296 627 1366 sollertissimus,
650 1298 791 1354 canonicae
819 1304 987 1354 restaurator
1002 1298 1043 1354 di·
1084 1308 1147 1372 pest
1162 1301 1339 1358 moriebatur.

221 1386 346 1458 sciplinae
373 1391 401 1444 et
428 1387 620 1453 observantiae,
651 1384 789 1443 nicolaitis
819 1393 848 1443 et
876 1388 1044 1458 symonianis
1412 1431 1563 1488 mmm

221 1477 352 1534 hereticis
370 1475 429 1532 zelo
442 1477 490 1532 bei
506 1475 533 1531 in
549 1479 654 1532 mutum
669 1475 780 1544 restitit,
795 1483 826 1531 ut
836 1475 921 1532 lerme
939 1477 968 1531 in
984 1481 1043 1534 toto
1567 1473 1573 1486 “

221 1564 419 1622 llediolanensi
434 1565 595 1636 episcopatu
611 1563 702 1621 nullus
721 1577 815 1620 eorum
836 1569 1044 1622 noncorrectus
1119 1564 1275 1623 lloudulius
1293 1579 1342 1622 rex
1365 1565 1393 1621 in
1413 1563 1530 1621 saxonia
1549 1561 1623 1634 apud
1642 1561 1788 1620 Gnslmium
1804 1559 1885 1616 nativi·

223 1654 279 1709 sive
309 1666 365 1709 nou
394 1665 543 1708 conversus
568 1653 740 1708 remanserit.
770 1653 798 1709 Si
817 1653 880 1724 quis
893 1659 984 1709 autem
1000 1646 1076 1708 ca·B
1088 1661 1171 1712 tatem
1189 1655 1297 1714 Domini
1320 1667 1381 1711 cnm
1402 1654 1526 1710 maximis
1546 1652 1690 1710 Saxomca
1711 1649 1796 1724 gentis
1812 1648 1884 1718 copo

225 1741 334 1798 monicae
345 1740 512 1797 districtioni
524 1741 674 1811 perduellis
684 1747 713 1798 et
731 1741 906 1798 inoboediens
919 1747 1047 1813 repertus
1086 1744 1285 1817 gloriosissime
1308 1743 1466 1800 celebravit.
1490 1744 1549 1798 Rex
1566 1747 1659 1798 autem
1677 1739 1814 1796 lleinricus
1826 1736 1885 1792 bad·

226 1835 278 1896 est,
294 1843 356 1885 mox
369 1828 428 1899 ipse
454 1830 601 1900 assumptis
615 1843 707 1886 secum
735 1831 832 1886 turmis
846 1831 903 1886 suis
918 1830 1045 1887 militari-
1087 1847 1182 1904 sponae
1202 1833 1287 1889 biduo
1306 1837 1411 1889 mnium
1430 1829 1668 1902 qualitercumque
1683 1822 1885 1884 neonuttuute
1976 1829 1977 1867 i

226 1918 289 1986 bus,
305 1917 338 1974 ad
364 1919 523 1975 canonicam
547 1918 623 1975 illum
645 1932 788 1975 censuram
811 1924 858 1975 aut
881 1920 974 1992 coegit,
990 1921 1047 1976 sive
1088 1922 1157 1978 stive
1176 1923 1223 1978 vix
1240 1933 1424 1987 commorans,
1457 1919 1555 1976 iterum
1574 1916 1610 1974 ad
1629 1916 1796 1976 obsidionem
1813 1913 1886 1983 euius
1976 1930 1978 1984 ἦ

228 2006 340 2078 ingerit,
356 2012 403 2062 aut
417 2011 525 2078 captum
541 2007 732 2074 incarceravit,
750 2016 777 2064 et
797 2008 889 2065 omnia
904 2023 966 2078 quae
986 2021 1049 2080 pos·
1089 2012 1152 2067 dam
1183 2009 1299 2078 castelli,
1328 2009 1402 2066 unde
1420 2009 1495 2064 venit
1519 2005 1551 2039 ¹⁴⁸
1570 2005 1649 2066 illuc.
1666 2007 1835 2076 properanter
1850 2014 1888 2056 re·

227 2095 336 2152 sidebat
359 2095 474 2166 diripuit
499 2102 528 2152 et
543 2095 695 2166 dissipavit.
716 2098 745 2152 ln
770 2099 849 2168 cujus
865 2095 993 2154 lectionis
1008 2099 1049 2153 ul·
1090 2101 1176 2166 dibat,
1197 2100 1225 2154 in
1240 2099 1296 2156 illis
1310 2098 1403 2156 Norici
1431 2097 1508 2154 sinus
1523 2096 1674 2166 orientalis,
1688 2093 1805 2166 partibus
1817 2103 1889 2160 usquc

227 2185 332 2241 tionem
355 2185 466 2256 quidam
489 2185 715 2253 Mediolanenses,
734 2187 782 2257 qui
804 2187 929 2258 episcopi
948 2185 991 2244 sui
1005 2201 1049 2256 sy·
1090 2189 1119 2245 in
1150 2187 1267 2245 mediam
1304 2187 1538 2259 quadragesimam
1571 2183 1823 2254 quomodocumque
1851 2190 1890 2248 pet

229 2273 347 2330 moniaci
372 2271 465 2346 (170),
494 2274 537 2330 eui
554 2279 581 2328 et
605 2275 664 2345 ipse
683 2280 741 2330 tota
757 2289 810 2346 qua
826 2280 933 2347 poterat
948 2275 1049 2331 virtute
1091 2277 1152 2334 loca
1171 2277 1294 2334 incertus
1311 2290 1422 2348 vagans,
1452 2279 1480 2330 et
1498 2274 1572 2330 illam
1592 2273 1710 2344 patriam
1729 2281 1830 2342 quoque
1846 2277 1890 2322 nou

228 2361 389 2418 adversatus
404 2366 456 2426 est,
476 2376 527 2418 nec
542 2375 598 2418 non
622 2363 696 2433 regis
717 2362 849 2430 lleinrici,
871 2362 917 2434 qui
933 2361 1049 2419 eundem
1092 2365 1209 2423 modicis
1241 2364 1374 2421 itionibus
1396 2363 1553 2434 hujusmodi
1585 2362 1728 2418 hostiliter
1757 2357 1890 2414 devastans.

229 2449 284 2506 illis
313 2449 465 2506 hereticum
494 2451 632 2522 apposuit,
663 2451 791 2522 morigeri
819 2457 846 2508 et
867 2456 1051 2508 assentatores
1092 2454 1158 2511 lude
1178 2455 1258 2510 etiam
1274 2453 1379 2524 legatos
1393 2466 1458 2508 suos
1476 2452 1623 2522 episcopos
1644 2449 1860 2520 osniburgensem
1871 2448 1892 2497 et

229 2537 348 2605 inerant,
373 2538 421 2596 bei
448 2545 574 2610 tyronem
598 2539 737 2612 egregium
763 2555 813 2611 pro
830 2541 936 2612 iustitia
952 2547 980 2596 et
998 2539 1051 2596 nde
1093 2544 1303 2601 Viriduuensem
1315 2540 1394 2614 (171)
1407 2543 1519 2598 Romam
1537 2539 1571 2597 ad
1591 2541 1725 2596 domnum
1735 2533 1892 2608 apostolicum

229 2641 281 2684 nec
296 2641 352 2684 non
372 2627 540 2684 oboedientia
555 2642 636 2700 quam
651 2628 704 2699 ipsi
718 2630 836 2687 domnus
850 2643 920 2700 papa
932 2629 1052 2686 Alexan·
1093 2640 1121 2690 et
1148 2633 1182 2690 ad
1214 2634 1362 2690 Romanam
1396 2631 1531 2702 synodum
1562 2643 1612 2700 pro
1650 2641 1731 2685 causa
1761 2637 1807 2680 sua
1837 2615 1893 2676 inibi

119 2776 120 2780 ,
230 2714 280 2771 der
308 2729 358 2788 pro
386 2715 543 2788 hujusmodi
575 2716 708 2788 inposuit,
737 2731 787 2788 per
815 2717 929 2774 insidias
956 2716 1052 2774 dolose
1093 2722 1199 2794 agenda
1223 2721 1333 2777 direxit.
1366 2720 1541 2790 legationem
1570 2724 1666 2774 autem
1690 2711 1854 2787 apostolicam
1872 2712 1894 2762 et

229 2805 351 2877 quinque
384 2806 465 2862 simul
512 2805 616 2863 lanceis
658 2806 809 2878 perfossum
843 2806 1052 2864 interfecerunt.
1093 2810 1361 2867 commonitariarum
1389 2808 1505 2864 Romani
1537 2805 1690 2863 cardinalis
1711 2803 1850 2860 litterarum
1866 2793 1892 2850 ad

229 2895 334 2952 liebinc
357 2895 530 2952 interiectum
554 2897 581 2952 in
606 2895 696 2967 platea
719 2897 837 2952 civitatis
862 2897 978 2953 cadaver
993 2897 1052 2966 ejus
1094 2914 1154 2957 eum
1170 2905 1356 2968 contemptum
1385 2903 1412 2956 et
1434 2896 1676 2955 conculcationem
1700 2901 1728 2951 et
1745 2887 1895 2948 inobedien-

230 2985 356 3040 exanime
372 2998 421 3056 per
445 2984 564 3040 triduum
590 2998 625 3040 ne
647 2985 796 3054 sepulturae
815 2985 980 3054 traderetur,
994 2973 1082 3058 gia-G
1094 2990 1169 3054 tiam,
1185 3001 1265 3058 quam
1287 2994 1347 3044 toto
1367 2986 1429 3042 nisu
1446 2985 1534 3059 palam
1554 2984 1687 3042 omnibus
1705 2979 1836 3054 prelessns
1851 2980 1893 3038 tel.

232 3071 350 3127 diatoria
378 3085 459 3128 manu
488 3072 712 3129 inhumanissime
736 3074 947 3144 prohibuerunt.
963 3075 1053 3131 Tertia
1094 3077 1260 3134 astutissima
1281 3075 1397 3147 quadam
1416 3076 1572 3142 occasione,
1593 3089 1625 3132 ac
1642 3074 1667 3130 si
1686 3070 1770 3130 nichil
1788 3075 1895 3136 nmquam

232 3172 298 3216 vero
326 3165 406 3216 noete
435 3161 463 3215 in
493 3160 550 3229 ipsa
588 3161 648 3230 ejus
681 3161 843 3232 intempesta
872 3163 918 3219 lux
945 3162 1054 3219 coelitus
1093 3166 1136 3222 val
1156 3179 1251 3236 parum
1270 3165 1336 3236 quid
1360 3165 1425 3222 inde
1444 3163 1563 3232 audiret,
1590 3164 1706 3220 omnino
1727 3153 1894 3216 dissimulavit.

233 3247 333 3305 emissa
346 3255 409 3310 tam
433 3247 593 3316 clarissima,
610 3255 640 3306 ut
664 3250 774 3321 quidam
794 3251 841 3321 qui
859 3251 894 3307 ab
910 3251 977 3308 urbe
992 3250 1055 3322 plus
1094 3258 1151 3312 llos
1169 3255 1251 3312 etiam
1270 3254 1305 3310 de
1332 3253 1440 3326 synodo
1472 3265 1632 3311 reversuros
1662 3251 1832 3322 itatispouam
1852 3252 1896 3300 neu

234 3351 315 3408 quam
345 3337 439 3394 decen
468 3337 584 3395 miliaria
612 3339 736 3404 aberant,
766 3339 948 3396 certissimum
978 3339 1055 3395 urbis
1095 3357 1156 3400 cum
1171 3342 1282 3400 minima
1297 3342 1484 3400 sollicitudine
1499 3326 1896 3414 prestolatusest;quippeuti

232 3427 321 3498 ipsius
349 3427 506 3485 incendium
531 3443 585 3486 nen
614 3423 782 3498 dubitarent,
803 3444 887 3500 super
905 3442 1006 3500 corpus
1020 3429 1054 3485 ad
1095 3447 1144 3489 sua
1157 3436 1227 3488 teste
1247 3431 1416 3488 conscientia
1435 3431 1596 3502 promeruit,
1612 3429 1746 3501 quiddam
1764 3423 1822 3482 novi
1836 3415 1897 3490 quod

233 3517 316 3574 trium
331 3517 459 3574 bonarum
482 3519 600 3590 spatium
615 3518 787 3588 resplenduit
803 3540 811 3584 t
829 3525 856 3574 et
872 3519 944 3574 inter
961 3519 1055 3589 plures
1095 3521 1210 3578 maxime
1238 3520 1360 3578 noluerit
1386 3521 1421 3576 ab
1449 3519 1600 3590 apostolica
1618 3519 1688 3576 sede
1711 3516 1763 3574 sibi
1782 3504 1897 3582 reportari

233 3607 280 3677 qui
294 3621 344 3678 pro
363 3606 520 3677 hujusmodi
545 3607 625 3679 signo
650 3613 858 3674 concurrerant,
879 3607 990 3678 quidam
1005 3606 1055 3663 ira·
1095 3623 1151 3666 non
1179 3609 1324 3666 dubitavit.
1343 3610 1450 3666 -llcx
1483 3619 1593 3680 qnoque
1630 3604 1785 3666 Roudollus
1805 3607 1831 3657 et
1850 3597 1898 3666 ipse

232 3700 290 3752 tres
305 3694 353 3766 qui
367 3696 520 3753 visionibus
543 3697 576 3752 ad
593 3696 647 3754 boc
663 3697 690 3753 iu
706 3697 811 3752 somnis
826 3697 981 3768 praemoniti
998 3696 1055 3753 iue-
1096 3699 1199 3769 pariter
1227 3712 1279 3754 nec
1306 3711 1362 3754 uon
1395 3711 1490 3756 omues
1508 3697 1690 3758 consentanei
1722 3693 1794 3752 illius
1811 3689 1900 3758 legatos

234 3790 306 3850 rant,
330 3785 462 3841 audacter
485 3784 659 3852 accedentes,
682 3785 805 3842 tulerunt
824 3799 925 3857 corpus
943 3787 1012 3857 ejus,
1028 3790 1057 3842 et
1079 3800 1172 3860 suos,
1201 3799 1256 3844 non
1283 3801 1354 3858 quos
1371 3786 1524 3854 voluerant,
1545 3789 1588 3843 set
1606 3785 1819 3856 qualescumque
1835 3777 1900 3846 llll·

235 3873 330 3929 debito
346 3874 500 3929 orationum
524 3879 552 3931 et
574 3875 750 3945 exequiarum
780 3874 882 3941 cilicio,
903 3876 959 3932 beo
974 3881 1057 3946 prout
1097 3882 1169 3945 rant,
1189 3882 1217 3934 et
1235 3874 1287 3933 bos
1313 3874 1461 3933 artificiosa
1480 3876 1604 3947 qualibet
1621 3874 1770 3933 occasione
1794 3873 1819 3926 et
1836 3859 1901 3919 disd-

236 3961 361 4032 oportuit
374 3963 476 4034 gratias
490 3968 611 4034 agentes,
641 3962 669 4018 in
695 3964 863 4020 monasterio
882 3964 969 4020 sancti
984 3961 1057 4021 Celsi
1097 3963 1421 4031 mulatoria,arleandem
1441 3964 1577 4036 synodum
1587 3963 1805 4024 transmiserant,
1815 3954 1902 4012 donno

237 4050 366 4121 martyris
393 4051 572 4121 sepelierunt.
596 4053 708 4108 llemum
732 4066 797 4109 vero
819 4053 912 4109 multis
925 4051 1057 4110 virtutum
1098 4053 1251 4124 apostolico
1280 4067 1371 4109 veram
1401 4066 1452 4125 per
1474 4053 1571 4110 omnia.
1594 4049 1792 4110 obedientiam
1809 4043 1904 4101 deman·
1983 4111 1984 4116 ἵ

238 4145 266 4206 et
289 4138 482 4196 miraculorum
507 4140 674 4197 testimoniis
686 4138 733 4196 bic
747 4140 788 4196 vir
802 4141 860 4208 bei,
881 4140 983 4198 zelotes
998 4155 1059 4212 pra·
1099 4142 1207 4209 dantes,
1223 4149 1251 4198 et
1276 4148 1306 4198 ut
1335 4143 1504 4214 tyrannicam
1526 4148 1636 4212 mmque
1671 4139 1790 4196 flebilem
1815 4131 1903 4189 sancta
1983 4169 1984 4176 κ

237 4227 330 4285 vitatis
348 4228 479 4286 hereticae
508 4236 561 4286 tam
590 4227 753 4298 industrius,
782 4243 878 4286 revera
891 4228 939 4285 llei
954 4229 1059 4286 amicus
1102 4231 1235 4289 aecclesiae
1245 4231 1443 4288 desolationem
1460 4237 1574 4302 paterna
1587 4229 1776 4288 sollicitudine
1785 4219 1905 4290 respicere

238 4330 298 4374 esse
317 4323 345 4374 et
359 4317 442 4375 luisse
465 4318 654 4375 indubitanter
677 4319 744 4375 satis
765 4318 896 4374 divinitus
914 4319 1057 4388 probatum
1069 4299 1271 4392 Ddignaretur,
1291 4321 1414 4377 unanimi
1445 4325 1541 4392 rogatu
1569 4320 1623 4390 ipsi
1642 4315 1830 4376 sollerussime
1847 4315 1907 4364 conr

237 4413 290 4464 est.
311 4409 395 4479 Cuius
418 4407 562 4466 industriae
588 4414 616 4465 et
631 4408 777 4464 intentioni
796 4407 948 4478 quemlibet
961 4409 1059 4464 summi
1099 4409 1271 4466 mendantes.
1287 4410 1380 4482 Legati
1404 4414 1495 4466 autem
1514 4408 1587 4480 regis
1601 4405 1736 4472 lleinrici,
1752 4401 1814 4474 quit
1832 4394 1906 4492 ΜΨ

237 4497 311 4568 regis
325 4496 439 4554 militem
459 4503 487 4554 et
500 4502 603 4554 sauctae
629 4497 693 4555 fidei
718 4495 892 4554 defensorem
908 4494 1018 4553 sortiter
1032 4502 1060 4554 et
1100 4499 1141 4555 ire
1151 4504 1178 4555 et
1188 4499 1280 4554 omnia
1290 4513 1352 4570 quae
1363 4497 1507 4555 voluerunt
1518 4497 1633 4568 pacifico
1643 4495 1726 4554 libitu
1738 4490 1844 4550 elucere
1854 4488 1907 4540 till

238 4586 394 4644 exultanter
417 4587 445 4644 in
462 4586 572 4646 Christo
597 4587 729 4644 insistere
752 4599 807 4645 non
823 4587 925 4658 pigeat,
941 4586 965 4642 si
979 4600 1059 4659 pera·
1100 4587 1291 4659 longobardia
1309 4592 1338 4644 et
1358 4587 1461 4659 inipso
1476 4589 1599 4646 Romana
1618 4585 1688 4643 urbe
1708 4583 1843 4657 poteram,
1860 4583 1914 4628 Μ’·

915 4739 1028 4796 vanum
1051 4739 1244 4799 ammones.
1317 4705 1318 4708 Ὺ

276 4837 308 4872 “⁷
322 4839 382 4896 uisa
395 4838 423 4897 2.
463 4837 496 4873 ⁸⁸⁸
509 4841 622 4898 venerat
636 4837 678 4896 cd.

1029 4934 1137 4994 NOTAE.

280 5062 360 5148 (169)
376 5064 413 5120 lle
428 5062 618 5148 S3Erlebaldo
633 5077 681 5119 sen
696 5061 875 5119 arlembardo
892 5061 948 5118 vid.
964 5061 1063 5146 druul-
1104 5060 1237 5120 describit
1247 5061 1405 5134 druulpbus
1418 5061 1447 5120 in
1463 5061 1533 5119 llist.
1557 5059 1668 5120 llediol.
1684 5057 1735 5116 lib.
1751 5071 1791 5123 rv,
1805 5064 1862 5134 cap·
1886 5042 1914 5130 {⁰

244 5136 291 5206 pbr
315 5137 372 5193 lias.
397 5134 543 5218 lledtolan.
571 5134 620 5192 lrb.
636 5151 677 5220 ¹¹.¹.·
692 5148 758 5218 cap·
782 5131 824 5201 14,
849 5147 910 5204 sqq.
936 5133 1065 5190 Pluribus
1103 5135 1212 5218 (llnmt.
1237 5134 1333 5205 script.
1358 5133 1517 5198 Recital,
1543 5141 1564 5190 t.
1589 5127 1745 5216 lV.·p.·39,
1761 5133 1789 5211 ct
1806 5121 1913 5208 berbuli-

182 5283 183 5286 ,
243 5221 258 5264 a
279 5213 328 5264 unt
346 5207 548 5292 Beliandramt.
561 5208 583 5263 V
597 5208 670 5264 lnmr
686 5207 720 5263 ad
732 5205 804 5262 diem
813 5204 858 5273 27,
871 5219 897 5278 p.
914 5203 977 5273 219,
988 5219 1063 5276 sqq,
1105 5209 1206 5277 Sempe.
1222 5206 1385 5290 Brunsv.,·t.
1401 5206 1447 5275 lll,
1464 5220 1491 5277 p.
1506 5203 1580 5274 727),
1596 5204 1643 5262 ubr
1654 5207 1739 5259 elram
1754 5200 1915 5270 ntmtusellff

244 5278 474 5405 rlrogsscaedes'eyus
488 5278 562 5406 ³33³?
592 5277 815 5405 1φ5ηζοιξοτῑυὲ,
835 5275 1064 5404 εᾱίᾳηηιιῃῑῖρνο
1105 5276 1414 5405 {rellyusy-f‚⁰⁰r⁰h⁰·⁰{¹⁰2⁰5⁰
1431 5284 1604 5404 ἕὲηἳῖεὲοῧῑ.
1614 5271 1790 5403 gratentur
1803 5269 1914 5336 Gregorii

245 5356 647 5506 ,raillelitlufiltil
661 5361 1066 5504 llllieilllelldil
1155 5363 1417 5477 ’debiliate’
1468 5391 1476 5416 ·
1531 5390 1538 5414 ·
1586 5389 1598 5504 j
1638 5360 1675 5402 ⁵⁵·
1757 5402 1767 5422 ·

246 5491 299 5548 176
312 5491 347 5550 de
361 5507 395 5550 eo
409 5499 475 5566 aget.
499 5495 599 5552 liccem
617 5491 795 5560 arlembaldi,
810 5495 841 5548 ut
854 5495 942 5558 vocat,
963 5495 1067 5561 pariter
1162 5491 1208 5546 171
1241 5493 1398 5550 mononem
1417 5497 1445 5549 et
1458 5489 1667 5549 Theodericum.
