4106 6178
197 312 265 368 1309
735 305 812 361 titia
830 306 858 361 S.
879 305 968 362 Lttctt
989 304 1085 359 PAPAE
1105 304 1146 359 nt
1165 301 1344 360 musalms.
1811 294 1881 352 1310

138 444 142 452 ’
194 436 313 495 orationi
337 440 476 503 vacarent,
502 432 537 490 de
561 429 692 488 invisibili
724 431 805 487 boste
833 427 1138 502 triumpnareitsoies
1154 425 1305 485 Christiani
1328 423 1449 494 nominis
1460 421 1642 496 impellebant
1659 437 1665 478 :
1681 420 1746 479 inde
1770 435 1820 492 per
1834 419 1878 478 ic-

194 527 323 598 populns,
339 530 370 581 ut
389 523 523 595 pessimos
548 519 721 585 immeritas,
737 519 878 576 demones
896 520 1013 586 scilicet,
1056 531 1116 573 runi
1132 523 1160 574 et
1174 520 1264 574 rostra
1288 514 1436 586 populares
1460 526 1606 584 quosque,
1631 517 1662 566 ut
1684 511 1744 580 ejus
1766 508 1880 568 sceleris

192 613 301 686 abipsa
316 612 413 684 procul
428 611 548 667 statione
571 609 747 665 submoveret
757 627 766 675 ς
786 621 831 676 ne,
848 610 871 664 si
895 609 1016 666 desiste-
1056 607 1192 675 homines,
1204 611 1308 678 quanto
1319 603 1441 661 valerent
1450 601 1554 669 studio,
1571 600 1879 670 consentientemque

193 710 267 770 rent,
283 714 435 772 manusque
450 699 630 763 dimitterent,
651 695 728 753 iuudi
747 711 777 753 sc
799 697 954 753 uictoresa
977 697 1016 754 ui·
1056 697 1097 753 vel
1126 695 1267 754 acerrimis
1304 692 1460 750 stimulatos
1488 691 1570 754 odiis,
1599 689 1642 747 vel
1680 689 1752 746 datis
1779 688 1879 759 opibus

193 791 255 860 ctis,
281 790 476 862 redintegratis
501 788 600 845 iterum
628 785 796 858 legionibus,
817 785 1013 857 persentirent.
1055 791 1195 858 acceptos,
1210 785 1246 842 ad
1265 781 1423 856 huiusmodi
1438 779 1602 852 questionis
1623 777 1784 851 presidium
1803 789 1879 836 com-

232 879 273 936 l2.
294 879 459 937 servabatur
473 885 608 949 preterea
621 876 694 946 apud
709 889 767 942 cos,
788 876 816 931 in
831 878 1016 934 sacrosanctis
1055 881 1194 946 pararent.
1219 875 1258 931 lbi
1282 873 1326 929 bis
1349 875 1440 928 autem
1465 868 1609 924 instructis
1635 867 1764 935 testibus,
1785 871 1813 922 et
1836 878 1880 921 ac·

193 967 354 1026 ministeriis
379 965 512 1039 singulari
535 973 669 1037 apparatu
691 964 885 1036 exsequendis,
906 967 1013 1023 consti·
1055 963 1229 1022 cusatoribus
1252 961 1395 1029 institutis,
1411 962 1597 1031 prorumpunt
1619 957 1647 1013 in
1666 955 1780 1024 curiam,
1799 954 1878 1011 voci·

194 1057 309 1114 tutionis
332 1054 528 1113 ecclesiastice
552 1067 612 1110 mos
635 1053 787 1124 antiquus:
804 1067 865 1109 nam
885 1059 913 1110 et
932 1053 1012 1110 mini·
1055 1054 1171 1123 ierante,
1195 1054 1306 1126 quidem
1328 1050 1518 1115 multitudine,
1536 1062 1566 1104 se
1590 1045 1698 1104 reabse
1721 1043 1880 1115 interpella-

192 1151 313 1204 strorum
337 1145 545 1217 constipabatur
567 1157 664 1214 magna
688 1142 799 1213 quidem
822 1149 850 1199 et
865 1141 939 1199 ielici
955 1142 1013 1200 ine·
1055 1151 1133 1201 turos
1160 1156 1289 1200 cesarem
1322 1155 1354 1198 ac
1382 1144 1506 1196 senatum
1532 1151 1540 1191 z
1566 1135 1663 1192 dicunt
1691 1145 1800 1190 cansam
1819 1131 1878 1188 iere

193 1235 316 1308 quentia,
333 1249 395 1292 cum
421 1238 495 1291 esset
518 1232 553 1290 ad
577 1232 669 1288 diuina
692 1237 800 1288 secreta
819 1231 951 1288 solemnis
968 1247 1015 1290 ac·
1055 1233 1230 1291 minuendam
1245 1232 1355 1303 penitus
1375 1227 1526 1300 majestatis
1545 1232 1572 1283 ei
1587 1223 1719 1282 tollende
1741 1219 1878 1293 reipubli-

193 1339 309 1394 cessus;
325 1331 353 1381 ei
367 1323 502 1396 legalibus
525 1322 703 1390 indumentis,
724 1335 786 1392 que
805 1327 919 1392 possent
937 1321 1014 1378 inau-
1055 1338 1106 1392 ce,
1121 1323 1175 1380 nisi
1186 1322 1326 1394 prouisum
1340 1317 1479 1389 extemplo
1494 1316 1577 1374 inerit
1594 1333 1601 1372 ι
1618 1319 1766 1386 propterea
1780 1323 1877 1382 super-

193 1419 290 1486 gurato
305 1412 429 1485 pontiflci
453 1409 579 1468 obvelata
593 1408 663 1467 lacte
682 1408 780 1466 lituum
801 1411 953 1481 exprobare
969 1409 1012 1482 (l)
1055 1412 1205 1470 sedendum
1233 1411 1295 1468 aliis
1313 1409 1442 1467 omnibus
1460 1412 1601 1478 oportere,
1617 1411 1645 1461 et
1659 1400 1824 1474 conjugibus
1851 1406 1880 1455 et

193 1502 235 1559 vel
260 1515 400 1567 coronam,
422 1501 474 1557 etsi
498 1499 598 1557 mentis
615 1498 711 1554 babitu
730 1499 863 1556 ornatiori
883 1498 1015 1570 insignie-
1055 1497 1405 1572 liberis,arisatqueiocis,
1417 1497 1589 1566 maximeque
1604 1493 1658 1550 diis
1676 1487 1879 1548 immortalibus

195 1592 284 1648 batur.
314 1589 461 1647 adinvenit
488 1588 571 1645 etiam
599 1589 641 1644 nir
666 1587 884 1644 studiosissimus
910 1595 1014 1646 uestem
1054 1590 1273 1658 consulendum,
1308 1588 1515 1658 cavendumque
1546 1598 1600 1653 ne,
1626 1595 1687 1640 cuni
1715 1577 1880 1651 inprouisus

194 1680 250 1738 illis
264 1680 402 1749 omnibus,
418 1685 450 1736 ut
464 1678 666 1736 oblectamento
681 1676 814 1734 luminum
829 1685 857 1735 et
871 1679 1014 1750 diligentia
1055 1682 1134 1738 ruina
1149 1695 1274 1753 preceps
1296 1677 1453 1746 involverit,
1473 1675 1576 1733 trustra
1601 1672 1641 1730 dii
1668 1669 1852 1741 implorentur
1869 1682 1877 1721 r

195 1775 342 1837 cresceret,
367 1767 520 1836 meliorem,
536 1768 582 1824 cui
607 1781 708 1824 nomen
728 1767 873 1824 dalmatica
893 1768 932 1841 (2)
947 1776 989 1826 est
1004 1792 1011 1826 :
1024 1764 1103 1844 Bqui
1123 1776 1255 1842 quantum
1275 1768 1368 1826 iniesti
1393 1772 1457 1823 sunt
1485 1777 1580 1823 eorum
1607 1775 1685 1818 sacra
1711 1757 1879 1816 violantibus

195 1873 258 1930 que
272 1872 335 1915 cuni
353 1871 404 1928 per
418 1871 459 1925 se,
475 1861 532 1914 tum
557 1871 590 1914 eii
613 1857 747 1929 dignitate
771 1857 930 1927 sacerdotii,
951 1872 1017 1929 pre-
1057 1864 1162 1917 tantum
1177 1860 1259 1915 etiam
1274 1857 1371 1916 ulcisci
1387 1854 1555 1914 nolentibus.
1575 1854 1642 1909 llaec
1659 1863 1712 1906 von
1725 1861 1782 1904 non
1796 1844 1878 1903 modo

195 1946 295 2004 tiosior
317 1951 382 2018 toga
404 1947 488 2017 picta,
509 1945 627 2016 palmata
649 1945 682 2016 (3)
699 1946 801 2014 tunica,
821 1959 1016 2018 purpureoque
1057 1950 1165 2006 senatui
1193 1951 1221 2004 et
1248 1945 1357 2003 ceteris
1384 1943 1575 2016 dignitatibus,
1600 1939 1650 1997 sed
1677 1935 1744 1994 Urbi
1768 1939 1796 1991 et
1825 1932 1879 2006 ipsi

117 2111 123 2117 Π
195 2034 290 2106 sagulo
310 2034 347 2107 (4)
368 2034 473 2092 clavato
501 2034 592 2092 bbulis
610 2035 702 2093 aureis
721 2035 881 2107 apparebat.
912 2037 1015 2106 llujus-
1057 2040 1179 2107 cassari,
1214 2051 1315 2108 pavore
1353 2035 1485 2100 incusso,
1525 2031 1609 2088 animi
1636 2026 1804 2088 fortudinem
1833 2037 1881 2080 eri-

196 2124 384 2182 mediantem
408 2126 504 2184 utendi
528 2125 620 2183 lenitis
643 2126 725 2182 etiam
752 2131 916 2196 potestatem
939 2123 1013 2182 iecit.
1057 2127 1233 2198 pastoravit:
1251 2125 1400 2195 statimqne
1424 2123 1490 2189 illis,
1506 2125 1537 2177 nt
1564 2119 1651 2176 libere
1679 2129 1743 2187 que
1765 2111 1878 2179 uellent,

194 2215 233 2270 lta
257 2213 300 2268 vir
318 2212 476 2286 singularis,
492 2227 548 2270 non
572 2212 656 2270 modo
679 2213 791 2280 uirtute,
807 2213 973 2281 constantia,
988 2219 1017 2268 et
1057 2215 1183 2273 dicerent
1205 2215 1233 2271 in
1255 2214 1330 2270 toris
1352 2213 1434 2281 atrio,
1453 2209 1557 2267 iaciunt
1581 2210 1755 2279 potestatem.
1777 2205 1879 2258 senatu

193 2302 336 2373 gravitate,
361 2315 455 2358 aerum
484 2302 654 2358 ornamentis
680 2300 845 2372 insignibus,
871 2300 1014 2372 preditus,
1057 2305 1132 2373 dato,
1153 2303 1286 2360 maximus
1311 2317 1345 2360 en
1368 2301 1422 2370 bis,
1439 2306 1468 2357 et
1481 2297 1615 2368 dignitate
1629 2301 1658 2351 et
1671 2299 1736 2350 natu
1754 2311 1761 2348 a
1779 2309 1793 2343 u
1813 2292 1879 2347 Utar

193 2404 255 2446 cum
277 2389 326 2446 illo
341 2390 477 2460 stipatore
500 2403 551 2446 suo
571 2395 679 2457 senatu,
707 2395 771 2446 ante
790 2404 835 2445 res
859 2388 964 2446 diuinas
988 2399 1015 2448 et
1058 2393 1165 2467 (inquit)
1182 2405 1243 2449 meo
1267 2393 1329 2464 iure
1353 2388 1477 2458 dicendi,
1492 2388 1594 2455 Cesar,
1609 2397 1677 2456 paee
1696 2380 1807 2454 quidem
1833 2385 1879 2435 tua

193 2477 419 2534 ceremoniarum
434 2490 523 2545 sacra,
539 2477 574 2533 de
593 2476 709 2532 sacratis
723 2475 840 2549 legibus,
861 2477 895 2534 de
915 2479 1015 2536 tabulis
1056 2490 1085 2542 et
1099 2484 1284 2555 magistratus,
1309 2481 1383 2552 quod
1405 2480 1513 2551 tupiter
1536 2475 1657 2548 optumus
1680 2470 1813 2529 maximus
1827 2468 1879 2524 liic

193 2565 371 2633 Teifflmesslii
396 2565 431 2622 de
446 2564 591 2637 privilegio
614 2566 754 2638 Evangelii
777 2566 935 2624 sitientibus
963 2581 1014 2639 po·
1056 2572 1085 2630 in
1101 2573 1161 2630 ede
1180 2573 1270 2643 primo
1286 2569 1464 2642 pontificibus
1486 2572 1514 2624 et
1533 2564 1655 2637 regibus,
1676 2560 1741 2618 dein
1760 2556 1880 2615 consuli-

194 2653 267 2726 pulis
281 2655 395 2712 daturus
408 2655 473 2711 vite
487 2654 589 2711 tinente
608 2654 778 2726 procedebat
794 2676 800 2711 :
818 2662 849 2712 ut
862 2657 1014 2714 auctorita·
1056 2662 1119 2730 bus,
1144 2661 1255 2718 tandem
1283 2660 1362 2718 vobis
1389 2658 1495 2730 priuato
1519 2654 1643 2712 creditur
1669 2653 1879 2708 auctoramento

195 2748 250 2800 2⁰⁰¹
264 2742 424 2800 indumenti
448 2742 625 2814 l⁰sslifi⁰³¹ib
648 2743 730 2800 fidem
754 2744 825 2800 sacri
844 2745 920 2802 terbi'
935 2747 1015 2819 copia
1057 2751 1173 2809 cessisse
1202 2750 1390 2823 nequeenim
1417 2747 1555 2804 sententia
1578 2757 1639 2800 mea
1671 2741 1752 2797 aliter
1779 2743 1876 2794 contra

195 2831 309 2902 iaceret,
326 2831 389 2889 dum
405 2831 666 2890 civitatemiractam
677 2833 764 2902 malis,
780 2834 914 2903 abjectam
929 2843 1013 2905 mein,
1056 2856 1114 2910 vos,
1135 2855 1217 2912 quarn
1241 2853 1291 2912 pro
1306 2840 1385 2896 vobis
1403 2838 1487 2904 dicta,
1515 2833 1556 2891 tas
1572 2838 1615 2890 est
1635 2826 1784 2903 indignari,
1809 2838 1880 2898 quos

194 2920 365 2978 debilitatam
389 2921 507 2990 luxuria,
527 2921 561 2977 ad
585 2937 662 2992 spem
687 2923 808 2979 caelestis
826 2924 968 2996 dignitatis
987 2932 1016 2982 et
1056 2931 1176 2988 recentis
1191 2929 1326 2987 beneflcio
1353 2927 1380 2983 in
1411 2924 1557 2997 collegium
1591 2925 1715 2978 nostrum
1744 2915 1880 2973 admissos

195 3008 336 3068 libertatis
351 3017 439 3068 certat
454 3012 571 3082 erigere.
587 3013 632 3068 Sic
647 3011 782 3083 proiecto,
799 3013 874 3083 quod
889 3015 1014 3072 mirabile
1056 3018 1217 3076 instituendi
1247 3015 1461 3090 corrigendique
1489 3011 1640 3071 auctoritas
1663 3006 1744 3066 nobis
1772 3009 1879 3063 vetusta

194 3101 283 3158 videri
312 3107 450 3172 potuerat,
475 3101 607 3159 diuturno
631 3101 726 3159 labore
750 3102 847 3174 religio
865 3103 940 3162 inter
956 3106 1017 3176 ipsa
1027 3100 1173 3180 Gsubegit.
1190 3108 1244 3165 Sed
1259 3107 1341 3164 liceat
1354 3103 1520 3166 stomachari
1534 3100 1663 3172 ferreque
1677 3096 1787 3159 acerbe,
1802 3093 1879 3150 dum·
1976 3158 1979 3164 ,

193 3190 299 3247 scelera
313 3189 408 3258 valuit,
425 3195 456 3246 ut
479 3188 609 3263 legitimis
632 3191 734 3259 verbis,
750 3193 924 3252 sermonibus
947 3193 1017 3252 libe·
1057 3199 1140 3256 modo
1155 3201 1209 3255 tam
1224 3195 1373 3256 miserabili
1386 3196 1493 3266 jactura
1509 3188 1666 3250 labefactari
1681 3182 1878 3257 rempublicam

194 3278 233 3334 ris
247 3278 348 3336 Christi
363 3292 463 3336 nomen
483 3285 511 3336 et
539 3279 608 3337 iides
631 3280 740 3338 vicatim
765 3287 822 3338 tota
837 3281 914 3340 Urbe
942 3283 1015 3341 cele·
1057 3286 1244 3344 taciturnitate
1259 3298 1315 3344 nou
1331 3285 1428 3356 patiar,
1444 3280 1594 3341 dummodo
1609 3280 1678 3348 ejus,
1695 3281 1769 3333 recte
1784 3269 1808 3328 si
1822 3269 1878 3327 dici

194 3367 331 3425 braretur.
1058 3380 1184 3448 possunt,
1205 3379 1425 3440 conservatores,
1442 3369 1556 3427 desidiae
1570 3379 1696 3424 accusem
1710 3384 1716 3420 :
1729 3360 1878 3419 dummodo

233 3456 276 3513 13.
295 3457 336 3514 ild
350 3456 410 3512 bec
435 3456 581 3526 pontibces
603 3457 742 3528 capitolii,
766 3459 892 3530 gregales
911 3459 1016 3518 demo·
1058 3465 1210 3522 diuinarum
1233 3462 1399 3534 religionum
1423 3460 1590 3530 interpretes
1609 3469 1664 3512 non
1680 3457 1786 3510 tantum
1799 3462 1878 3516 voce,

197 3560 281 3613 num,
306 3543 430 3615 procella
453 3545 561 3615 patrie,
580 3546 663 3602 turbo
679 3547 763 3616 pacis,
787 3553 935 3618 tempestas
954 3550 1016 3618 otii,
1057 3567 1151 3610 verum
1171 3551 1245 3609 omni
1259 3552 1360 3607 virtute
1379 3548 1462 3605 animi
1486 3553 1514 3604 et
1537 3544 1673 3616 corporis,
1690 3540 1805 3598 deorum
1824 3537 1878 3592 im-

196 3649 277 3692 omne
292 3633 392 3702 scelus,
409 3647 489 3690 omne
513 3633 598 3702 netas,
615 3648 724 3691 omnem
748 3634 949 3694 discordiarum
967 3639 1018 3695 im·
1058 3641 1213 3698 mortalium
1229 3640 1310 3696 tidem
1334 3638 1368 3696 ab
1383 3636 1517 3709 improbis
1539 3638 1622 3704 atque
1635 3630 1747 3688 furiosis
1760 3624 1879 3686 homini-

197 3730 300 3794 petum,
317 3737 413 3782 omncs
436 3722 556 3793 denique
579 3723 691 3780 invidie
714 3725 789 3781 taces
813 3725 913 3783 clodii
936 3741 1018 3784 uene·
1059 3729 1111 3787 bus
1130 3743 1302 3800 oppressam,
1317 3728 1466 3794 desertam,
1483 3739 1516 3782 ac
1537 3723 1672 3796 perditam
1695 3726 1774 3776 tuear
1791 3736 1798 3772 :
1813 3713 1878 3784 quta

197 3813 253 3869 nati
269 3811 323 3868 tela
346 3809 451 3868 melaria
474 3816 577 3868 temere
606 3811 768 3881 turbulenti,
794 3827 843 3885 per
862 3815 915 3872 vim
935 3822 1017 3887 atque
1058 3819 1124 3876 talia
1139 3818 1354 3891 negligentibus,
1370 3822 1401 3874 ut
1414 3813 1597 3874 inicientibus
1612 3809 1682 3869 coelo
1696 3809 1798 3872 lucem,
1812 3815 1879 3861 con-

196 3903 317 3961 iurorcm
345 3899 374 3955 in
398 3899 545 3970 presulem
573 3901 686 3957 Lucium
714 3901 912 3972 intorquebant
937 3924 943 3960 :
969 3906 1017 3975 qui
1059 3913 1100 3966 tra
1121 3909 1201 3982 ignea
1214 3908 1304 3980 jacula
1328 3920 1384 3963 non
1409 3906 1462 3962 erit
1477 3917 1558 3976 posse
1572 3902 1702 3960 diuturna
1716 3893 1878 3968 impunitate

196 3992 231 4048 de
257 3996 371 4061 repente
394 3995 453 4046 tota
475 3989 547 4046 Urbe
571 3990 698 4061 suijuris
716 3989 870 4058 fanaticos,
896 3994 1017 4050 omnium
1059 3997 1169 4053 muniri.
1192 4035 1199 4050 .
1222 4038 1228 4052 .

196 4081 375 4138 delubrorum
389 4078 563 4151 quisquilias,
579 4081 613 4138 ad
637 4080 835 4150 conjurandum
854 4081 883 4138 in
908 4082 1017 4154 proies·
1183 4083 1293 4156 lictiqcm
1311 4084 1339 4139 in
1355 4081 1531 4152 ntcnuacm'pio
1545 4094 1598 4136 non
1616 4075 1753 4134 tutetur.

218 4185 277 4272 .(.¹)
298 4186 329 4270 ld
353 4191 396 4270 est
418 4184 527 4242 cllieere
550 4193 581 4244 ut
604 4201 675 4258 papa
688 4188 827 4245 Romanus
848 4189 888 4246 sic
902 4190 1018 4248 indutus
1059 4193 1161 4252 dicitur
1174 4207 1234 4249 eam
1248 4195 1351 4248 uestem
1370 4187 1565 4247 Sacerdotibus
1584 4184 1766 4243 adinvenisse.
1791 4183 1879 4238 Cete-

196 4257 284 4340 iiilulo
312 4256 427 4341 inferior
449 4257 540 4328 quoad
564 4267 690 4316 ornatum
718 4259 859 4318 uideretur
886 4262 1017 4332 pontibce
1058 4281 1119 4323 num
1147 4265 1217 4321 banc
1240 4263 1447 4320 concessionem
1474 4257 1526 4316 soli
1550 4259 1674 4315 Romano
1690 4251 1877 4311 cleroiactam

197 4343 314 4386 niaximo
335 4329 484 4386 idolorum.
513 4331 659 4388 Pontiiices
686 4339 777 4388 autem
801 4330 932 4403 profanos
953 4334 1017 4391 illos
1059 4353 1093 4396 er
1120 4339 1148 4394 S.
1178 4334 1289 4392 cesarii
1313 4332 1480 4389 arclatensis
1507 4330 1583 4386 actis
1611 4327 1776 4397 colligimus,
1806 4323 1878 4392 cnjus

197 4400 311 4465 nummi,
335 4405 432 4455 statuae
457 4399 565 4482 aliaque
594 4403 730 4470 ejusmodi
757 4405 930 4486 antiquitatis
961 4408 1189 4492 tio-Dntccocoa
1214 4403 1382 4476 Spmmucltus
1406 4401 1536 4483 pestifer,
1570 4397 1700 4470 preclara
1728 4395 1878 4476 meatorum

197 4485 284 4528 mane
299 4476 475 4526 monumenta
494 4470 624 4526 exbibent
638 4473 727 4527 relato
752 4481 841 4542 capite
856 4489 906 4544 per
921 4484 1018 4543 poste·
1057 4480 1081 4535 e·
1126 4477 1253 4547 dignitate
1267 4479 1417 4540 mmruotne,
1439 4472 1549 4598 {enode
1567 4485 1600 4542 cc
1613 4471 1737 4526 domoon
1751 4464 1877 4523 Ecclesia

103 4605 104 4608 Ἴ
197 4547 298 4601 riorcm
322 4544 394 4612 loge
417 4548 523 4610 partem
545 4554 654 4597 sursum
677 4549 819 4598 attractam
837 4563 843 4598 :
860 4544 956 4600 eadem
985 4546 1018 4602 li·
1076 4551 1183 4606 insenos
1198 4545 1346 4603 minuties
1359 4547 1398 4600 uti
1411 4559 1442 4599 uo
1455 4543 1501 4598 uit.

196 4621 284 4696 inin,
299 4625 348 4695 sau
370 4611 495 4669 inanium
519 4611 687 4694 sugaranam,
708 4626 782 4683 saepe
805 4621 1015 4684 representans,
1094 4619 1129 4690 (a)
1149 4620 1211 4690 ign
1226 4619 1259 4675 ua
1274 4617 1318 4673 uis
1337 4615 1487 4686 predictas
1501 4610 1642 4670 serrarius
1658 4610 1707 4667 uu.
1724 4625 1754 4678 n,
1770 4621 1831 4679 cap.
1847 4607 1874 4673 e,

196 4683 368 4812 Rontificium
383 4688 541 4768 gestamenj
568 4690 633 4768 item
657 4697 807 4753 coronam;
829 4687 952 4756 quamvis
967 4701 1016 4758 pro
1057 4698 1176 4763 suntque
1202 4687 1380 4759 triumphales
1400 4693 1490 4742 testes
1506 4705 1513 4742 z
1530 4689 1558 4741 et
1581 4689 1642 4753 tipo
1661 4681 1773 4754 quidem
1792 4681 1874 4752 picto,

216 4772 248 4813 ac
262 4770 291 4812 in
306 4767 356 4838 ins.
373 4760 467 4838 potius
480 4755 535 4826 legi
551 4755 684 4838 ‚videatur
698 4770 788 4824 cornu,
804 4757 882 4827 cujus
907 4771 963 4815 non
978 4760 1017 4815 vi·
1057 4777 1115 4834 qoc
1136 4777 1205 4819 inune
1230 4759 1334 4825 dicitnr,
1360 4757 1452 4829 lnquit
1478 4756 1551 4827 apud
1576 4757 1687 4812 Sextum
1716 4751 1875 4822 Pompeium

196 4828 249 4884 (¹0⁰
266 4841 328 4897 quis
346 4825 430 4909 fuerit
444 4840 472 4882 m
485 4840 572 4910 sacris
586 4841 662 4884 usus.
1060 4834 1169 4891 verrius
1194 4831 1317 4898 Flaccus,
1336 4844 1469 4902 purpurea
1488 4833 1567 4885 anteo
1589 4827 1704 4883 vocitato
1726 4828 1775 4891 eat,
1795 4836 1877 4893 eoque

234 4898 277 4970 (2)
299 4899 338 4953 lla
360 4903 452 4955 tunica
477 4904 611 4980 manicata
636 4902 696 4980 est3
721 4901 800 4970 cujus
823 4905 850 4956 et
869 4913 969 4958 nomeu
988 4909 1016 4958 et
1057 4911 1114 4962 erut
1127 4905 1184 4960 sinc
1219 4905 1299 4958 'ctare
1315 4922 1323 4956 :
1339 4900 1407 4957 benc
1426 4900 1576 4966 crismati
1595 4897 1709 4964 Plinius,
1725 4909 1776 4951 cca
1788 4895 1877 4965 {ecem

197 4983 276 5054 usum
299 4967 398 5053 volunt·
418 4983 433 5024 e
456 4968 587 5026 Dalmatia
615 4970 725 5052 tinuisse
742 4991 749 5026 :
765 4971 817 5027 liae
840 4972 880 5027 uti
903 4972 1014 5030 solitum
1056 4978 1171 5048 Pbrgqes
1205 4977 1339 5040 emerunt,
1356 4972 1465 5046 ideoque
1478 4971 1639 5042 Phrygiones
1654 4965 1876 5042 cppdiutiauat:

197 5044 367 5124 pertinacem
390 5049 585 5112 imperatorem
609 5041 709 5097 scribit
727 5041 886 5100 bomiuicus
909 5045 1017 5116 llagrus
1056 5057 1085 5106 et
1099 5047 1210 5119 quidem
1225 5057 1334 5101 auream
1349 5043 1420 5100 hauc
1434 5044 1568 5114 picturam
1587 5041 1671 5098 inisse
1691 5045 1748 5095 tum
1767 5051 1801 5093 eit
1815 5034 1877 5092 aliis

198 5127 241 5198 in*
255 5119 353 5196 notitia
378 5113 574 5196 uocabulorum
599 5113 860 5170 ceclesiasticorum.
881 5115 914 5170 iti
930 5118 1016 5187 priam
1057 5119 1150 5176 multis
1165 5116 1234 5176 locis
1254 5114 1363 5173 ostendi
1387 5121 1489 5200 potest,
1510 5120 1568 5170 tuni
1589 5126 1623 5170 ex
1646 5111 1694 5168 illo
1713 5107 1826 5166 ausonii
1840 5107 1876 5163 ad

196 5185 309 5267 quidem,
334 5183 425 5268 inquit
448 5183 614 5242 walefridus
634 5185 734 5266 §traho
767 5185 839 5255 apud
875 5187 1015 5244 Octauium
1056 5192 1213 5248 Gratianum
1236 5187 1317 5259 longe
1333 5187 1483 5244 clarissime
1499 5205 1506 5242 a
1522 5187 1639 5242 iloecest
1653 5184 1726 5266 picto
1740 5184 1768 5238 rit
1783 5177 1877 5236 dicitur

196 5259 350 5338 Ferrarium
366 5255 414 5312 lib.
435 5270 455 5324 i,
476 5257 513 5312 ltc
528 5270 557 5313 re
572 5262 710 5323 vestiaria,
722 5270 782 5327 cap.
795 5254 841 5324 39,
858 5257 1016 5315 Sacerdotes
1057 5263 1145 5330 uestis,
1162 5275 1214 5316 coc
1228 5265 1282 5316 tom
1296 5273 1361 5315 oure
1375 5273 1423 5314 suo
1439 5271 1516 5332 quom
1528 5254 1613 5314 acriis
1628 5259 1688 5312 tuae.

197 5327 345 5385 dalmaticei
364 5327 592 5410 antecessionem.
612 5342 685 5382 mum
708 5326 891 5410 induebantur:
920 5331 1016 5386 Postea
1094 5333 1137 5462 (43
1159 5331 1313 5390 sicdictam
1328 5332 1425 5388 Festus
1438 5330 1506 5386 alta
1525 5328 1664 5386 clauorum
1677 5321 1874 5396 magnitudine,

197 5415 256 5455 vero
275 5413 333 5454 viiii
346 5395 444 5480 casilia
466 5403 503 5480 m
527 5403 672 5480 sapateli,
688 5398 845 5455 dclnmticuc
863 5400 1016 5456 decoribus
1057 5418 1112 5478 quo
1147 5417 1209 5462 nem
1230 5402 1318 5460 elatis
1327 5401 1412 5459 clauis
1421 5401 1456 5458 ad
1465 5401 1553 5458 instar
1563 5399 1660 5470 patine
1674 5393 1876 5461 manusdistin·

196 5473 378 5552 commiti
392 5469 552 5552 :siquidem
568 5471 698 5528 silvester
712 5470 846 5554 ordinauit
858 5475 887 5527 ut
911 5471 1017 5530 domei
1057 5484 1101 5535 cia
1111 5418 1442 5544 esseed'eiuueagenara
1453 5473 1579 5545 picture,
1591 5469 1665 5540 quod
1676 5467 1876 5541 palmastniex-

196 5542 346 5625 dalmatiai
367 5555 395 5596 ’ἢ
417 5540 527 5624 emili
541 5546 684 5624 tilpi'mitii.
700 5550 731 5598 1¹1
749 5549 788 5598 aii
802 5541 874 5599 idem
892 5563 898 5598 :
915 5549 946 5600 ut
964 5558 1017 5601 an·
1057 5555 1100 5606 tas
1109 5548 1233 5605 baberet.
1244 5547 1354 5602 seruus
1364 5550 1454 5602 antem
1464 5543 1498 5601 ad
1512 5559 1540 5600 xi
1555 5540 1811 5613 AEneidquodeani
1820 5551 1875 5596 ine·

196 5619 252 5672 teni
266 5618 305 5670 uti
321 5617 435 5684 possent
453 5614 553 5670 Lucius
566 5612 719 5670 indulserat
739 5618 844 5670 tantum
860 5633 867 5671 :
883 5627 946 5671 nani
970 5615 1017 5674 bic
1057 5625 1194 5685 rerentur,
1208 5618 1255 5694 qui
1270 5617 1386 5694 palmam
1397 5616 1431 5674 de
1446 5615 1573 5676 nostibus
1584 5616 1785 5692 reportassent.
