4160 6196
202 247 238 308 35
776 230 913 302 loannis
932 223 1140 308 lucumitsu.
1161 223 1327 280 nonullae.
1858 223 1894 282 36

202 373 257 448 (62)
277 365 498 447 praecedentibus
521 359 688 418 ceroferario
712 355 900 422 thuribulique
926 349 1184 414 latore,Amuntur
1210 352 1313 403 sancta
1342 347 1489 416 mulieres,
1516 363 1578 418 quae
1615 350 1736 419 patiente
1765 351 1891 416 Domino,

200 479 260 520 cum
279 458 457 536 pmqessionc
475 454 509 508 ad
534 450 670 522 pulpitum
698 453 805 518 pergat,
834 449 860 497 et
883 439 1027 508 supposito
1048 426 1238 506 'fugientibus
1253 435 1407 506 discipulis,
1424 435 1489 491 licet
1516 426 1614 492 timore
1638 441 1666 492 et
1690 451 1808 493 moerore
1832 433 1893 508 per-¹

162 591 180 620 e
199 551 345 624 Evangelio
361 563 392 603 ac
408 547 561 606 incensato,
587 551 682 594 tersus
704 536 738 590 ad
762 533 916 603 aquilonem
941 531 1028 582 Evan-
1069 523 1580 595 66166,66666666666666666,
1601 531 1679 581 erant
1698 525 1890 593 intendentes;

198 642 300 715 gelium
325 640 415 710 legat:
439 647 493 704 per
515 629 672 700 aquilonem
697 625 768 680 enim
792 617 940 676 inlidelitas
963 631 1028 688 gen·
1068 615 1115 669 sed
1134 612 1249 668 Donrino
1270 613 1304 669 de
1319 628 1401 669 cruce
1417 613 1545 684 deposito
1559 629 1592 669 ac
1619 615 1741 684 sepulto,
1768 615 1832 671 inde
1852 628 1894 670 re·

198 733 266 787 tium
297 729 466 798 designatur,
497 720 598 792 quibus
627 711 800 784 Evarrgelium
825 709 859 763 ab
893 706 1027 777 apostolis
1068 710 1230 771 cesserunt,
1258 709 1285 758 et
1311 709 1432 759 aromata
1462 703 1612 773 sepulturae
1641 711 1824 776 paraverunt;
1855 705 1892 761 ila

199 822 261 892 igne
291 817 410 891 Spiritus
429 809 519 867 saucii
542 805 665 863 accensis
687 799 863 871 praedicatur.
890 793 941 866 (63)
968 797 1026 862 Quo
1067 793 1229 848 subdiaconi
1246 791 1280 848 ab
1300 806 1333 848 eo
1349 792 1410 848 loco
1426 793 1581 860 discedant,
1596 797 1623 848 et
1642 793 1753 863 corpori
1778 807 1809 849 ac
1833 807 1894 848 sau·

199 909 271 967 lecto
297 904 463 964 candelabra
494 897 720 966 exstinguantur:
751 886 938 944 immolatione
954 885 1026 939 enim
1067 881 1142 952 quini
1171 881 1272 937 Christi
1300 879 1455 937 ministrare
1485 886 1618 952 satagant,
1648 881 1794 938 efferentes
1817 873 1893 953 pate‘-

199 999 257 1056 666
272 997 351 1068 ligni,
368 992 453 1066 typici
468 984 583 1045 cessavit
604 979 768 1045 immolatio,
793 983 821 1034 et
846 981 946 1032 caetera
970 987 1027 1043 my·
1068 983 1129 1025 nam
1151 984 1201 1039 ρει
1224 984 1332 1025 66666
1358 970 1467 1026 diaconi
1492 969 1630 1026 sacerdoti
1654 971 1688 1027 ad
1712 969 1892 1042 frangendum

201 1088 295 1153 steria,
311 1101 373 1158 quae
394 1085 420 1138 in
445 1079 503 1147 lege
527 1071 740 1156 continebantur
764 1071 791 1122 et
810 1065 953 1136 prophetis
978 1077 1027 1132 per
1067 1059 1095 1113 in
1124 1070 1156 1114 ea
1184 1072 1286 1128 corpus
1314 1059 1432 1114 bomini.
1462 1059 1520 1114 666
1549 1057 1658 1128 expleto
1676 1060 1818 1118 „sacerdos
1838 1057 1891 1131 (71)

201 1174 366 1236 candelabra
395 1164 553 1236 designatis.
584 1160 636 1232 (64)
665 1160 811 1213 incensum
836 1153 973 1208 sacerdoti
997 1151 1025 1206 in
1067 1147 1201 1202 Dominici
1221 1147 1347 1216 corporis
1371 1153 1398 1203 et
1422 1149 1563 1220 sanguinis
1586 1150 1824 1205 consecrationem
1840 1137 1892 1210 22

201 1263 342 1324 thuribulo
356 1259 496 1319 oileratur,
523 1259 551 1308 et
575 1245 751 1318 Evanqeiium
777 1244 893 1316 primum
918 1256 934 1296 a
957 1242 1025 1295 sub·
1064 1235 1144 1305 juxta
1160 1242 1318 1293 sanctorum
1343 1237 1452 1292 Patrum
1476 1236 1677 1302 institutionem
1696 1251 1766 1306 puro
1791 1243 1819 1293 et
1840 1237 1892 1294 hn-

200 1353 316 1408 diacono
331 1347 384 1401 sibi
399 1345 556 1414 porrectum
572 1334 723 1398 osculetur,
739 1330 814 1404 qnod
835 1335 898 1400 post
922 1344 937 1383 a
962 1328 1025 1383 dia·
1067 1323 1123 1380 mill
1150 1323 1234 1380 corde
1259 1324 1405 1395 compleat.
1433 1325 1499 1380 ilum
1530 1339 1595 1394 ergo
1624 1325 1658 1380 ad
1684 1325 1768 1382 Nobis
1792 1339 1892 1398 quoque

199 1436 444 1498 00n0050qletur:
462 1436 489 1484 ct
512 1429 541 1482 in
564 1425 668 1481 lestinis
692 1421 791 1478 diebus
815 1433 830 1474 a
853 1418 1024 1473 subdiacono
1064 1411 1245 1484 peecatoribus
1271 1414 1387 1478 venerit,
1415 1413 1498 1468 altius
1527 1428 1622 1470 vocem
1652 1428 1728 1469 suam
1760 1413 1890 1485 proferat,

199 1527 271 1586 omni
286 1527 372 1588 clero,
388 1523 502 1576 incenso
518 1513 703 1586 praecedento,
730 1514 922 1580 presentetur.
940 1507 1027 1561 Exan-
1067 1505 1095 1556 et
1110 1508 1207 1571 peetus
1222 1516 1300 1557 suum
1316 1502 1463 1572 percutiat.
1479 1499 1561 1558 llocis
1575 1501 1647 1558 enim
1661 1503 1826 1560 exaltatione
1842 1518 1892 1574 per

197 1609 489 1688 geliolectopcpulus
508 1601 681 1660 asacerdote
705 1598 859 1664 salutetur;
886 1593 1025 1651 olferenda
1067 1593 1258 1649 centurionem
1285 1593 1429 1664 gentilium
1458 1596 1621 1664 exprimitur
1653 1595 1808 1666 professio,
1842 1610 1892 1665 per

196 1705 370 1778 incipiatur,
404 1697 454 1768 (65)
490 1709 570 1766 quam
609 1691 711 1746 linitam
749 1700 843 1743 versus
882 1681 1192 1754 sequatur.Bpectoris
1213 1683 1380 1750 tunsionem,
1399 1683 1556 1739 ludaeorum
1583 1689 1697 1753 pectora
1724 1700 1772 1741 sua
1796 1699 1892 1756 percu·

125 1832 140 1849 ,
198 1793 309 1847 interim
325 1800 390 1842 xero
406 1785 484 1858 panis
496 1789 523 1837 et
538 1780 594 1836 vini
609 1777 712 1835 oblatio
737 1789 752 1830 a
775 1772 946 1830 subdiacono
970 1770 1027 1826 dia·
1069 1771 1194 1827 tientium
1210 1771 1380 1827 lamentatio.
1397 1773 1448 1828 Ubi
1463 1787 1528 1844 ergo
1543 1774 1578 1829 ad
1593 1774 1654 1830 haec
1672 1775 1754 1831 verba
1773 1777 1889 1842 uenerit,

198 1869 279 1946 cotto,
305 1893 320 1932 a
344 1875 461 1930 diacono
484 1871 614 1928 eliciatur
640 1865 820 1936 presbytero;
852 1860 904 1929 (66)
929 1867 1027 1916 cantor
1069 1860 1186 1928 scilicet,
1202 1862 1253 1915 Per
1265 1874 1339 1930 quem
1353 1859 1409 1914 lucc
1423 1862 1519 1927 omnic,
1546 1861 1663 1929 666666,
1688 1878 1789 1933 semper
1811 1857 1890 1932 botro,

198 1981 295 2040 aquam
325 1965 410 2020 linteo
434 1965 592 2030 coopertam
616 1957 643 2032 in
668 1953 746 2008 lestis
767 1949 884 2006 diacono
909 1945 1024 2015 deierat,
1067 1953 1133 2004 lunc
1157 1947 1290 2004 dlaconus
1312 1947 1435 2014 accedat,
1460 1953 1488 2003 et
1516 1948 1628 2003 dextera
1653 1963 1734 2004 manu
1763 1950 1890 2005 dextrum

198 2059 279 2128 quam
308 2053 440 2110 diaconus
465 2050 528 2104 666
554 2047 684 2102 misceat:
710 2040 784 2097 dulci
806 2039 878 2094 enim
902 2036 1025 2104 cantoris
1066 2049 1152 2093 cornu
1168 2035 1321 2106 corporalis
1335 2036 1462 2106 accipiat,
1487 2049 1548 2091 cum
1570 2036 1715 2094 sacerdote
1739 2037 1889 2107 discoope-

198 2143 394 2208 modulatione,
420 2137 538 2211 populus
562 2136 609 2206 pia
632 2131 778 2188 devotione
802 2132 829 2182 et
854 2117 905 2188 20
929 2125 1023 2181 divino
1065 2125 1127 2181 rial.
1144 2125 1287 2192 Sacerdos,
1304 2125 1462 2196 Peripsum,
1483 2123 1600 2182 dicendo
1617 2123 1684 2196 (73),
1710 2120 1801 2183 oblata
1822 2139 1890 2197 qua-

196 2227 289 2292 6666
317 2229 487 2295 accenditur,
519 2235 546 2282 et
574 2225 614 2280 sic
643 2222 676 2278 ad
705 2218 850 2276 Dominum
872 2216 968 2280 currit,
995 2219 1023 2271 et
1064 2217 1129 2270 tuor
1144 2220 1236 2286 partes
1251 2213 1346 2269 calicis
1361 2219 1463 2283 tangat.
1479 2211 1668 2270 immolatione
1680 2214 1753 2270 enim
1763 2215 1890 2285 corporis

196 2340 279 2382 unum
297 2336 398 2392 corpus
417 2319 444 2374 in
468 2317 577 2374 Christo
603 2311 731 2372 eflicitur.
757 2310 808 2363 Per
831 2305 923 2360 uinum
946 2303 1022 2360 Chri·
1064 2302 1165 2358 Christi
1203 2301 1345 2372 redempta
1382 2307 1446 2358 sunt
1477 2309 1597 2372 quatuor
1634 2303 1742 2359 climata
1779 2303 1886 2361 mundi.

196 2421 264 2480 stus,
282 2427 331 2484 per
349 2423 447 2480 aquam
472 2405 601 2478 populus,
624 2416 674 2472 per
692 2398 807 2454 linteum
827 2399 1021 2464 cooperturam
1063 2391 1133 2450 ltem
1148 2389 1200 2462 (73)
1216 2391 1341 2446 oratione
1356 2390 1430 2445 linita
1457 2397 1573 2460 uterque
1596 2390 1710 2447 calicem
1735 2391 1836 2460 levent,
1862 2393 1889 2448 el

195 2517 273 2576 aquae
302 2500 380 2556 labor
407 2494 603 2552 modulationis
631 2488 763 2553 cantoris,
793 2499 848 2555 quo
887 2483 1021 2538 liberatur
1062 2479 1142 2534 simul
1164 2483 1268 2547 ponant
1285 2479 1500 2548 etcooperiant.
1521 2479 1587 2534 inde
1608 2477 1660 2550 (74)
1686 2479 1771 2536 altare
1796 2479 1890 2536 diaco·

195 2590 314 2663 populus
330 2603 346 2644 a
365 2585 562 2660 cogitationum
589 2579 742 2650 pravitate:
769 2574 826 2630 lino
850 2573 924 2629 euim
942 2571 1021 2626 labor
1062 2581 1114 2622 nus
1129 2566 1280 2634 osculetur,
1296 2567 1397 2623 deinde
1414 2565 1553 2622 dexteram
1568 2567 1722 2624 sacerdotis
1737 2569 1887 2638 scapulam.

194 2679 371 2750 exprimitur.
400 2677 477 2743 hqua
509 2671 589 2726 mista
625 2667 699 2732 tino,
734 2663 854 2734 populus
884 2659 1020 2716 adunatus
1062 2650 1114 2712 Per
1139 2656 1279 2726 scapulam
1307 2653 1461 2711 sacerdotis
1484 2655 1554 2725 lapis
1581 2655 1750 2726 designatur,
1777 2658 1805 2712 in
1829 2671 1885 2728 quo

193 2769 303 2827 Christo
318 2788 326 2835 ;
342 2767 433 2821 vinum
449 2761 508 2817 sine
533 2771 602 2828 aqua
628 2755 753 2811 Christus
776 2759 837 2820 est;
863 2763 933 2822 aqua
957 2751 1017 2804 sine
1061 2745 1174 2815 angelus
1189 2744 1223 2800 ad
1238 2743 1394 2816 sepulcrum
1420 2743 1532 2800 resedit.
1550 2746 1664 2815 Semper
1679 2745 1751 2802 enlm
1774 2747 1888 2817 angelus

194 2859 268 2926 vino,
289 2855 408 2928 populus
431 2851 491 2908 sine
516 2849 635 2906 Christo.
663 2843 715 2915 (67)
738 2842 806 2900 hliis
820 2841 919 2896 diebus
937 2839 1019 2895 mini·
1061 2833 1216 2889 credendus
1231 2839 1273 2887 est
1297 2832 1393 2888 adesse
1418 2832 1598 2888 immolationi
1625 2833 1751 2904 corporis
1773 2833 1889 2890 Christi:

194 2951 264 3006 stret
285 2960 344 3002 eam
368 2941 520 3012 acolythus.
552 2936 604 3007 (68)
629 2933 764 2992 Sacerdos
788 2929 955 2984 oblationem
980 2927 1018 2980 lta
1059 2923 1112 2976 Per
1133 2921 1279 2978 diaconum
1308 2922 1410 2991 loseph
1438 2922 1610 2991 exprimitur,
1639 2937 1689 2993 per
1712 2923 1884 2980 sacerdotem

196 3039 353 3104 componat,
367 3038 398 3085 ut
413 3029 441 3082 in
454 3029 566 3082 dextera
581 3027 657 3092 parte
672 3017 771 3074 hostiae
786 3016 898 3070 calicem
914 3014 1017 3068 consti·
1027 3018 1049 3080 c
1059 3009 1244 3078 Nicomedus3
1261 3024 1312 3079 per
1326 3010 1506 3066 elevationem
1521 3009 1555 3067 de
1575 3010 1654 3067 altari
1669 3007 1777 3079 hostiae,
1803 3013 1886 3082 depo·

197 3129 275 3196 tuat:
292 3135 307 3176 a
322 3119 419 3174 dextro
435 3115 507 3169 enim
534 3112 619 3166 latere
642 3106 751 3164 Domini
770 3103 881 3174 sanquis
906 3101 1018 3157 delinxit
1060 3097 1123 3154 silio
1138 3099 1238 3161 Christi
1253 3099 1287 3155 de
1303 3114 1404 3165 cruce;
1433 3114 1483 3170 per
1506 3100 1707 3169 depositionem
1733 3099 1833 3157 iterum
1857 3101 1884 3158 in

197 3219 226 3270 et
241 3223 330 3284 aqua:
346 3208 442 3276 sieque
471 3199 610 3271 corporali
639 3199 771 3264 cooperta
800 3191 850 3263 (69)
877 3191 1017 3247 incensum
1060 3185 1153 3253 altari,
1168 3188 1308 3257 sepultura
1323 3187 1434 3243 Christi.
1456 3189 1520 3244 Post
1544 3203 1606 3257 quae
1630 3188 1760 3245 sacerdos
1783 3176 1887 3246 oratioss

156 3311 179 3349 t
198 3277 318 3370 ¹desuper
333 3293 440 3358 oller-at,
463 3297 490 3345 et
514 3288 554 3344 sic
578 3285 694 3340 diacono
720 3282 861 3355 praebeat;
887 3279 1019 3334 diaeonus
1061 3289 1122 3330 nem
1138 3277 1307 3331 llominieam
1322 3277 1376 3332 alta
1390 3290 1457 3332 voce
1479 3276 1610 3348 proierat.
1636 3269 1687 3340 23
1709 3279 1762 3334 Per
1785 3279 1886 3335 exalta·

196 3402 262 3444 xero
291 3383 319 3439 in
349 3379 467 3436 circuitu
496 3374 590 3432 altaris
611 3370 725 3437 deierat,
752 3374 847 3440 postea
869 3365 1017 3432 sacerdoti,
1061 3365 1164 3420 tionem
1197 3366 1347 3422 bominicae
1385 3367 1520 3423 orationis
1551 3367 1755 3424 demonstratur
1784 3373 1884 3426 nostrae

195 3475 297 3537 deinde
313 3471 438 3528 ministro
454 3463 562 3530 reddat,
579 3467 608 3517 ul
632 3460 706 3515 clero
729 3457 887 3528 populoque
903 3454 1017 3510 delerat.
1062 3453 1152 3508 unitas
1187 3453 1367 3509 fraternitatis
1393 3455 1431 3522 (S.
1461 3456 1526 3511 Cre.
1557 3457 1589 3511 de
1621 3461 1689 3512 orat.
1720 3443 1883 3528 hominicot:

196 3561 332 3624 Praeterea
361 3556 500 3628 accipiens
525 3557 650 3624 patenam
675 3549 709 3604 de
734 3545 824 3612 altari,
849 3542 1019 3600 subdiacono
1061 3543 1131 3597 Deus
1145 3542 1212 3596 6666
1230 3541 1310 3598 Peter
1324 3549 1420 3609 6666,
1438 3547 1514 3616 pacis
1538 3549 1562 3600 et
1581 3545 1727 3600 concordie
1750 3547 1883 3616 moqisler,

195 3655 337 3730 porrigat;
354 3647 412 3720 (76)
434 3643 711 3702 subdiaconusque,
729 3635 859 3701 siluerit,
879 3632 1017 3712 acolytho.
1060 3631 1100 3686 sic
1111 3647 1160 3686 666
1174 3647 1252 3686 unuin
1268 3646 1317 3704 pro
1340 3633 1458 3690 omnibus
1484 3649 1563 3690 orere
1592 3635 1689 3702 docuit,
1716 3636 1842 3707 quomodo
1857 3637 1884 3692 in

194 3747 254 3804 Non
275 3743 341 3799 licet
364 3739 436 3795 enirn
461 3733 610 3805 quidquam
640 3728 711 3784 sacri
740 3727 774 3781 ab
803 3723 882 3779 altari
911 3722 1018 3778 auferre
1060 3733 1111 3775 666
1138 3735 1225 3774 omues
1251 3722 1376 3794 portauit.
1405 3723 1495 3789 Clero,
1525 3724 1581 3780 Sed
1595 3721 1678 3780 libero
1693 3740 1739 3779 uos
1763 3741 1779 3780 a
1802 3723 1882 3794 molo,

195 3831 288 3896 alicui,
305 3829 358 3882 nisi
374 3825 503 3886 diacono,
518 3819 561 3873 vel
588 3815 736 3871 sacerdoti.
762 3813 837 3868 Tunc
859 3824 950 3866 coram
975 3811 1018 3866 al·
1061 3810 1261 3879 respondente,
1286 3811 1406 3867 cilicium
1434 3813 1651 3869 consecrationis
1667 3813 1799 3883 perficiat.
1830 3813 1884 3874 Sed

198 3920 249 3978 tari
279 3920 340 3971 oret
364 3911 513 3967 inclinatus
536 3903 666 3958 sacerdos
689 3901 775 3964 solus,
801 3897 965 3967 postulando
989 3903 1019 3952 ut
1061 3897 1143 3954 libero
1158 3897 1243 3964 dicto,
1265 3899 1398 3954 diaconus
1413 3905 1439 3954 et
1461 3899 1647 3955 subdiaconus
1660 3915 1690 3954 se
1715 3903 1830 3971 erigant,
1856 3907 1884 3960 et

196 4007 296 4078 dignus
311 4000 399 4072 possit
413 3996 545 4052 accedere
561 3991 595 4047 ad
610 3988 706 4054 altare,
723 3991 750 4042 et
760 3985 888 4042 insistere
899 3984 1019 4040 cultibus
1060 3987 1156 4042 oculos
1170 3987 1198 4042 in
1223 3987 1358 4041 Dominicl
1381 3985 1506 4056 corporis
1530 3987 1766 4043 consecrationem
1793 3989 1884 4046 inten-

196 4093 306 4159 divinis,
324 4105 358 4146 ue
374 4088 420 4144 liat
434 4085 474 4143 illi
490 4081 564 4154 quod
574 4080 673 4135 l'actum
686 4082 728 4132 est
738 4074 959 4140 bethsamitibus,
970 4075 1017 4144 qul
1059 4075 1144 4143 dant;
1165 4073 1203 4130 ait
1219 4073 1290 4130 enlm
1315 4075 1491 4146 evangelista,
1518 4073 1583 4146 qula
1605 4077 1660 4131 666·
1683 4076 1739 4146 ejus
1767 4093 1784 4132 6
1808 4077 1883 4150 loape

195 4193 298 4244 temero
327 4179 454 4235 viderunt
480 4185 571 4228 arcam
599 4166 707 4223 llominl
735 4165 760 4236 (1
791 4165 854 4232 ilep.
883 4178 922 4228 ιἰ,
959 4161 1014 4234 ta).
1057 4163 1172 4226 student,
1202 4179 1251 4219 suu
1277 4168 1385 4236 pectora
1413 4164 1583 4236 perculienlee
1608 4163 1681 4235 (Luc.
1714 4179 1790 4228 xxm,
1819 4163 1880 4236 la).

194 4273 320 4332 Christus
334 4266 406 4322 enim
421 4267 566 4330 antequam
582 4259 733 4328 pateretur,
757 4265 832 4324 saepe
856 4249 931 4306 solus
956 4265 1016 4320 per-
1058 4253 1108 4308 Ubi
1124 4267 1189 4324 ergo
1205 4253 1238 4308 ad
1255 4253 1355 4321 locum,
1371 4253 1413 4310 ita
1436 4253 1565 4326 propitius
1585 4267 1685 4328 poesin,
1702 4254 1818 4322 uenerit,
1834 4255 1882 4325 qul

194 4342 310 4422 pociaris
330 4347 369 4420 2!
392 4355 420 4409 in
435 4350 559 4408 oratione
575 4343 672 4412 oravit,
689 4356 743 4400 uon
758 4353 809 4412 pro
833 4353 873 4405 se,
890 4339 937 4394 sed
963 4341 1164 4419 proDmantili
1192 4341 1306 4399 indutus
1331 4347 1465 4411 tenuerat,
1497 4341 1571 4407 [odd.
1606 4347 1743 4413 patenam]
1761 4327 1883 4399 'subdiass

193 4449 283 4509 uobis.
300 4443 399 4503 Caeteri
416 4455 480 4497 vcro
495 4435 613 4493 ministri
637 4438 713 4489 slent
732 4433 760 4486 in
776 4429 901 4487 oratione
917 4427 1015 4484 ordine
1058 4444 1129 4486 cono
1145 4427 1209 4500 (75),
1226 4429 1413 4489 subdiaconus
1432 4431 1560 4497 diacono,
1587 4431 1720 4487 diaconus
1743 4431 1881 4488 sacerdoti

193 4554 255 4596 suo.
271 4539 336 4594 Post
351 4547 413 4606 quae
430 4542 523 4585 tersus
538 4525 572 4580 ad
587 4523 717 4594 populum
733 4521 942 4584 oraremoncat,
954 4532 1016 4573 eon·
1058 4519 1164 4585 oderat,
1190 4517 1217 4573 in
1243 4533 1297 4587 qua
1325 4519 1456 4576 sacerdos
1479 4533 1581 4590 eorpus
1602 4519 1709 4575 Domini
1734 4519 1882 4589 tripliciter

194 4641 342 4697 versusque
358 4623 392 4678 ad
409 4621 494 4678 altare
513 4617 647 4672 secretam
667 4611 819 4665 orationem
843 4605 935 4662 dicat:
962 4622 1015 4678 qua
1058 4606 1171 4675 dividat,
1197 4621 1312 4677 quarum
1341 4610 1458 4678 partium
1488 4622 1569 4664 unam
1588 4607 1717 4664 sacerdos
1732 4607 1812 4665 calici
1827 4609 1881 4665 im-

195 4715 340 4783 eompleta,
362 4715 425 4767 Verc
440 4709 555 4778 clipeum,
571 4701 670 4756 devota
684 4705 775 4754 mente
799 4695 928 4766 dulcique
949 4710 1014 4751 voce
1057 4697 1178 4762 mittens,
1208 4699 1268 4752 Poe·
1293 4699 1406 4765 Dotului,
1433 4699 1487 4753 alta
1509 4712 1576 4753 voce
1600 4695 1728 4764 diceudo,
1755 4700 1880 4768 protinus

195 4801 325 4876 prolerat,
347 4804 374 4856 in
398 4801 476 4869 cujus
500 4795 553 4850 line
577 4792 718 4862 hymnum,
746 4788 869 4852 Selectos,
897 4789 1012 4851 anticius,
1057 4784 1289 4840 subdatseeretc:
1311 4787 1374 4842 Fiat
1390 4787 1530 4842 6666666
1550 4787 1668 4858 corporis
1699 4791 1723 4842 et
1745 4787 1880 4856 conquiris

193 4884 435 4955 sauctua,abeatu
453 4887 528 4942 Sixto
552 4883 707 4939 institutum
718 4876 818 4933 chorus
829 4873 1013 4946 respondeat;
1057 4875 1161 4932 Dormiat
1183 4875 1257 4930 leolis
1285 4875 1469 4948 recipiendus
1497 4877 1524 4930 in
1548 4876 1626 4932 6666
1652 4883 1775 4932 clement
1803 4875 1877 4948 (76).

195 4981 328 5038 dlaconus
343 4981 370 5032 et
385 4974 501 5028 ministri
517 4974 550 5028 ad
577 4975 611 5028 Te
634 4971 713 5040 lqitur
737 4971 913 5036 perseverent
940 4969 1014 5019 retro
1056 4967 1115 5022 iilia
1143 4980 1184 5032 se,
1211 4963 1356 5020 diaconum
1392 4963 1646 5036 subdiaconumque
1684 4964 1877 5022 communicet.

192 5067 479 5150 §acerqqtempusque
499 5059 552 5114 Sed
576 5059 658 5115 libero
681 5071 747 5120 uos,
772 5050 895 5108 inclinati
919 5053 1013 5108 borni·
1056 5057 1173 5112 Tertiam
1189 5055 1326 5119 viaticum,
1342 5055 1365 5108 si
1380 5067 1450 5122 opus
1465 5051 1548 5109 luerit
1562 5056 1591 5110 in
1617 5055 1708 5124 patina
1733 5069 1820 5125 usque
1844 5053 1879 5111 ad

194 5157 318 5215 necuim
335 5149 449 5226 patienti
466 5141 1014 5212 6666666666ιί6666666666-
1057 5147 1137 5201 6666
1165 5143 1255 5200 missar
1284 5149 1415 5197 reservet.
1444 5143 1496 5198 Per
1521 5145 1682 5214 particulam
1708 5145 1807 5202 oblatae
1831 5145 1881 5202 im·

194 5253 239 5304 tur
253 5242 382 5316 apostoli.
399 5241 451 5296 Per
474 5234 682 5292 inclinationem
705 5235 883 5290 diaconorum
907 5227 1014 5298 666666-
1057 5235 1146 5291 missae
1163 5235 1190 5289 iu
1217 5232 1329 5288 calicem
1358 5232 1515 5288 ostenditur
1543 5247 1644 5304 corpus
1667 5235 1779 5302 Christi,
1805 5233 1879 5306 quod

194 5339 272 5392 catur
299 5328 429 5386 moestitia
457 5322 664 5395 apostolorum
692 5337 742 5394 per
770 5317 1013 5384 subdiaconorum.
1057 5323 1208 5380 resurrexit
1234 5335 1250 5376 a
1274 5320 1408 5390 mortuis;
1438 5336 1488 5394 per
1520 5327 1668 5378 comestam
1696 5337 1711 5377 a
1734 5322 1880 5379 sacerdote

193 5429 348 5482 sanctarum
391 5417 545 5474 mulierum.
584 5411 750 5467 subdiaconi
786 5422 851 5467 vero
889 5405 1015 5462 similiter
1056 5411 1097 5467 vel
1126 5409 1239 5480 populo,
1265 5405 1444 5466 vivificantem
1474 5425 1522 5467 eos
1550 5411 1577 5466 in
1605 5411 1672 5478 Deo,
1693 5411 1794 5468 Christi
1818 5423 1880 5468 cunt

192 5509 318 5599 inclinati
334 5506 432 5589 sintin
447 5510 561 5590 aspectu
579 5499 742 5590 sacerdotis,
758 5513 808 5572 ρει
831 5511 902 5570 quos
925 5495 1016 5566 expri·
1057 5496 1202 5568 discipulis
1234 5497 1291 5554 suis
1324 5505 1386 5574 post
1425 5499 1655 5557 resurrectionem
1692 5501 1879 5558 conversatio.
