4036 6162
145 285 194 342 set
665 283 821 342 HISTORIA
839 281 1115 342 tntohttthtlsts.
1133 309 1171 324 -
1188 283 1253 340 llll.
1272 283 1306 340 lt.
1772 281 1828 340 Μ

145 409 192 468 bei
216 408 393 480 dispensante
415 407 561 467 elementia
586 408 685 477 tenuit,
701 412 728 465 et
750 409 807 466 lieo
830 407 1059 480 largientehnus
1084 420 1145 465 oum
1169 419 1199 464 se
1221 405 1328 465 videret
1350 406 1432 465 motti
1457 405 1623 476 accelerare,
1642 412 1674 464 ut
1690 407 1719 465 in
1737 408 1827 466 stnctl

146 499 173 556 iu
196 503 330 556 aternum
353 497 469 555 tenebit.
494 497 676 567 Quamobrem
709 495 839 552 cathedra
862 497 967 555 lledio-
1007 495 1153 568 lipiphauli
1176 496 1231 554 vita
1256 497 1295 569 (c.
1318 495 1350 568 l)
1376 495 1439 569 (69)
1464 495 1590 565 habetur,
1606 495 1685 554 duxlt
1701 503 1826 556 sanctum

146 586 266 645 lanensis
279 585 314 642 ab
337 585 399 656 ipso
422 585 549 658 apostolo
573 583 691 642 exaltata
714 584 848 642 decenter
870 590 899 642 et
920 599 967 641 su·
1007 584 1189 657 Epiphanium
1217 586 1423 652 Mediolanum,
1452 591 1480 643 et
1511 585 1581 642 dixit
1605 585 1641 642 ad
1667 585 1827 657 episcopum

145 677 256 734 blimata
270 681 470 746 competenter,
487 675 534 731 bei
557 675 654 732 dextra
678 679 707 731 et
724 674 799 731 beati
820 674 895 731 Petri
918 688 966 731 re·
1008 674 1164 732 Protaxium
1190 679 1218 731 et
1240 674 1353 733 ordines
1376 689 1446 747 quos
1474 676 1542 732 inibi
1569 675 1675 732 invenit
1694 694 1701 731 :
1723 693 1738 728 s
1757 675 1828 732 Ecce

145 765 228 838 miglo
242 764 377 822 refloruit.
400 764 479 834 Quod
504 765 577 821 enim
600 763 742 820 verissime
766 763 920 836 reperimus
938 763 966 820 in
1008 762 1137 833 dttt,1am
1161 777 1221 820 ntea
1235 763 1268 796 Ν
1282 770 1349 822 aetas
1371 779 1439 821 mea
1462 764 1526 821 vita
1544 778 1655 822 cursum
1670 763 1827 834 complevit.

144 855 248 912 nostris
271 852 426 920 annalibus,
451 859 480 911 et
502 855 563 924 ejus
586 853 774 924 descriptione
792 852 926 910 adventus
940 856 968 909 et
1009 852 1177 909 commendo
1200 853 1349 920 civitatem,
1373 852 1535 910 commendo
1559 851 1727 920 ecclesiam,
1756 865 1830 914 cottt·

143 943 232 1002 sancti
259 942 393 1000 huamlou
421 943 476 999 vita
505 943 540 1000 de
568 941 713 1014 discipulis
740 941 868 1010 Domini,
897 955 969 998 unus
1009 940 1110 997 mendo
1134 939 1217 1008 hunc,
1234 942 1313 1011 cujus
1335 939 1423 999 labori
1448 947 1476 997 ct
1498 942 1593 1013 gratiae
1616 940 1726 1008 debeo,
1755 939 1830 1011 quod

143 1030 297 1104 discipulus
312 1031 488 1088 fidelissimus
516 1029 674 1088 fidelissime
701 1037 729 1088 et
751 1030 904 1088 certissime
927 1030 969 1087 dl·
1010 1027 1144 1099 usquead
1163 1028 1218 1085 hoc
1241 1033 1349 1099 tempus
1367 1029 1421 1087 vixi
1440 1031 1603 1103 grandevus
1617 1028 1650 1062 Ν
1664 1035 1692 1086 et
1710 1029 1829 1097 debills;

143 1135 212 1179 cens
237 1141 244 1178 ι
271 1121 356 1189 «Qui
377 1120 410 1152 Ν
436 1126 501 1192 post
526 1121 676 1178 Romanam
707 1133 799 1178 arcem
821 1118 971 1177 tamosissi-
1011 1118 1090 1188 cujus
1103 1130 1238 1188 corporea
1260 1116 1421 1176 felicitas*
1434 1124 1463 1177 et
1476 1119 1563 1176 virtus
1585 1119 1684 1176 animae
1699 1118 1834 1176 imbecili-

143 1225 215 1268 mam
229 1210 262 1243 Ν
273 1212 328 1281 )ιιι
353 1214 420 1267 tunc
439 1209 592 1268 habebatur
616 1209 713 1266 civitas
736 1207 888 1280 saepedicta
912 1209 970 1264 lle·
1012 1211 1094 1264 tatem
1110 1221 1196 1264 meam
1213 1208 1332 1278 portavit
1347 1209 1407 1266 sine
1425 1208 1547 1267 fastidio.
1569 1227 1584 1261 c
1604 1210 1671 1266 item
1686 1209 1714 1265 iu
1734 1208 1832 1265 eadem

143 1299 295 1364 diolanum,
311 1299 415 1370 quippe
429 1313 491 1370 qua
506 1298 566 1370 pari
581 1297 687 1355 ditione
697 1297 834 1365 sublimis,
849 1296 971 1354 secunda
1013 1299 1047 1369 (c.
1062 1296 1090 1369 5)
1116 1317 1123 1354 :
1149 1315 1165 1350 ιι
1184 1297 1298 1354 liucitur
1325 1299 1423 1355 beatus
1454 1299 1624 1370 Epiphanius
1651 1296 1835 1355 llediolanum

143 1394 208 1460 post
223 1389 322 1458 ipsam,
337 1392 368 1444 ut
382 1385 513 1457 praetatus
526 1399 597 1453 sum,
613 1385 771 1459 augustales
791 1385 902 1443 occidui
915 1385 970 1441 im·
1012 1385 1103 1442 adhuc
1117 1385 1267 1456 reluctans,
1290 1392 1318 1444 ct
1336 1401 1443 1460 magna,
1459 1387 1483 1444 si
1506 1387 1702 1454 dimitteretur,
1722 1399 1835 1443 munera

144 1478 216 1549 perii
248 1474 349 1533 intutas
382 1476 542 1532 tetendebat
565 1475 605 1534 Ν.
628 1493 643 1528 u
663 1476 758 1546 ltaque
784 1482 897 1532 sanctus
924 1473 972 1531 bei
1014 1475 1197 1546 promittens;
1222 1475 1281 1546 qul,
1301 1481 1332 1532 ut
1350 1475 1444 1544 tieret,
1465 1476 1555 1534 noluit
1573 1476 1711 1548 spondere
1724 1475 1767 1533 vel
1787 1475 1838 1532 mi·

144 1567 324 1639 dispensante
348 1565 494 1622 clementia
518 1565 608 1622 sanxit
618 1564 648 1596 Ν
664 1565 802 1621 Barnabas
820 1564 971 1635 apostolus,
1014 1564 1097 1621 nima.
1112 1566 1297 1622 Consecratur
1314 1571 1405 1621 autem
1414 1563 1477 1622 Νι
1500 1566 1581 1623 beato
1604 1565 1733 1622 Protamo
1748 1562 1836 1621 saneti

111 1655 113 1667 '
145 1663 175 1713 ut
204 1654 434 1723 Mediolanenses,
451 1667 532 1726 quam
556 1653 738 1726 imperatores
756 1660 871 1712 noverat
889 1667 975 1724 super
1015 1653 1152 1712 hmbrosli
1179 1659 1365 1723 antecessore,
1399 1653 1544 1713 catholicas
1578 1653 1706 1712 ecclesie
1734 1665 1839 1725 propu-

145 1749 261 1802 concas
284 1742 368 1800 ltaliae
392 1743 518 1800 civitates
538 1741 720 1810 sublimasse,
748 1757 780 1798 ea
803 1742 863 1813 ipse
886 1737 1127 1815 quamiignatore
1147 1742 1314 1811 llrmissimo,
1338 1756 1443 1800 summa
1466 1757 1528 1800 cum
1548 1742 1695 1800 devotione
1713 1754 1746 1799 ae
1761 1740 1839 1798 eele-

144 1833 250 1889 sanctis
265 1831 510 1904 praedicationibus
533 1831 661 1902 primitus
684 1828 856 1899 fundaverat,
871 1830 973 1902 prinoi-
1014 1833 1114 1890 britate
1138 1837 1312 1889 cunctorum.
1333 1851 1348 1886 ι
1368 1835 1504 1890 Praeterea
1528 1832 1736 1899 testimonium,
1761 1835 1839 1901 pater

145 1923 218 1996 palis
231 1921 412 1979 ecelesiastici
435 1920 563 1978 culminis
586 1920 678 1987 sedes,
693 1919 864 1993 aliarumque
887 1920 972 1986 inea
1013 1921 1179 1990 venerande,
1195 1935 1263 1992 cape
1287 1921 1483 1992 certissimum,
1507 1921 1553 1979 cui
1575 1921 1702 1978 dubitare
1725 1925 1774 1976 aut
1788 1932 1837 1976 re·

147 2011 291 2082 provincia
313 2009 492 2067 ecclesiarum
517 2009 679 2080 metropolis
699 2009 898 2081 perpetualiter
921 2009 973 2066 ha·
1013 2008 1120 2085 tragare
1152 2011 1339 2083 periculosum
1367 2015 1395 2067 et
1424 2011 1602 2068 criminosum
1625 2010 1714 2067 sancti
1747 2013 1841 2079 patres

147 2102 256 2159 beatur.
276 2101 326 2157 cui
340 2099 373 2133 Ν
396 2098 521 2171 prolecto
547 2099 619 2166 urbi,
636 2103 667 2155 ul
687 2099 715 2156 in
730 2101 786 2156 vita
802 2099 889 2156 sancti
903 2100 975 2155 hna-
1013 2099 1173 2160 decrevere.
1205 2099 1317 2172 Legitur
1344 2099 1417 2156 enim
1443 2101 1472 2157 in
1500 2101 1554 2157 tlta
1581 2099 1669 2157 sancti
1701 2097 1839 2155 Ambrosii

148 2190 236 2258 talou,
252 2203 333 2261 quem
347 2189 417 2245 inibi
438 2193 649 2246 consecraverat
663 2188 842 2245 ierosolimis
856 2201 973 2258 proces·
1014 2187 1053 2259 (c.
1087 2187 1132 2258 ab)
1166 2188 1276 2258 patroni
1307 2188 1396 2245 nostri
1423 2203 1456 2244 ac
1488 2187 1667 2245 ecclesiarum
1699 2187 1840 2243 universa·

147 2293 251 2345 surus,
284 2277 400 2344 inveni,
427 2281 534 2334 tantum
563 2276 701 2348 privilegii
735 2290 835 2334 munus
862 2281 976 2334 sanctus
1017 2293 1078 2335 rum
1102 2275 1135 2311 Ν
1154 2277 1277 2335 tutoris:
1296 2297 1309 2328 ι
1328 2277 1460 2335 ordinato
1482 2277 1627 2335 sacerdote
1649 2277 1775 2335 ecclesia
1798 2275 1840 2332 Ti·

147 2367 283 2425 llnatalon
298 2380 314 2422 ι
328 2380 378 2423 ιιι
392 2372 509 2422 noverat
523 2367 652 2438 magistro
669 2379 843 2436 concessum,
859 2371 890 2424 ut
903 2367 976 2424 sicut
1017 2367 1140 2424 cinensis
1162 2367 1262 2424 incidit
1284 2367 1312 2423 in
1341 2367 1537 2424 infirmitatem.
1559 2385 1574 2419 u
1593 2367 1664 2423 cura
1687 2370 1730 2422 est
1747 2364 1840 2437 itaque

150 2459 226 2513 inter
247 2455 367 2526 reliquas
380 2453 535 2511 italicarum
551 2456 754 2525 provinciarum
769 2456 863 2524 urbes,
880 2471 974 2514 earum
1018 2463 1097 2527 pater
1110 2455 1288 2524 venerande,
1319 2455 1392 2513 sicut
1414 2462 1526 2513 sauctus
1548 2454 1685 2513 Fabianus
1705 2467 1775 2526 papa
1789 2469 1840 2513 suo

148 2544 285 2601 dunmxat
307 2557 369 2614 (ιιι
393 2542 594 2600 occidentalem
617 2557 705 2615 usque
715 2544 748 2576 Ν
771 2545 924 2616 marginem
941 2545 976 2601 ab
1017 2544 1046 2600 in
1065 2544 1178 2602 decreto
1196 2543 1258 2616 (to)
1279 2545 1378 2602 asserit
1397 2563 1412 2598 ι
1431 2550 1530 2602 vestra
1553 2543 1735 2601 sollicitudini
1762 2543 1841 2600 adhi-

150 2631 237 2689 llaliae
263 2632 326 2688 sinu
340 2631 373 2665 Ν
392 2630 607 2703 protenduntur,
628 2639 691 2704 post
709 2636 859 2692 itomanam
884 2648 976 2690 arcem
1017 2633 1118 2701 benda,
1138 2639 1170 2689 ut
1193 2647 1225 2690 ca
1243 2639 1386 2705 quaesunt
1405 2635 1440 2692 ab
1458 2633 1593 2706 apostolis
1608 2647 1759 2704 eorumque
1778 2645 1841 2690 sue-

150 2719 251 2777 intenti
279 2720 331 2776 sub
354 2719 424 2777 solio
444 2719 477 2752 Ν
498 2721 648 2778 eminentia
671 2720 714 2789 Ν,
738 2731 822 2794 atque
846 2722 979 2780 auliculo·
1018 2721 1177 2779 cessoribus
1212 2722 1339 2778 ordinata
1366 2737 1399 2780 ac
1428 2723 1517 2780 sahmi
1544 2721 1577 2756 Ν
1603 2723 1723 2794 Spiritus
1753 2720 1841 2793 gratia

151 2821 213 2866 rum
236 2807 269 2840 Ν
296 2813 432 2866 conventu
456 2808 681 2880 frequentissimo
710 2810 878 2882 principales
898 2811 977 2868 vide·
1018 2810 1180 2878 constituta,
1195 2824 1247 2868 nee
1270 2810 1491 2873 dissimulatione
1513 2811 1655 2884 negligere
1683 2823 1735 2867 nee
1749 2809 1841 2880 aliqua

152 2899 254 2956 bantur
267 2895 317 2966 Ν;
341 2898 378 2954 ita
393 2896 426 2931 Ν
439 2896 636 2956 ecclesiasticae
657 2899 773 2956 ditionis
794 2899 976 2971 praerogativa
1018 2901 1198 2971 presumptio
1213 2901 1302 2958 valeat
1317 2903 1489 2973 perturbare.
1509 2919 1524 2955 u
1545 2901 1598 2960 Sed
1612 2901 1685 2958 sicut
1698 2899 1752 2957 hoe
1766 2898 1841 2972 quod

153 2991 217 3057 post
231 2985 391 3044 Romuleam
415 2986 509 3044 sedem
533 2993 647 3044 cunctas
670 2987 829 3045 excelleret.
854 2990 884 3045 ln
904 2989 977 3046 hune
1018 2990 1135 3046 rationis
1149 2990 1276 3061 exigebat
1300 2990 1406 3047 utilitas
1429 2992 1553 3063 oportuit
1572 2990 1697 3056 dellnlre,
1714 2989 1752 3047 lla
1766 2987 1841 3061 quod

152 3077 266 3135 modum
281 3081 309 3133 et
322 3076 381 3147 ipse
393 3074 524 3147 praelatus
537 3077 653 3134 antistes
668 3078 706 3134 nil
721 3091 737 3133 a
750 3091 802 3135 suo
817 3078 976 3136 institutore
987 3061 1009 3124 C
1019 3079 1161 3136 delinitum
1184 3083 1227 3135 est
1250 3091 1307 3137 non
1330 3080 1414 3138 debet
1428 3080 1524 3139 violari
1534 3079 1567 3114 Ν
1580 3082 1662 3138 Pater
1674 3076 1841 3147 venerande,

153 3163 606 3237 discrepausfflmetropolltanam
616 3165 646 3198 Ν
658 3165 731 3224 idem
750 3166 908 3224 cathedram
925 3181 976 3238 pro
1020 3168 1159 3239 praecipue
1173 3171 1272 3225 vestra
1295 3169 1469 3238 paternitatis
1492 3168 1673 3228 reverentiam
1691 3174 1775 3240 atque
1793 3167 1842 3224 hu·

152 3254 255 3312 tuturis
282 3253 453 3323 temporibus
479 3252 581 3310 christi
612 3254 708 3311 statuit
745 3269 806 3311 esse
839 3254 977 3326 lidelibus,
1017 3257 1063 3327 lus
1090 3257 1178 3313 sancti
1211 3257 1323 3315 concilii
1363 3260 1506 3315 caritatem
1542 3258 1672 3315 vicariam
1701 3255 1842 3314 caritative

152 3349 293 3416 quatenus
309 3339 475 3398 aidnium⁸⁸⁸
500 3341 665 3413 populorum
687 3343 840 3411 antitistes,
864 3343 918 3401 hoc
937 3349 980 3401 est
1020 3359 1105 3403 exoro
1132 3358 1165 3401 ao
1188 3347 1300 3414 obnixe,
1325 3359 1341 3402 a
1365 3351 1443 3416 parte
1466 3345 1515 3401 bei
1539 3351 1568 3402 ct
1594 3344 1682 3401 sancti
1704 3343 1843 3401 Ambrosii

155 3432 289 3498 Venetia,
306 3430 433 3503 Liguria,
449 3430 575 3498 AEmiliae,
590 3430 690 3498 Retia,
709 3431 880 3502 hlpiscotlae,
900 3439 980 3504 quot·
1021 3431 1217 3491 contendendo
1231 3433 1274 3502 Ν,
1289 3437 1320 3489 ut
1334 3433 1426 3490 nullus
1439 3433 1586 3504 episcopus
1599 3437 1703 3490 nostra
1717 3431 1843 3490 eeclesiae

153 3529 226 3595 quot
239 3520 378 3580 tuerintln
393 3525 488 3576 sancta
503 3526 590 3576 matre
614 3519 731 3577 ecelesia
745 3518 841 3588 tutum,
862 3535 912 3592 per
930 3521 981 3578 has
1021 3522 1233 3592 sullragaueum,
1262 3521 1378 3578 maxime
1408 3521 1482 3578 hunc
1511 3522 1695 3593 papiensem,
1724 3521 1760 3578 de
1787 3533 1844 3591 quo

153 3612 322 3683 saepedtctas
347 3609 504 3681 provincias
527 3614 610 3680 caput
633 3609 772 3680 quoddam
796 3617 825 3666 et
839 3609 925 3668 decus
939 3612 981 3666 in·
1021 3611 1105 3681 hujus
1124 3609 1212 3666 sancti
1236 3609 1349 3667 concilii
1373 3610 1527 3668 clementia
1542 3620 1709 3681 conqueror,
1725 3608 1845 3666 retinere

153 3703 234 3774 signe
249 3705 313 3771 post
336 3701 489 3756 Romanum
504 3697 661 3769 pontidcem
677 3697 779 3755 habere
794 3698 932 3756 debebant
946 3699 979 3734 Ν
1022 3713 1054 3754 ac
1069 3697 1197 3756 ordinare
1221 3696 1401 3756 fraternitatis
1419 3703 1517 3756 vestra
1541 3697 1717 3771 perturbator
1735 3711 1844 3770 praesu·

154 3789 369 3850 llediolauensis
392 3787 467 3844 sedis
486 3787 632 3858 praesulem
656 3787 908 3859 metropolitanum.
926 3790 979 3846 lta·
1022 3792 1088 3844 mat.
1103 3786 1181 3856 Quod
1206 3787 1230 3844 si
1249 3788 1381 3857 evenerit,
1401 3788 1564 3860 accipientis
1589 3793 1618 3846 et
1635 3787 1790 3846 ordinantis
1807 3788 1845 3845 ir·

153 3895 208 3952 que
225 3878 342 3937 eeclesia
356 3875 577 3945 llediolauensis,
593 3875 637 3932 bis
661 3882 689 3933 et
712 3877 774 3933 aliis
796 3877 890 3936 multis
913 3877 980 3935 tulta
1022 3876 1075 3933 rita
1090 3882 1118 3933 et
1137 3877 1272 3935 vacuasti
1294 3878 1323 3934 in
1337 3884 1500 3950 perpetuum
1525 3878 1675 3937 ordinatio.
1691 3879 1769 3936 Unde
1783 3889 1846 3934 san·

154 3977 182 4027 et
196 3973 297 4026 oruata
310 3966 442 4039 remigiis,
457 3965 515 4023 iere
530 3979 592 4024 cunt
613 3965 767 4023 honoribus
787 3966 832 4024 his
854 3968 983 4025 omnibus
1022 3971 1084 4023 ctus
1095 3967 1191 4038 systus
1205 3980 1275 4039 papa
1289 3982 1341 4024 suo
1365 3968 1394 4025 itt
1418 3968 1531 4028 decreto
1550 3969 1609 4042 (tl)
1624 3969 1756 4026 divinitus
1769 3980 1846 4025 amo·

155 4071 246 4130 usque
269 4057 304 4115 ad
330 4056 384 4112 mei
410 4061 529 4126 tempus,
554 4054 602 4111 liei
636 4054 828 4112 misericordia
852 4063 879 4114 et
907 4056 982 4113 beati
1023 4055 1098 4112 nitus
1111 4056 1269 4128 magisterio
1284 4056 1354 4115 dicit
1370 4078 1377 4115 :
1395 4075 1410 4110 ι
1429 4059 1526 4117 Nullus
1540 4058 1871 4131 episcopusprasumat.

154 4146 294 4207 Ambrosii
308 4144 414 4202 meritis
437 4144 535 4201 devote
561 4145 696 4214 pervenit.
713 4144 765 4200 Sed
790 4151 820 4202 ut
844 4159 878 4202 ex
892 4145 983 4202 causis
1022 4144 1138 4202 alterius
1165 4145 1378 4215 parrochianum
1409 4147 1530 4206 retinere
1562 4155 1610 4205 aut
1641 4147 1771 4207 ordinare
1802 4145 1845 4203 vel

157 4235 262 4302 multis,
278 4247 293 4292 e
316 4233 417 4305 qulbus
439 4239 543 4291 nostrae
568 4231 749 4304 querimonia
764 4247 846 4290 causa
860 4235 984 4292 munitur
1020 4233 1146 4304 judicare
1170 4233 1274 4306 absque
1303 4236 1364 4305 elus
1388 4236 1540 4292 voluntate.
1569 4237 1637 4304 Qula
1665 4237 1738 4293 sieut
1768 4235 1846 4291 irrita

157 4327 290 4384 decenter
320 4328 403 4394 atque
440 4327 534 4379 tuctur
569 4328 769 4394 competenter,
798 4324 980 4394 quorumdam
1025 4322 1079 4380 erit
1111 4324 1171 4393 elus
1198 4322 1357 4392 ordinatio,
1389 4328 1418 4380 et
1442 4322 1475 4356 Ν
1502 4323 1541 4380 ita
1572 4323 1745 4394 dljttdicatio.
1778 4324 1845 4380 llam

157 4419 316 4472 sanctorum
350 4411 543 4483 episcoporum
577 4411 750 4481 Paplensium
780 4389 1073 4482 testimonium,uni
1097 4425 1160 4468 eunt
1178 4411 1308 4470 ordinare
1335 4425 1392 4469 non
1423 4413 1534 4484 potuit,
1558 4425 1610 4468 nec
1626 4411 1751 4482 iudicare
1780 4409 1845 4468 nul·

157 4503 277 4574 Crispini
306 4505 335 4558 et
357 4500 493 4578 Epiphanl
515 4499 637 4570 percipe.
653 4499 770 4556 Sanctus
792 4501 865 4556 enim
879 4500 983 4571 Crispi·
1022 4499 1131 4557 lateuus
1153 4497 1186 4532 Ν
1209 4501 1321 4572 poterit.
1340 4519 1355 4554 e
1377 4502 1458 4558 Pater
1484 4499 1651 4569 venerande,
1670 4511 1845 4572 unaquaeque
1959 4559 1963 4568 ,

841 4599 953 4654 VdfflAE
971 4597 1165 4655 theutonis.

194 4687 227 4724 Ν
245 4687 376 4760 quoniam
389 4683 468 4813 thf.
492 4683 555 4741 206.
572 4699 635 4756 qnae
650 4684 693 4744 ut.
731 4683 763 4718 Ν
785 4683 967 4742 famosissima
980 4685 1017 4742 ab.
1055 4684 1087 4717 Ν
1113 4686 1271 4743 retentabat
1293 4685 1329 4743 il.
1367 4685 1399 4720 Ν
1419 4688 1525 4745 Praeter
1558 4687 1613 4744 uod
1628 4701 1653 4743 s.
1670 4685 1848 4745 utllediola·

162 4760 257 4818 nensis
270 4773 351 4831 quatu
366 4759 426 4828 ipse
452 4753 602 4813 nudaverat
614 4787 650 4800 -
664 4757 807 4814 habeatur.
822 4755 858 4814 ιι.
888 4756 921 4790 Ν
939 4759 969 4815 G.
990 4772 1018 4829 p.
1035 4772 1062 4815 u.
1080 4761 1185 4813 lautum
1206 4772 1233 4829 p.
1249 4772 1265 4815 a
1279 4770 1341 4822 suo,
1358 4765 1423 4827 etc,
1443 4757 1480 4815 ιι.
1492 4775 1522 4832 p.
1596 4797 1605 4814 .
1642 4757 1674 4792 Ν
1692 4772 1789 4816 versus
1808 4755 1845 4814 ιι.

162 4829 194 4863 Ν
208 4833 247 4889 ilc
260 4829 376 4888 corrasit
389 4827 491 4884 Betim.
507 4828 625 4900 idemque
639 4844 684 4901 cp.
700 4832 789 4885 Auca.
809 4826 903 4898 tegitur
910 4850 921 4895 ,·
937 4829 1007 4885 sumi
1031 4827 1108 4885 codd.
1129 4827 1231 4885 linibus
1246 4827 1287 4887 Bt.
1325 4829 1358 4862 Ν
1376 4845 1403 4886 ι.
1418 4830 1534 4887 nitentis
1547 4835 1695 4888 structurae
1710 4845 1737 4888 e.
1755 4831 1843 4888 Aoos.

164 4901 248 4959 Νιια
266 4903 296 4957 Β.
312 4899 437 4956 eliaca.
454 4899 597 4956 subsellio.
618 4915 671 4956 em.
691 4901 736 4955 h'.
761 4913 784 4955 s.
810 4913 832 4955 s.
860 4899 993 4956 eminenti
1006 4899 1055 4956 ΑΝ
1068 4897 1110 4955 bl.
1127 4897 1159 4931 Ν
1169 4900 1339 5004 populorum
1362 4900 1406 4959 at.
1444 4901 1629 4959 auricolorum
1657 4901 1718 4959 h**.
1743 4899 1848 4958 aulico-

164 4987 224 5030 mm
251 4973 338 5030 Aaou.
375 4969 408 5003 Ν
440 4970 590 5041 principari
618 4971 763 5027 videbatur
789 4971 877 5028 Aaou.
932 4970 965 5004 Ν
982 4972 1021 5028 ita
1040 4974 1071 5027 ut
1084 4969 1130 5027 ι’.
1220 4970 1272 5028 disi
1293 4985 1344 5030 ans
1370 4975 1401 5031 B.
1456 4971 1487 5005 Ν
1522 4972 1727 5045 metropolitani
1758 4974 1847 5031 daos.

164 5043 195 5076 Ν
214 5049 253 5101 ttc
279 5046 366 5099 Aaou.
395 5041 514 5097 animum
529 5043 575 5099 ι’.
603 5042 643 5124 Β..
662 5043 734 5098 aium
748 5042 809 5097 ll**.
830 5040 951 5124 omnium
975 5041 1019 5098 nt.
1070 5037 1102 5073 Ν
1121 5041 1240 5100 ιιιιιιι
1259 4985 1293 5099 tf.
1313 5059 1337 5100 s.
1363 5059 1390 5116 p.
1414 5044 1559 5102 locamus
1581 5060 1656 5118 puero
1676 5044 1719 5101 bic
1739 5042 1845 5100 deserit.

164 5114 198 5147 Ν
211 5128 255 5172 me
270 5120 337 5170 atas
351 5111 493 5182 compellit
510 5112 783 5183 adtransttum,1'am
798 5113 974 5184 ortgiuariam
989 5113 1118 5171 adsuunt
1132 5114 1178 5183 jus
1194 5119 1307 5171 revocat
1320 5119 1394 5172 terra
1409 5115 1581 5188 particulam.
1597 5119 1668 5174 lice.
1706 5113 1739 5148 Ν
1756 5119 1786 5171 et
1803 5127 1846 5186 gt.

166 5188 236 5243 Eoo.
255 5183 289 5218 Ν
302 5183 429 5241 soliditas
442 5183 481 5240 ιι.
518 5181 550 5216 Ν
564 5185 595 5242 c.
614 5198 676 5241 cum
702 5185 777 5242 omni
802 5182 964 5242 celebritate
992 5189 1156 5242 cunctorum
1182 5185 1220 5241 tt.
1258 5184 1291 5218 Ν
1309 5187 1499 5245 universorum
1512 5187 1543 5245 B.
1598 5185 1631 5221 Ν
1648 5201 1682 5244 ac
1699 5186 1847 5260 instigante

166 5271 190 5312 s.
209 5271 233 5314 s.
252 5255 379 5314 lnstltuta
393 5267 420 5312 n.
433 5253 616 5312 dissimulatio
629 5253 698 5327 culp.
736 5254 769 5290 Ν
786 5255 868 5314 ltait.
883 5256 977 5328 itaque
991 5256 1020 5314 d.
1036 5269 1062 5315 e.
1078 5268 1105 5312 n.
1123 5255 1225 5314 debere
1239 5271 1265 5314 v.
1283 5259 1389 5316 b*.Bl.
1426 5258 1457 5292 Ν
1477 5258 1673 5318 contendolit.
1711 5257 1744 5292 Ν
1762 5258 1801 5318 ιιι
1819 5261 1849 5318 el

167 5325 237 5398 vaip.
274 5326 308 5360 Ν
326 5325 466 5383 ullatenus
478 5322 549 5396 eata.
951 5399 1050 5460 Now

206 5483 268 5630 gg)
284 5488 364 5544 duct.
385 5483 521 5570 Ennodio.
542 5487 609 5570 dcta
622 5485 668 5568 SS.
683 5483 743 5540 lan.
763 5485 842 5568 ll,·p.
862 5483 926 5541 set.
1018 5486 1081 5558 (71)
1097 5487 1165 5548 stxtl
1180 5489 1203 5548 tl
1222 5501 1267 5559 ep.
1283 5487 1328 5546 ad.
1349 5487 1425 5559 llisp.
1446 5489 1473 5545 ln
1489 5488 1553 5547 coll.
1570 5489 1679 5550 tstdori.

252 5557 266 5630 )
282 5559 313 5615 ln
327 5571 372 5629 ep.
388 5557 422 5614 ad
434 5570 521 5628 opusc.
537 5561 636 5614 crtent.
652 5567 681 5612 tn
695 5555 759 5613 coll.
775 5555 884 5614 lstdorl.
