4024 6174
241 267 293 325 567
769 276 935 332 censebis
952 273 1084 329 ccditlct
1103 272 1399 329 nncbssbcncltdsts
1874 271 1921 325 568

242 393 344 453 domno
358 400 512 469 apostolico
522 401 663 472 Gregorio,
675 401 803 470 omnique
818 407 920 456 sancta
930 394 1241 474 nonaria-Aliminibus
1254 403 1358 452 sanetae
1376 398 1503 453 ecclesiae
1521 399 1660 468 separavit
1678 405 1732 452 mm
1754 394 1831 452 illam
1848 409 1921 464 onan

242 485 373 542 Ecclesiae
388 491 519 552 concilio,
539 505 621 559 super
636 490 744 559 injuriis
757 497 785 546 et
798 488 947 555 violentiis,
964 502 1062 557 quasa
1104 484 1499 552 omnessibiconscntientes,
1530 492 1558 542 et
1576 488 1663 542 virum
1692 486 1776 541 allum
1807 486 1835 540 in
1857 487 1922 554 regia

244 574 346 632 domno
364 578 492 634 lleinrico
508 581 579 648 passi
599 593 692 635 sumus
707 585 733 634 et
747 580 918 635 incessanter
933 581 1061 648 patimur,
1104 573 1237 644 dignitate
1270 575 1441 632 contirmavit
1473 576 1625 645 apostolica
1658 577 1835 632 auctoritate.
1865 575 1924 641 Qua·

246 677 301 721 non
325 666 361 721 ob
389 667 468 721 aliam
497 681 615 733 eaumm,
636 668 687 722 nisi
707 667 781 738 qnod
814 668 873 724 sedi
902 668 1063 737 apostolieae
1104 671 1206 719 sanctae
1235 666 1364 720 Romanae
1395 664 1524 721 Ecclesia
1554 665 1643 720 edicta
1673 667 1746 720 sicut
1772 665 1826 719 alla
1848 663 1924 717 multa

246 754 408 811 obedientes
435 769 537 811 sumus.
568 757 694 813 Pervenit
716 766 806 813 autem
831 759 864 812 ad
889 772 950 824 nos,
975 759 1003 813 in
1031 756 1063 788 ⁸¹⁸
1104 759 1314 820 contempnens,
1335 767 1448 823 regnum
1467 753 1521 808 sibi
1538 755 1594 823 jam
1614 753 1737 809 secundo
1752 751 1925 807 interdictum

246 849 339 898 sancta
354 843 452 899 sinodo
478 846 598 900 Romana
624 859 712 915 nuper
726 846 817 902 habita
839 847 900 918 (45)
918 847 1062 918 quaesitum
1105 840 1246 906 invadens,
1265 856 1350 910 usque
1374 842 1445 898 adeo
1468 842 1618 898 demolitus
1641 851 1683 896 est
1706 842 1881 910 dissipando,
1901 851 1924 893 nr

246 945 306 988 esse
321 939 348 986 et
362 933 481 988 dubitari
504 947 518 988 a
543 935 716 1003 quibnsdam,
738 943 827 990 vitrum
853 936 1002 1005 praedictus
1023 935 1065 990 vir
1102 932 1157 999 jam
1173 944 1285 1000 regnum
1300 931 1356 985 dici
1372 944 1426 987 non
1446 931 1545 996 valeat,
1567 932 1611 986 cni
1635 931 1709 986 nulla
1734 943 1805 999 pene
1830 929 1926 997 regalia

245 1019 292 1076 ille
308 1022 583 1077 excommunicandus
598 1026 644 1090 stt,
660 1038 694 1078 an
719 1037 785 1080 oon.
810 1027 983 1095 Quapropter
1003 1037 1062 1084 nos,
1105 1025 1262 1088 supersunt.
1279 1021 1344 1074 Cum
1360 1027 1451 1076 autem
1466 1019 1500 1074 ad
1520 1019 1712 1076 conciliandos
1732 1019 1786 1074 sibi
1808 1017 1927 1073 fautores

246 1108 346 1178 quibus
360 1123 404 1164 res
423 1111 475 1164 ista
489 1112 564 1180 gravi
589 1113 778 1183 experimento
802 1113 957 1171 evidentius
980 1115 1063 1169 inno·
1105 1109 1182 1178 regni
1211 1107 1354 1164 facultates
1382 1103 1434 1164 sllil
1465 1123 1519 1166 ⁰01¹
1558 1109 1733 1174 sufficerem.
1763 1120 1875 1163 manum
1903 1109 1926 1162 ll

246 1197 311 1262 tuit,
345 1199 507 1254 annuntiare
541 1215 591 1271 pro
620 1208 713 1258 nostra
743 1204 923 1260 aestimatione
952 1205 1063 1275 dignum
1105 1204 1198 1252 saneta
1214 1204 1371 1254 sanctorum
1387 1197 1550 1263 extendens,
1570 1198 1746 1254 ecelesiarum
1763 1197 1812 1252 bei
1839 1197 1926 1266 publi-

243 1282 379 1352 duximus‚
396 1288 506 1356 quantis
525 1290 707 1347 existentibus
721 1294 812 1348 causis
832 1295 891 1364 ipse
907 1309 960 1351 non
976 1293 1064 1350 solunt
1106 1300 1155 1342 ⁰1¹⁵
1168 1285 1279 1342 invasor
1293 1287 1406 1343 ellsscllls
1421 1295 1472 1354 esi,
1489 1301 1544 1344 ¹1⁰ss
1560 1301 1593 1343 00
1608 1288 1686 1357 quasi
1703 1287 1798 1351 modo,
1809 1287 1925 1356 quoiam

243 1375 523 1432 excommunicandus
541 1379 589 1434 sed
605 1381 698 1436 multis
712 1383 802 1438 modis
813 1385 867 1452 jana
889 1397 951 1438 vera
974 1384 1010 1438 stt
1033 1381 1064 1413 ³²⁷
1106 1375 1139 1430 ab
1154 1375 1292 1445 aliquibus
1311 1377 1435 1446 tyrannis
1450 1382 1646 1446 presumptum
1665 1391 1726 1432 esse
1740 1375 1926 1446 cognovimus.

244 1466 505 1522 excommunicatus.
538 1470 625 1524 Testis
657 1477 698 1526 est
731 1471 790 1527 lraec
822 1479 915 1528 saneta
945 1475 1064 1528 llonxana
1107 1464 1339 1534 incomparabiles
1362 1466 1433 1520 culm
1458 1471 1485 1520 il
1504 1466 1563 1522 sine
1585 1465 1927 1534 exemplopraevaricatio-

245 1552 378 1618 Ecclesia,
396 1567 445 1624 pro
464 1557 575 1625 quantis
601 1559 754 1615 sceleribus
780 1567 808 1615 et
833 1575 914 1630 qrrarn
943 1561 1064 1617 inaudita
1107 1566 1156 1608 iles
1170 1553 1230 1608 lslae
1242 1560 1315 1609 sunl.
1333 1557 1397 1610 Nam
1414 1568 1469 1610 nen
1485 1555 1617 1624 nvraelibet
1630 1555 1733 1624 predia
1749 1560 1798 1610 eui
1811 1553 1928 1610 modicas

247 1642 462 1711 praesumptione
483 1646 510 1699 in
534 1646 632 1701 sinodo
660 1647 782 1718 ejusdem
811 1649 936 1704 ecclesian,
955 1649 1064 1705 vine-plo
1106 1641 1213 1712 aliquas
1226 1643 1370 1700 facultates
1385 1645 1574 1706 ecclesiarum.
1586 1645 1634 1700 sed
1646 1647 1826 1714 episcopatus
1842 1657 1928 1713 orvan-

247 1729 427 1786 anatbematis
442 1731 568 1803 alligatus
583 1743 634 1801 est,
651 1749 705 1792 non
722 1738 798 1806 prius
820 1743 920 1804 umen,
945 1737 1018 1792 sicus
1032 1723 1096 1793 exB
1109 1731 1202 1802 plures
1216 1733 1352 1804 anllrgatis
1366 1735 1506 1803 episeopis
1520 1734 1572 1788 silvi
1589 1734 1740 1804 usurpavit,
1758 1741 1786 1788 et
1800 1732 1927 1804 quiequid

247 1815 335 1886 ipsius
363 1817 457 1874 domni
490 1824 634 1891 apostolici
668 1824 768 1880 litteris
799 1825 956 1894 didicimus,
986 1841 1066 1897 quam
1108 1820 1142 1876 ad
1162 1822 1271 1877 servitia
1290 1823 1332 1877 vel
1352 1822 1927 1893 sustentationesepiscopornmpertinuit

248 1905 337 1975 ipsum
357 1907 441 1962 multa
469 1909 544 1965 sedis
570 1913 729 1982 apostolica
754 1915 858 1971 monita
881 1923 1067 1985 spernentem,
1109 1915 1196 1966 totum
1216 1911 1274 1966 suis
1301 1925 1468 1981 suorumque
1492 1912 1586 1968 usibus
1609 1912 1785 1983 mancipavit.
1808 1913 1863 1966 Pro
1882 1927 1928 1982 qua

248 2007 358 2065 semper
373 2010 405 2052 ex
421 2001 598 2068 correptione
613 2001 780 2058 deteriorem
800 2017 860 2059 esse
876 2003 908 2036 ⁸¹⁸
924 2005 1067 2073 probatum
1110 2012 1140 2054 re
1155 1999 1294 2069 episcopis
1310 1999 1553 2069 proclamantibus,
1578 1999 1697 2057 domnus
1712 2013 1781 2070 papa
1796 1999 1929 2071 qvverlmo·
1998 2027 1999 2040 κ

248 2090 300 2138 est.
317 2084 450 2140 densetur
464 2101 529 2156 ergo
543 2088 577 2143 de
593 2089 650 2154 illo,
667 2091 714 2160 nui
730 2097 793 2148 ante
809 2093 956 2148 trienninm
973 2094 1069 2148 incor-
1110 2089 1164 2143 niis
1183 2102 1277 2144 eorum
1302 2088 1483 2154 satisfaciens,
1511 2104 1560 2158 pro
1580 2105 1627 2146 sua
1643 2090 1745 2160 pietate
1764 2091 1792 2145 in
1822 2089 1928 2154 sinodo,

248 2171 505 2242 rigibilisinventus
525 2185 575 2240 est,
596 2179 619 2232 si
650 2178 718 2233 inira
748 2181 896 2236 trienninm
926 2180 998 2237 istud
1028 2182 1068 2238 sie
1110 2191 1171 2247 quae
1195 2176 1226 2230 17
1245 2177 1304 2233 lial.
1334 2179 1462 2234 becemb.
1484 2179 1575 2234 habita
1605 2185 1657 2245 est,
1687 2179 1929 2235 excommunicavit

247 2269 389 2317 correctus
414 2265 560 2333 resipuerit
583 2265 625 2334 ³²⁹,
652 2275 680 2322 nt
705 2282 779 2324 rrtvnc
802 2270 836 2326 de
857 2271 1021 2342 proterenda
1040 2271 1067 2326 in
1111 2267 1283 2338 omnesqui
1303 2267 1374 2323 bona
1390 2280 1484 2322 eorvvm
1500 2268 1668 2324 invaserunt.
1684 2267 1762 2335 Quod
1781 2281 1841 2324 cnm
1858 2281 1930 2336 pra·

245 2349 321 2404 illum
351 2352 487 2406 sententia
511 2354 630 2410 dubitari
651 2347 787 2425 oporteat.
813 2359 1070 2416 Exeomnvnnicatus
1109 2355 1185 2411 dicto
1200 2356 1258 2412 viro
1274 2356 1413 2426 cognitum
1436 2355 1542 2424 inisset,
1563 2371 1643 2426 quern
1663 2356 1785 2426 ejusdem
1810 2356 1930 2411 invasio-

246 2450 313 2508 ergo
327 2438 359 2471 ⁸⁸⁰
378 2440 450 2496 sieut
462 2443 516 2511 iam
540 2443 669 2511 diximus,
690 2459 771 2514 quam
796 2445 924 2502 diuturna
949 2448 1069 2516 pertina-
1109 2445 1155 2500 nis
1168 2450 1308 2500 auctorem
1324 2451 1349 2500 et
1371 2446 1531 2515 participem
1557 2459 1617 2502 esse
1643 2446 1795 2502 certissime
1814 2449 1929 2505 constat,
1999 2447 2000 2482 ³

247 2528 289 2582 cia
308 2528 440 2584 ultionem
457 2533 636 2600 apostolicam
652 2533 819 2603 despexerit,
836 2535 957 2606 undique
974 2545 1066 2593 notum
1109 2547 1161 2589 nec
1177 2535 1235 2603 ipsc
1251 2541 1365 2604 propter
1384 2535 1437 2590 boe
1452 2535 1486 2590 ab
1503 2535 1643 2591 invasione
1659 2535 1786 2600 cessavit,
1807 2548 1860 2589 nee
1874 2547 1929 2598 eos,

247 2622 299 2671 est.
314 2617 433 2674 Tandem
450 2620 623 2688 necessitate,
639 2636 701 2692 quaa
717 2635 772 2678 non
795 2623 824 2654 ³¹¹
849 2631 890 2680 est
917 2626 1066 2695 incognita.
1110 2623 1158 2691 qni
1175 2636 1227 2677 una
1243 2637 1303 2678 cum
1320 2623 1380 2692 ipso
1401 2623 1628 2680 excommunicati
1649 2629 1722 2691 sunt,
1746 2637 1760 2677 a
1787 2636 1837 2678 sua
1861 2635 1930 2678 eom-

248 2713 372 2772 coactus,
388 2707 587 2766 absolutionem
603 2725 741 2780 quarens,
759 2713 835 2781 parius
851 2714 997 2784 impetrare
1013 2728 1067 2771 non
1110 2711 1240 2768 munione
1266 2712 1307 2766 rel
1328 2711 1361 2766 ad
1392 2713 1487 2768 boram
1516 2712 1625 2781 repulit.
1656 2712 1816 2769 Audivimus
1844 2718 1930 2766 auten

248 2794 348 2863 potuit,
364 2809 444 2865 otram
461 2797 642 2866 jurejurando
661 2800 802 2869 pollicitus
821 2809 872 2866 est,
888 2817 918 2857 se
934 2804 967 2858 de
982 2805 1068 2859 omni·
1109 2801 1184 2869 quod
1200 2801 1242 2856 sui
1257 2799 1418 2856 defensores
1433 2801 1476 2856 bis
1494 2802 1675 2871 querimoniis
1688 2801 1757 2857 tales
1776 2801 1930 2856 excusatio-

250 2880 301 2938 bus
315 2883 368 2939 sibi
387 2884 504 2954 objectis
518 2885 731 2955 satislacturum,
757 2897 838 2959 prout
858 2889 976 2946 domnus
999 2905 1068 2962 papa
1111 2902 1160 2944 nes
1174 2889 1326 2945 obtendant
1348 2889 1392 2956 ⁸²⁸,
1412 2890 1486 2960 orrod
1512 2891 1570 2959 ipse
1594 2891 1628 2946 de
1653 2889 1733 2945 bonis
1753 2889 1929 2945 ecelesiarum
2000 2909 2001 2920 ε

245 2971 300 3027 sibi
316 2979 423 3042 tempus
435 2976 627 3032 constitueret.
651 2979 705 3033 llac
730 2979 891 3035 corvdltione
915 2981 1067 3046 absolutus,
1111 2978 1179 3034 trulli
1198 2977 1302 3046 aliquid
1319 2979 1489 3047 praestiterit,
1506 2992 1595 3048 neque
1615 2979 1649 3032 de
1673 2992 1753 3034 mann
1774 2979 1834 3048 ejus
1854 2993 1930 3033 acee-

245 3063 371 3116 recessit.
396 3065 461 3118 Cum
486 3071 575 3120 autem
605 3065 753 3135 placuisset
778 3068 879 3125 domno
902 3052 1194 3140 apostotteollpern,
1210 3066 1251 3123 vel
1267 3068 1367 3136 aliquis
1385 3068 1445 3137 ipso
1471 3067 1585 3135 jubente
1615 3067 1754 3123 invaserit.
1783 3067 1859 3134 Quod
1881 3080 1930 3122 nee

246 3148 337 3204 missis
360 3149 458 3221 legatis
486 3159 513 3207 et
541 3153 641 3210 litteris
668 3157 760 3226 exegit
778 3157 813 3212 ab
832 3171 876 3224 eo,
906 3165 937 3215 ut
963 3159 1067 3217 laceret
1108 3155 1926 3225 nosilliolrjicimns;sedinbocillumaccvvsamrrs,quod
2001 3185 2002 3218 t

246 3237 320 3306 qnod
354 3240 536 3310 iureiurando
573 3243 709 3312 promisit.
747 3247 866 3313 Quartam
912 3248 1065 3305 litterarum
1108 3250 1135 3300 ct
1163 3245 1316 3314 approbare
1350 3244 1513 3314 paratissimi
1538 3257 1641 3309 sumus,
1670 3244 1772 3314 quippe
1793 3244 1865 3313 quod
1886 3245 1926 3300 sui

245 3325 348 3382 latores
363 3342 424 3384 ctrnt
439 3332 636 3401 appropiarent
651 3333 684 3389 ad
700 3349 772 3400 enm,
798 3350 812 3390 a
836 3338 894 3394 suis
912 3337 1067 3395 lautoribus
1107 3349 1155 3390 sua
1171 3333 1351 3404 permissione
1372 3333 1442 3388 bevra
1453 3393 1455 3398 ¹
1467 3332 1653 3390 ecclesiastica
1678 3333 1847 3400 invaserunt,
1866 3335 1928 3404 epui-

245 3419 329 3485 captl,
346 3417 456 3487 qrridam
477 3419 504 3474 in
524 3421 677 3478 custodiant
698 3423 852 3480 missisunt
872 3427 1066 3499 quoadusque
1107 3426 1160 3481 bus
1174 3425 1232 3493 ipse
1247 3422 1407 3494 rogantibus
1426 3423 1479 3478 boc
1494 3424 1641 3488 concessit,
1666 3423 1793 3479 dividens
1815 3424 1928 3494 sinentis

245 3507 361 3574 pecunia
381 3507 592 3578 redimerentur,
617 3513 664 3568 elii
688 3527 753 3570 vero
773 3515 905 3570 excoriati
930 3530 962 3571 ae
982 3516 1066 3572 deca·
1108 3519 1190 3584 prout
1205 3513 1309 3579 volnit;
1325 3519 1353 3567 et
1367 3512 1418 3567 bac
1434 3512 1560 3568 mercede
1575 3512 1705 3568 conducti
1725 3519 1799 3580 sunt,
1826 3521 1855 3568 ut
1873 3514 1926 3568 ini·

244 3595 332 3666 pillati
365 3603 441 3653 sunt.
473 3600 551 3667 Quod
584 3615 645 3659 cnm
678 3603 711 3660 ad
741 3613 853 3662 nostros
880 3607 1065 3663 renuntiatum
1107 3603 1206 3673 quitali
1227 3601 1259 3633 ⁸⁸⁸
1286 3615 1343 3658 suae
1371 3601 1444 3656 vires
1472 3587 1715 3657 amministrarent.
1744 3603 1925 3672 Quaecumque

245 3683 351 3754 luisset,
381 3687 479 3744 iterum
509 3704 559 3760 per
586 3691 669 3748 alium
698 3696 822 3750 nuntium
848 3695 1011 3767 legationem
1040 3701 1067 3752 et
1108 3691 1247 3748 autemde
1263 3690 1650 3764 facultatibusepiscoporum
1676 3692 1703 3746 in
1728 3689 1773 3746 illa
1799 3691 1926 3747 distribu-

247 3773 352 3830 litteras
370 3777 538 3846 apostolicas
556 3783 815 3851 transmiserunt;a
835 3799 890 3855 quo
906 3787 964 3855 lpse
984 3787 1067 3843 verba
1109 3782 1183 3837 tione
1206 3780 1339 3836 militibus
1354 3792 1409 3836 non
1429 3793 1561 3836 concessa
1581 3778 1788 3851 superfuerunt,
1809 3781 1854 3837 bis
1872 3783 1926 3851 ipse

246 3861 392 3931 legationis
423 3865 549 3932 audiens,
578 3868 661 3924 nicbil
690 3873 843 3942 respondit,
877 3873 982 3930 litteras
1001 3888 1067 3931 vero
1108 3877 1245 3940 tamquam
1278 3869 1399 3940 propriis
1427 3869 1530 3936 utitur,
1565 3876 1593 3926 et
1621 3875 1673 3924 mm
1703 3868 1848 3926 manifeste
1876 3871 1927 3927 suis

247 3955 389 4017 porrectas
411 3952 538 4021 accipere
566 3959 711 4014 recusavit.
742 3961 828 4032 liujus
854 3961 886 3993 ”¹
914 3963 954 4018 rei
983 3968 1068 4019 testes
1109 3959 1387 4025 usibusdeserviunt,
1407 3958 1464 4014 acsi
1479 3958 1648 4014 hereditario
1664 3961 1726 4029 jure
1751 3959 1806 4016 sibi
1831 3975 1925 4030 prove-

246 4042 308 4091 sunt
326 4038 402 4094 multi
418 4039 522 4106 idonei,
539 4045 677 4115 praecipue
696 4055 786 4104 autem
810 4050 885 4106 sedis
907 4051 1067 4120 apostoliea
1110 4048 1225 4104 nissent.
1241 4049 1270 4102 ln
1286 4061 1339 4118 qua
1355 4046 1531 4102 accusatione
1550 4047 1573 4102 si
1588 4045 1715 4102 lalsitatis
1730 4048 1925 4112 convincimur,

247 4124 352 4196 legatus
380 4127 497 4184 domnus
529 4133 703 4191 bernhardus
721 4137 879 4204 cardinalis,
908 4140 956 4208 nui
984 4140 1020 4195 ob
1038 4139 1066 4195 id
1109 4151 1170 4205 nos,
1187 4138 1233 4208 qui
1249 4143 1425 4193 accusatores
1439 4149 1543 4203 sumus,
1566 4137 1685 4192 accusati
1712 4150 1820 4206 peenam
1840 4138 1926 4193 subire

247 4215 386 4282 negotium
402 4216 429 4272 in
449 4217 510 4274 illas
526 4227 617 4290 partes
638 4224 815 4281 transmissus
838 4232 906 4282 erat.
931 4227 982 4294 Qui
1006 4241 1067 4284 cunt
1110 4228 1196 4299 parati
1212 4239 1316 4282 sumus.
1332 4225 1442 4282 iudicet
1456 4239 1522 4297 ergo
1545 4231 1640 4282 sancta
1664 4226 1745 4282 sedes
1767 4227 1925 4298 apostoliea,

246 4300 410 4373 legationem
429 4321 505 4363 suam
521 4310 548 4364 in
563 4308 671 4368 irritum
692 4315 843 4392 procedere
864 4315 1064 4386 conspexisset,
1110 4318 1285 4388 inquirantur
1303 4323 1460 4372 sanctornm
1479 4317 1587 4370 Patrem
1612 4315 1739 4381 eoncilia,
1760 4315 1929 4388 interrogen-

247 4395 370 4463 qnamvis
393 4403 497 4453 certum
521 4397 626 4467 inisset,
648 4402 810 4470 predictum
832 4404 919 4460 virum
949 4417 999 4474 pro
1018 4405 1066 4461 ad·
1111 4414 1155 4462 tur
1173 4407 1357 4461 Romanorum
1375 4403 1535 4474 pontillcum
1558 4404 1680 4470 decreta,
1705 4409 1796 4461 utrum
1822 4405 1862 4470 bi,
1886 4403 1928 4476 qni

244 4483 342 4550 juncto
376 4483 570 4544 inobedientiae
604 4491 725 4560 perjurio
759 4493 860 4562 prioris
887 4494 1068 4551 anathematis
1092 4493 1529 4568 ‚istaiactuntvetconsentiant
1554 4491 1730 4558 iacientibus,
1755 4507 1806 4563 pro
1825 4507 1928 4551 exrom-

247 4571 356 4628 vinculo
372 4573 544 4641 innodatum,
564 4576 598 4633 de
619 4593 674 4648 quo
687 4581 742 4649 jam
758 4580 791 4636 ad
807 4587 915 4652 tempus
930 4581 1068 4640 conditio·
1109 4585 1254 4641 manicatis
1268 4589 1296 4640 et
1311 4583 1452 4654 sacrilegis
1478 4582 1596 4638 habendi
1624 4583 1680 4636 sint
1707 4581 1749 4649 ³⁸¹,
1779 4588 1808 4640 et
1840 4585 1863 4640 si
1890 4583 1926 4636 vel

247 4661 347 4717 naliter
361 4663 503 4721 absolutus
518 4664 578 4734 init,
595 4675 684 4725 tamen
704 4669 777 4739 quod
797 4670 850 4726 sibi
866 4671 900 4726 ab
915 4673 1065 4741 apostolica
1110 4673 1177 4743 ipsis
1205 4671 1246 4727 vel
1271 4671 1392 4741 ipsorum
1421 4669 1574 4727 lautoribus
1602 4671 1859 4728 communicandum
1885 4672 1927 4726 siv.

246 4750 313 4807 sede
341 4751 493 4822 injunctum
513 4763 555 4811 est
583 4759 807 4828 superimposuit.
832 4760 958 4816 iussione
985 4761 1069 4832 igitur
1109 4761 1159 4829 eri
1176 4775 1236 4818 cnm
1251 4760 1428 4828 veresciant,
1444 4773 1506 4814 vera
1522 4772 1660 4827 esseque
1679 4759 1714 4814 de
1734 4773 1767 4814 eo
1783 4758 1925 4830 loquimur,

246 4840 400 4909 apostoliea
416 4843 493 4914 regni
503 4845 689 4915 gubernacula
699 4846 790 4904 denuo
803 4848 827 4904 ei
839 4849 1067 4918 contradicendo,
1110 4851 1230 4906 scienter
1244 4848 1446 4905 communicant
1460 4849 1520 4917 ejus
1534 4847 1665 4916 operibus
1680 4847 1817 4919 malignis,
1837 4855 1863 4904 et
1877 4847 1926 4903 bue

247 4941 395 4999 acorpore
410 4939 438 4988 et
453 4932 584 5004 sangnine
599 4935 706 4992 Domini
721 4936 806 4993 nostri
820 4938 883 4993 lesu
899 4937 999 4994 Christi
1016 4945 1068 4995 eta
1109 4939 1143 4996 ad
1163 4941 1217 4996 boe
1231 4938 1324 4996 venire
1338 4938 1439 5004 solent,
1460 4942 1491 4993 ut
1505 4936 1648 5006 injustitiae
1664 4936 1784 4994 latebras
1798 4937 1926 4995 defensio·

922 5093 1033 5150 vntdAE
1062 5093 1254 5150 Lectiones.

287 5233 319 5266 ⁸²·
338 5235 452 5314 deecit-l.
491 5235 609 5293 '’ideeel
632 5235 656 5290 l.
693 5237 726 5268 ⁸¹⁵
740 5235 840 5294 lactum
854 5236 880 5292 2.
920 5235 952 5270 ⁸¹⁹
967 5239 1104 5309 respuerit
1122 5240 1145 5292 l.
1183 5238 1216 5270 ⁸⁸⁰
1235 5253 1261 5295 e.
1278 5251 1359 5316 quam
1384 5236 1542 5294 diuturnam
1566 5251 1588 5293 s.
1615 5237 1635 5294 i.
1656 5237 1684 5294 d.
1702 5252 1783 5309 qnam
1806 5239 1928 5296 diuturna

257 5329 283 5386 p.
305 5316 329 5372 l.
368 5315 492 5388 ¹⁸¹ne,l.
530 5317 706 5388 ⁸¹¹cujus2.
745 5316 967 5375 ⁵⁸³obtendatl.
1006 5319 1038 5350 ⁵⁸⁸
1053 5320 1198 5390 iniquitate
1220 5317 1244 5375 l.
1283 5317 1393 5375 ⁸⁸⁸stl.

292 5527 353 5602 (45)
367 5530 459 5588 llense
473 5529 623 5588 Februario
638 5527 720 5600 hujus
740 5531 815 5588 anni·
1039 5443 1145 5498 bote.
