4108 6164
163 323 209 384 ³57
756 319 920 378 amnne.
940 347 977 362 ·-·
993 320 1049 378 alt.
1071 316 1234 378 luti-lma.
1783 319 1837 382 358

163 446 272 508 cucutia
286 449 314 505 et
327 445 510 520 neglegentiis
523 446 581 504 suls
604 445 724 503 monitor
745 443 836 501 adbuc
860 443 975 502 fratrum
985 445 1160 516 Ajurandum
1185 444 1327 517 regisquo
1345 457 1375 500 se
1390 457 1542 516 expurgare
1563 445 1652 504 voluit
1673 448 1836 521 refutarent,

162 538 286 596 existens.
1018 534 1112 603 dilata,
1131 535 1192 605 lpse
1213 533 1370 591 recollectis
1392 533 1514 604 undique
1537 547 1726 608 quoscumque
1749 541 1839 609 potuit

193 629 280 684 domn
293 623 450 684 absander
460 640 536 698 popo
550 624 671 680 decessit.
691 625 743 680 Pro
767 637 816 693 nco
838 621 978 678 ueueroti-
1018 623 1134 694 militum
1159 631 1187 680 et
1210 621 1332 680 bdelium
1354 633 1466 680 suorum
1489 625 1596 691 cuneis,
1620 627 1705 696 coepit
1727 627 1755 682 ln
1778 630 1839 686 dies

161 717 192 772 lix
203 713 395 770 Hiltebrondus
412 715 537 770 ltomuuc
554 711 680 768 eccesie
698 710 915 779 arcidiaconus,
935 711 978 768 vir
1019 710 1217 782 parvipendere
1231 711 1389 768 inimicitias
1402 711 1620 770 adversariorum
1634 728 1756 772 suorum.

162 803 288 876 prudens,
308 801 419 858 sobrius
434 807 461 858 et
474 807 577 868 castus,
593 799 723 856 mmmuni
736 799 852 855 omnium
866 797 977 855 consito
1053 802 1206 870 Ruotperto
1218 802 1274 871 jam
1294 805 1322 857 et
1335 815 1351 858 a
1365 815 1435 873 papa
1449 802 1685 870 anathematizato,
1702 809 1730 861 et
1744 820 1759 860 a
1774 819 1838 880 rege

159 895 287 966 repetitur
299 906 370 964 popu
384 889 589 946 constituendus.
601 889 658 956 Quo
669 887 771 955 noddo,
781 901 841 944 sese
851 887 977 959 imperem
1018 889 1121 958 pariter
1135 888 1307 960 propulsato,
1316 890 1419 961 guippe
1433 897 1464 946 ut
1476 891 1549 961 iuste
1559 892 1695 964 sacrilego
1713 894 1839 965 symonis

160 987 227 1038 tcnto
243 980 335 1036 boncri
348 980 424 1035 imino
435 979 509 1034 oneri
522 981 659 1050 reputans,
671 975 793 1032 indamus
802 975 977 1048 respondendi
1017 976 1163 1047 discipulo,
1179 975 1283 1032 tandem
1300 977 1484 1047 Epgelurdur,
1507 992 1578 1035 unus
1601 995 1634 1037 ex
1657 981 1840 1054 Aegiensibus

157 1071 198 1128 vix
212 1069 369 1140 imploravit
384 1067 427 1134 ¹⁸³;
444 1068 601 1136 etsictcpc
616 1064 721 1136 elopem
740 1064 839 1138 otgunt
862 1065 918 1122 dics
941 1063 977 1121 od
1017 1064 1148 1122 iratribus
1161 1071 1190 1121 et
1203 1064 1238 1120 ab
1251 1064 1308 1122 illis
1321 1066 1436 1134 electus,
1451 1067 1534 1125 ubios
1556 1071 1695 1140 inmersis
1716 1071 1837 1144 efficitur,

162 1158 268 1216 Viocuio
277 1159 362 1214 suncti
370 1158 441 1214 Petri
449 1155 594 1212 οιεειιαιεε
604 1154 689 1212 inicit.
705 1154 820 1210 Tandem
832 1154 879 1210 uie
890 1155 978 1210 icoco·
1016 1161 1042 1212 ct
1053 1157 1131 1225 juxta
1146 1154 1350 1225 privilegiorum
1366 1169 1478 1213 suorum
1493 1164 1595 1214 statuta
1605 1173 1622 1214 c
1629 1160 1754 1230 prodictu
1767 1175 1839 1234 popu

157 1255 195 1306 tus
208 1254 233 1305 et
249 1245 466 1320 adapostolicam
479 1246 565 1302 sedem
580 1241 977 1316 cipcrductus,pcpu15811⁵¹“
1018 1251 1082 1316 post
1094 1242 1198 1302 Pascbtt
1210 1245 1299 1299 Rome
1313 1249 1480 1300 mnsecrutur
1493 1245 1560 1318 (nc).
1571 1247 1839 1318 nuotpenusautem

157 1339 304 1405 ordinatur,
319 1342 343 1393 et
359 1335 500 1406 Gregorius
515 1335 568 1390 Vll
580 1331 738 1405 appellator.
751 1333 977 1403 chuspncdentio
1018 1333 1091 1404 apud
1103 1331 1279 1404 Genginbanb
1293 1331 1379 1388 abbas
1392 1330 1506 1390 clientas
1525 1333 1589 1406 (di),
1614 1338 1651 1394 ob
1677 1338 1838 1398 beneficium

155 1423 428 1491 consotumiuitulio,
442 1429 482 1480 set
495 1423 575 1480 etium
588 1423 617 1478 in
633 1421 978 1493 Tbeumcicisportibuore-
1018 1423 1156 1494 quoddam
1180 1421 1254 1493 quod
1283 1421 1417 1479 aecclesiae
1444 1424 1570 1481 ministro
1597 1427 1705 1484 cuidam
1734 1428 1841 1488 auterre

153 1517 258 1588 emoto
290 1520 329 1572 est
355 1513 521 1570 sacerdotum
547 1510 753 1577 incontinentio3
783 1510 882 1567 scilicet
909 1509 979 1582 guod
1018 1512 1105 1570 voluit
1119 1511 1153 1568 ab
1168 1511 1264 1569 eodem
1280 1508 1442 1568 interiectus
1456 1517 1499 1568 εει
1514 1511 1578 1583 (68).

152 1604 361 1676 predecessores
379 1603 435 1674 mus
448 1603 477 1658 in
489 1600 572 1658 liutto
589 1597 783 1672 prohibuerunt
804 1599 864 1667 boc,
875 1599 932 1671 ipse
950 1600 979 1654 io

154 1691 358 1760 aliisla'eciecie
375 1689 511 1749 entboticoe
534 1689 658 1761 partibus
678 1686 818 1760 proiciere
840 1687 978 1744 studiosus
1366 1655 1503 1712 MLXXW·

153 1783 333 1854 attemptavit.
986 1770 1010 1829 Β
1056 1779 1191 1838 ilenrieus
1208 1792 1258 1836 rex
1276 1776 1393 1835 natalem
1416 1779 1534 1848 Domini,
1560 1783 1684 1852 quamvis
1707 1783 1735 1841 in
1760 1787 1843 1844 maxi·

188 1873 257 1928 Totc
278 1869 420 1941 Tborirtgio
433 1875 458 1926 et
481 1869 603 1926 Surooic
625 1869 682 1940 regi
704 1869 828 1926 Hermen
851 1865 978 1924 reiciat
1018 1871 1071 1927 mis
1102 1867 1232 1940 periculis
1259 1873 1287 1925 et
1309 1867 1463 1940 angustiis,
1492 1869 1650 1928 wormatite
1682 1872 1841 1932 celebravit.

150 1965 262 2033 propter
270 1959 416 2031 predictus
435 1957 589 2014 munitiones
602 1961 627 2013 et
641 1955 698 2014 ciiu
719 1955 813 2024 multo,
838 1970 895 2027 pun
913 1969 980 2012 oon-
1018 1958 1123 2019 Debinc
1155 1957 1273 2016 collecto
1315 1957 1437 2030 undique
1465 1971 1702 2032 quorumcumque
1734 1969 1844 2033 poterat

151 2054 193 2105 tro
211 2047 372 2106 uoluntatem
394 2046 509 2118 ejusdem
528 2044 622 2118 populi
643 2059 694 2102 ree
716 2045 744 2100 io
767 2058 855 2101 mrum
873 2045 979 2114 regione
1019 2047 1132 2115 anxilio,
1152 2047 1180 2104 in
1200 2046 1392 2119 purificatione
1407 2054 1509 2104 sancte
1524 2049 1615 2105 Mariae
1629 2051 1751 2108 Saxones
1774 2052 1843 2110 adiit

153 2138 306 2196 insolenter
321 2139 421 2208 iecerat
445 2142 473 2192 et
491 2133 644 2202 ιιιεοιιεειιε,
669 2141 698 2191 ει
721 2149 783 2205 quae
802 2134 855 2204 ipsi
874 2133 980 2190 diutms
1020 2139 1193 2208 derepente.
1209 2135 1327 2205 Quivim
1343 2134 1408 2192 belli
1427 2141 1590 2204 metuentes,
1614 2138 1648 2195 ad
1673 2139 1843 2198 deditionem

152 2226 348 2299 equanimiter
366 2226 423 2297 pati
442 2231 470 2282 et
484 2225 621 2281 sustinere
636 2236 691 2280 non
707 2227 845 2294 poteraut.
861 2223 895 2280 Et
908 2221 980 2280 iacta
1020 2240 1055 2284 eo
1073 2231 1155 2296 pacto
1178 2231 1322 2293 venemnt,
1342 2229 1370 2281 ot
1392 2226 1547 2282 muliones
1567 2227 1701 2298 prodiere
1724 2230 1845 2286 dmicc-

151 2315 347 2389 ennjuratioue
375 2327 437 2372 cum
465 2327 562 2386 magua
580 2312 755 2370 multitudine
778 2326 813 2368 ex
835 2311 979 2382 inopinato
1019 2320 1119 2382 rentur,
1143 2318 1250 2387 propter
1263 2329 1329 2386 quur
1342 2313 1436 2370 neuun
1461 2318 1520 2370 orto
1544 2319 1602 2380 est,·
1628 2315 1696 2385 guod
1724 2317 1845 2391 deinceps

150 2419 215 2464 eum
231 2405 435 2475 constringere,
450 2402 485 2460 ad
499 2415 570 2473 quos
588 2401 644 2458 illis
657 2408 718 2458 erat
731 2402 848 2469 animus,
870 2400 978 2458 delibe-
1017 2408 1153 2478 mactum
1179 2409 1228 2460 ert.
1257 2404 1302 2459 Sic
1325 2403 1487 2459 absentibus
1514 2403 1632 2460 ducibus
1659 2405 1800 2475 praedietis
1818 2415 1846 2466 et

148 2495 266 2551 rabant.
285 2493 347 2562 lpse
371 2495 462 2548 autem
481 2496 623 2561 comperto
646 2489 757 2546 illorum
780 2489 907 2557 consilio,
932 2503 978 2546 as·
1020 2493 1220 2564 caeterisregni
1234 2492 1409 2562 primatibus,
1434 2492 1629 2549 reconciliatus
1643 2499 1686 2550 est
1700 2509 1748 2552 rex
1762 2497 1846 2556 Saxo

146 2586 269 2653 sumpto
300 2579 462 2638 festinanter
489 2578 619 2636 theseum
645 2591 706 2645 ⁵1¹⁰.
737 2583 820 2648 tiroli
847 2577 981 2646 inmittis
1020 2582 1103 2638 nibus
1125 2581 1306 2651 simulatorie,
1331 2586 1359 2638 et
1381 2595 1443 2638 cum
1467 2581 1508 2638 eis
1526 2580 1560 2638 ad
1584 2595 1672 2654 usque
1695 2585 1845 2642 Gustariam

147 2669 291 2728 articulus
305 2672 492 2737 concesserat,
507 2667 552 2724 vix
570 2667 605 2723 ab
629 2665 670 2723 eis
693 2679 755 2722 cum
779 2665 873 2736 paucis
896 2665 980 2720 Wnr·
1021 2671 1156 2740 pervenit,
1172 2683 1227 2728 non
1242 2670 1357 2727 multum
1372 2675 1464 2726 tamen
1477 2670 1620 2728 enuidens
1638 2672 1667 2728 in
1686 2672 1751 2731 illis.
1777 2677 1847 2732 dou-

148 2759 267 2817 matiam
281 2758 379 2833 evasit,
394 2764 422 2814 et
434 2770 467 2816 eo
481 2756 606 2814 locorum
629 2753 798 2825 aliquamdiu
812 2757 878 2810 tuuc
901 2751 981 2808 intir·
1022 2756 1109 2828 duitor
1123 2757 1179 2813 dur
1190 2763 1214 2814 et
1228 2759 1317 2814 celei
1329 2757 1451 2820 rebelles
1461 2759 1664 2816 remediantur
1676 2763 1742 2832 regi.

147 2849 292 2906 mabatur.
307 2846 412 2904 Dehinc
426 2845 561 2916 disposita
575 2858 625 2902 rex
638 2843 816 2914 expeditione
841 2841 871 2898 in
893 2843 981 2898 Saxo·
1057 2849 1088 2903 ln
1107 2846 1158 2903 bac
1186 2847 1394 2918 quadragesima
1422 2847 1581 2917 imperatrix
1601 2847 1631 2882 ¹⁸⁸
1650 2857 1678 2907 et
1706 2851 1762 2908 duo
1790 2853 1849 2923 epi·

147 2938 248 3004 uiam,
278 2935 480 3007 prevenientes
507 2947 569 2990 eum
597 2935 737 3000 mannes,
766 2929 980 2988 eudaemonem
1021 2935 1100 3006 scopi
1127 2935 1198 2991 sedis
1228 2933 1379 3007 apostolice
1405 2933 1485 3005 bned
1511 2950 1573 2992 cum
1597 2951 1630 2994 ea
1652 2939 1687 2996 de
1711 2941 1798 2997 Roma
1812 2941 1845 2998 ad

148 3026 202 3096 illi,
222 3025 251 3084 si
272 3025 396 3096 justitias
417 3025 552 3094 majorum
579 3034 691 3080 suorum
720 3019 776 3077 illis
803 3018 979 3086 concederet,
1022 3023 1182 3082 anrzbeim
1196 3025 1225 3080 ix
1237 3023 1420 3081 Αιειιεειιιιι
1433 3025 1470 3080 ud
1482 3037 1569 3094 repen
1581 3041 1675 3083 neure
1691 3042 1741 3100 pro
1764 3030 1848 3101 ipsius

149 3114 323 3172 unanimiter
336 3112 544 3184 promittebant.
559 3109 681 3168 Etlacto
702 3123 754 3181 pro
777 3109 828 3166 bac
851 3096 1092 3183 pactioneGrepts
1105 3111 1221 3169 morene
1242 3113 1414 3182 corrigendis.
1439 3113 1497 3169 lter
1520 3115 1624 3171 Pascba
1647 3117 1720 3186 apud
1746 3117 1848 3174 Βιιιῃ.

148 3202 300 3276 llerbipoli
314 3201 467 3273 colloquio,
482 3199 569 3258 nichil
582 3198 641 3258 illie
658 3197 732 3256 aliud
751 3201 814 3268 post
828 3196 928 3254 multas
941 3194 979 3253 il·
1021 3202 1089 3274 berg
1102 3203 1167 3272 egit.
1183 3202 1250 3258 inda
1269 3201 1303 3258 ad
1318 3201 1493 3274 nuorinberg
1506 3201 1540 3258 ad
1555 3209 1669 3260 matrem
1688 3211 1716 3262 ct
1739 3206 1773 3264 ad
1796 3222 1849 3264 cae-

147 3293 241 3351 lnrum
257 3297 288 3350 et
306 3289 497 3350 intolerabiles
519 3287 663 3360 injustitie
685 3300 767 3359 quam
785 3285 981 3344 sustinuissent
1026 3294 1101 3348 teros
1114 3290 1275 3361 apostolicae
1299 3289 1374 3346 sedis
1396 3290 1502 3362 legatos
1527 3284 1701 3362 perveniens,
1726 3309 1802 3351 reum
1821 3297 1849 3351 in

147 3381 294 3454 quaerelas
306 3385 397 3438 actum
416 3385 468 3448 est,
483 3378 537 3436 nisi
551 3376 626 3450 quod
641 3375 823 3448 dedignanter
846 3375 905 3446 regi
926 3372 982 3430 ial-
1021 3394 1109 3436 eorum
1121 3393 1215 3436 nomm
1227 3393 1266 3448 se,
1282 3378 1466 3448 presentibus
1479 3379 1620 3451 episcopis
1638 3382 1798 3452 llognutino
1821 3389 1849 3440 et

148 3486 205 3530 sam
225 3471 325 3530 denuo
339 3469 553 3528 satisfactionem
568 3468 596 3524 iu
615 3465 699 3524 nauli
723 3465 831 3523 bomini
846 3479 876 3521 se
890 3462 981 3521 iaetu·
1022 3467 1161 3524 monensi
1176 3479 1239 3523 num
1257 3465 1319 3521 aliis
1336 3465 1439 3532 multis,
1459 3465 1508 3520 roi
1526 3467 1694 3523 mercationis
1711 3469 1850 3538 sponsione

149 3563 294 3633 rosjuxta
317 3557 491 3632 quorundam
514 3557 707 3628 episcoporum
731 3560 759 3611 et
783 3552 883 3611 ducum
907 3565 983 3622 pre-
1022 3555 1158 3622 commiait,
1180 3567 1305 3624 suumque
1327 3551 1455 3608 namium
1473 3552 1567 3608 domno
1587 3553 1729 3625 apostolico
1753 3555 1789 3611 ud
1808 3557 1851 3612 de-

149 3649 297 3709 dictorum
325 3648 471 3707 consilium
498 3645 689 3704 condixerant.
718 3643 767 3700 llis
790 3642 829 3698 ita
852 3640 981 3711 peractis,
1021 3643 1155 3718 ponendos
1183 3641 1354 3713 Spmonmcor
1375 3641 1523 3711 drmbdme
1543 3642 1674 3712 ρνοιιιειι.
1694 3645 1752 3714 ipsi
1773 3644 1850 3700 etium

149 3753 223 3796 unus
243 3737 362 3811 quidam
381 3736 416 3794 de
430 3733 598 3794 consiliariis
617 3731 691 3802 regis
707 3729 855 3787 discedens
878 3729 913 3786 ab
937 3743 981 3798 eo,
1022 3732 1092 3803 regis
1106 3729 1251 3787 consiliarii
1269 3743 1357 3786 oroma
1374 3743 1418 3786 res
1431 3731 1608 3787 emmdorun
1625 3731 1720 3802 iniuste
1738 3733 1852 3804 omnim-

150 3829 311 3898 publieavit
325 3832 352 3884 et
364 3824 502 3884 accusavit
525 3837 587 3881 eum
614 3819 687 3892 apud
712 3818 798 3876 duces
821 3817 981 3889 praedictos,
1023 3826 1065 3880 tos
1076 3835 1105 3878 se
1118 3820 1267 3877 reddituros
1285 3832 1374 3875 corum
1391 3819 1488 3875 ειειιιιι
1506 3818 1600 3889 bootis
1616 3819 1665 3876 cni
1686 3825 1851 3878 somnovettu

150 3917 228 3988 quod
244 3931 313 3975 eum
327 3930 361 3974 eo
376 3914 483 3973 seilicet
497 3919 525 3970 et
544 3924 605 3968 cum
620 3909 682 3966 aliis
704 3907 763 3965 suis
786 3905 889 3964 intimis
912 3919 984 3964 con·
1020 3909 1174 3984 promere,
1188 3909 1282 3982 quippe
1295 3909 1341 3981 pui
1352 3921 1399 3966 cos
1417 3925 1434 3965 u
1453 3910 1619 3982 Spmonioeis
1644 3917 1769 3980 meunt,
1792 3925 1853 3968 eoo·

152 4006 247 4064 sillum
260 4007 321 4078 jam
336 4003 437 4061 iactum
460 4000 585 4067 baberet,
611 3996 685 4069 quod
709 4009 805 4053 omues
829 3995 984 4066 quomodo·
1022 3999 1083 4055 sitio
1101 4013 1148 4054 suo
1175 3998 1297 4067 mdipms
1315 3998 1419 4054 eoadem
1437 3998 1473 4055 od
1495 3997 1706 4057 embsimticum
1728 4001 1851 4058 bonorem

150 4110 275 4168 cumque
307 4092 494 4158 interficerem
524 4094 551 4146 et
579 4102 609 4146 se
638 4088 725 4158 ipsum
763 4085 929 4142 destinatum
955 4087 984 4142 et
1023 4086 1293 4158 adiurandodiisito
1307 4085 1852 4163 emporiisimperatrixetiepcltiopor·

151 4186 284 4242 maximis
298 4183 419 4254 premiis
433 4184 558 4238 coactum
572 4191 633 4234 esse
647 4177 676 4232 in
699 4175 727 4232 id
752 4176 841 4246 ipsum
865 4171 982 4244 lacinus,
1024 4175 1109 4234 latire
1122 4175 1193 4232 sedis
1210 4175 1352 4233 redierunt.

151 4272 243 4343 palam
261 4276 435 4344 protestatus
448 4273 500 4325 est.
516 4266 594 4324 Unde
608 4265 723 4322 maxima
747 4262 887 4320 discordia
911 4263 984 4320 inter
1060 4268 1097 4322 Ea
1127 4271 1222 4323 estate
1237 4279 1285 4322 rex
1309 4265 1513 4336 expeditionem
1539 4267 1567 4323 in
1595 4267 1742 4338 Ungariam
1768 4267 1854 4324 movit

152 4375 247 4432 regern
264 4368 297 4418 et
312 4360 433 4431 pricipes
446 4355 542 4413 eiienta
567 4359 619 4421 est,
635 4354 664 4410 iu
679 4359 784 4410 tantum
807 4358 838 4408 ut
860 4353 920 4423 ipse
938 4352 985 4408 vix
1026 4367 1077 4425 pro
1095 4353 1251 4424 adjuvando
1270 4368 1334 4426 rege
1361 4352 1517 4420 Salomone,
1543 4353 1591 4423 qui
1615 4354 1697 4408 etiam
1721 4355 1757 4410 ob
1777 4355 1853 4425 tlagt-

151 4450 291 4508 evaderet
306 4447 421 4504 iusidias
444 4459 549 4512 eorum,
565 4443 743 4500 wormatiam
761 4441 860 4498 civium
875 4453 928 4511 ope
943 4422 1128 4500 in-Dtiorum
1142 4457 1254 4500 suorum
1268 4441 1443 4499 insolentiam
1458 4445 1487 4497 et
1501 4439 1700 4512 turpitudinem
1719 4455 1734 4497 a
1754 4447 1852 4512 patruo

151 4552 281 4608 gressus.
299 4536 341 4592 lbi
360 4534 552 4604 undecumque
575 4530 701 4587 collectis
723 4528 913 4584 auxiliantium
936 4543 988 4586 co·
1028 4544 1079 4587 sun
1093 4538 1121 4587 et
1135 4530 1245 4588 necteris
1259 4530 1336 4602 regni
1356 4529 1519 4586 melioribus
1541 4527 1673 4599 depulsus
1696 4535 1738 4585 est
1763 4528 1854 4602 digni·

152 4626 217 4697 piis,
235 4626 421 4696 exspectabat
434 4623 507 4680 diem
526 4622 556 4678 in
580 4633 636 4692 quo
659 4633 689 4676 se
713 4617 806 4675 duello
825 4617 860 4673 de
881 4618 989 4673 incusa-
1029 4625 1085 4677 tate
1099 4633 1159 4688 sua,
1175 4619 1378 4691 parvipendens
1392 4625 1420 4676 ct
1440 4620 1499 4690 ipse
1519 4617 1635 4676 consilia
1652 4617 1772 4675 illorum.
1799 4617 1852 4676 Sed

154 4715 234 4774 tinne
256 4714 388 4788 praedicti
406 4712 537 4770 lacinorls
556 4715 730 4782 expurgaret.
757 4709 864 4765 Statutn
879 4706 988 4763 denum
1030 4723 1079 4766 rex
1093 4709 1131 4766 lbi
1150 4709 1235 4767 nicbll
1262 4709 1296 4767 ad
1322 4717 1414 4768 votum
1443 4724 1522 4767 suum
1551 4707 1656 4777 eidcax,
1686 4708 1793 4765 scilicet
1820 4709 1854 4765 ad

155 4804 202 4862 die
217 4805 401 4870 adveniente,
417 4802 444 4858 in
461 4814 516 4873 qun
544 4814 574 4858 se
598 4812 690 4856 coram
715 4797 792 4868 regni
816 4795 990 4866 principibus
1032 4799 1230 4856 restituendum
1255 4798 1438 4868 Salomonem,
1473 4798 1582 4856 eiicere
1611 4797 1773 4868 prevalens,
1807 4811 1854 4856 re·

156 4901 204 4950 aut
230 4899 403 4965 expurgaret
425 4897 472 4947 aut
494 4903 579 4962 regno
599 4888 758 4960 pelleretur,
782 4886 842 4956 ipse
867 4884 992 4956 proditor
1032 4895 1112 4958 cepta
1126 4887 1236 4945 demum
1251 4901 1348 4945 sorore
1366 4901 1415 4944 sua
1434 4887 1529 4958 regina
1550 4886 1673 4954 iuditlua,
1698 4901 1783 4944 uxore
1807 4889 1855 4943 Sa·

156 4983 246 5053 illius,
264 4983 316 5054 qui
331 4979 481 5053 perduellis
500 4979 527 5035 in
543 4992 604 5035 eum
621 4977 772 5043 exstiterat,
789 4973 880 5031 subita
902 4979 990 5030 morte
1031 4975 1159 5047 lomonis,
1179 4991 1235 5035 uon
1259 4977 1333 5034 bono
1368 4977 1459 5034 omine
1478 4973 1529 5042 ¹⁸⁸,
1557 4989 1613 5047 guo
1639 4989 1766 5050 egressis
1793 4982 1853 5044 est,

155 5073 273 5132 obierat
286 5094 295 5141 ;
308 5075 337 5128 et
350 5072 390 5128 sie
404 5068 566 5127 intentionis
582 5067 722 5139 predictae
743 5078 835 5132 causa,
851 5062 916 5119 dnm
929 5065 990 5134 jus·
1031 5065 1141 5123 domum
1174 5065 1358 5124 Wnrmatiam
1391 5064 1548 5123 revertitur.
1582 5065 1649 5136 itegi
1681 5063 1755 5121 tilius
1793 5062 1854 5137 (69)

844 5189 958 5247 tantm
984 5190 1179 5250 LEGTIONES.

193 5317 228 5351 ¹⁸⁸
249 5313 293 5373 oi.
308 5313 463 5386 impetravit
488 5312 549 5368 un.
587 5307 619 5342 ¹⁸⁸
638 5306 699 5364 tna.
718 5307 791 5366 Aoo.
816 5303 974 5378 Ειρειιεισ.
999 5311 1024 5364 et
1047 5311 1179 5366 conecto
1196 5304 1332 5366 Berooldi.
1370 5303 1402 5340 ¹⁸¹
1419 5309 1508 5366 mater
1524 5305 1607 5380 hujus
1625 5307 1660 5378 li,
1680 5305 1855 5380 inperatoris

156 5385 431 5459 renoscent.
451 5383 480 5440 2.
518 5380 549 5416 ¹⁸¹
567 5380 679 5438 bomine
698 5378 726 5436 2.
962 5448 1061 5510 Now

192 5571 263 5717 ἓξὲξ
281 5572 406 5646 Gregorii
419 5571 466 5630 Vll
479 5570 620 5642 legista,
635 5565 683 5624 82.
1073 5546 1123 5694 533
1154 5553 1233 5608 Auno
1249 5547 1327 5618 tutti,
1343 5563 1364 5606 11
1378 5547 1443 5607 ldus
1456 5543 1624 5608 Decembris.

272 5645 389 5702 Nonnisi
404 5649 467 5715 post
480 5640 585 5700 leeliul
597 5639 704 5698 obitum
718 5648 791 5693 anno
808 5633 887 5693 tntu.
1151 5619 1294 5680 conradus
1308 5619 1336 5679 d.
1355 5619 1388 5677 12
1402 5621 1482 5678 Febr.
1503 5626 1593 5678 natus.
