4160 6196
128 311 1796 394 mwssm

803 493 876 537 tuno
895 496 992 540 uottlttt
1010 497 1110 540 illm

704 659 1204 827 JOANNES

613 931 872 996 anumcnhsts
901 935 1057 996 effluunt
1086 933 1300 997 muscosus

876 1134 1039 1178 POS'MODUH

428 1310 962 1424 ARCHIEPISCOPUS
1007 1315 1490 1417 ROTOMAGENSIS

539 1715 889 1843 NOTITIA
928 1717 1388 1845 HlSTORICA

507 1981 617 2054 (Gellio
645 1985 795 2044 Obriatmoc
819 1999 899 2044 novae
923 1985 1064 2054 editionis,
1094 1991 1162 2042 tom.
1188 1987 1234 2054 xl,
1261 1999 1323 2058 pag.
1353 1985 1421 2056 31.)

27 2315 49 2371 ,p
152 2294 262 2352 llortuo
282 2295 418 2364 llaurilio,
448 2297 540 2356 clerus
571 2299 782 2370 hotomagensis
809 2298 1122 2369 lanfran-Acuatenus
1140 2298 1335 2369 exemplariter
1348 2301 1481 2370 correpti,
1497 2307 1525 2356 et
1539 2300 1659 2371 posteris
1672 2298 1809 2356 similibus

28 4398 33 4537 l

118 2395 178 2438 eum
192 2383 394 2442 cadomensem
413 2386 540 2444 abbatem
555 2388 609 2444 sibi
624 2389 863 2459 archiepiscopum
884 2389 944 2445 ele·
985 2387 1042 2443 sint
1058 2386 1170 2454 terrori,
1189 2393 1216 2443 et
1236 2387 1356 2457 paruulis
1378 2388 1447 2458 spei.
1464 2389 1541 2455 Quod
1557 2393 1644 2446 toturn
1660 2389 1689 2444 in
1700 2388 1754 2444 boc
1773 2387 1808 2445 de

118 2469 166 2540 git,
196 2473 259 2542 qul,
285 2477 356 2529 teste
386 2475 519 2532 orderico
540 2477 631 2543 vitali,
657 2479 803 2544 recusavit,
823 2479 944 2549 totisque
985 2490 1041 2547 qno
1078 2477 1169 2548 agitur
1190 2477 1296 2532 loaune
1328 2476 1538 2547 archiepiscopo
1572 2477 1664 2533 divina
1691 2489 1809 2534 censura

116 2559 218 2630 sategit
248 2559 354 2615 viribus
382 2565 410 2617 et
436 2563 509 2631 apud
529 2564 653 2620 eumdem
678 2564 791 2633 clerum,
822 2571 851 2620 et
871 2565 944 2636 apud
986 2565 1111 2622 exhibuit
1136 2565 1165 2620 io
1190 2578 1235 2633 eo,
1260 2579 1341 2636 quem
1367 2565 1392 2622 is
1414 2565 1545 2623 aduersus
1567 2567 1656 2623 sancti
1683 2565 1809 2623 audoeni

116 2646 344 2702 llormannorum
359 2648 456 2704 ducem
479 2650 663 2718 (tuillelroum,
679 2659 707 2708 et
721 2654 793 2722 apud
810 2668 945 2710 summum
986 2655 1139 2710 coenobitas
1157 2654 1312 2712 inconsulte
1332 2655 1477 2712 tumultum
1501 2656 1634 2712 exercuit.
1652 2654 1731 2724 Quod
1753 2667 1809 2712 nou

114 2734 280 2802 pontificem
300 2735 484 2792 Alexandrum
503 2739 536 2804 ll,
554 2744 585 2794 ut
603 2738 734 2794 Ecclesiae
749 2740 837 2794 viduae
853 2741 946 2809 praeu-
987 2738 1172 2809 derogatorie,
1187 2753 1243 2796 non
1270 2741 1455 2808 insultatorie,
1484 2742 1533 2798 sed
1557 2741 1726 2816 consultoris
1745 2755 1811 2798 een·

114 2827 230 2877 conetur
263 2823 385 2878 loannes
412 2824 561 2894 episcopus
583 2826 781 2894 abrincensis3
811 2825 887 2896 quod
919 2832 948 2882 et
987 2825 1092 2881 suimus
1106 2827 1238 2881 scribere.
1261 2827 1363 2896 Primo,
1379 2829 1444 2898 quia
1458 2829 1610 2895 insolitum,
1635 2829 1809 2898 incredibile,

112 2918 263 2968 assecutus
283 2917 335 2979 est,
360 2913 474 2969 Romam
493 2913 680 2970 ordinationis
703 2915 784 2985 hujus
808 2913 945 2970 licentiam
987 2916 1015 2966 et
1029 2913 1109 2982 quasi
1134 2917 1270 2969 monstrov
1286 2914 1386 2978 simile,
1403 2923 1508 2971 tautum
1531 2917 1686 2980 tumultum,
1707 2922 1810 2972 tantam

111 2999 220 3068 petenti
252 3013 336 3056 causa
360 3015 376 3056 a
404 3001 475 3058 duce
498 3002 609 3070 missus,
639 3003 713 3060 unde
737 3003 852 3074 pallium
882 3017 945 3070 cum
986 3000 1094 3056 turbam
1109 3015 1143 3058 eo
1163 3002 1208 3057 die
1223 3003 1283 3058 siue
1302 3003 1435 3074 sanguine
1458 3005 1602 3062 accidisse.
1627 3005 1764 3074 Secundo,
1780 3013 1811 3064 ut

110 3086 227 3144 licentia
243 3088 413 3159 deportavit.
986 3088 1050 3147 loeo
1066 3090 1248 3157 nobilissimo,
1270 3097 1298 3147 et
1320 3092 1354 3147 ah
1370 3094 1445 3150 omni
1466 3096 1528 3164 jure
1545 3109 1594 3151 seu
1609 3096 1810 3153 consuetudine

141 3178 270 3234 loannes
304 3191 369 3235 nero
398 3179 547 3250 episcopus
569 3179 722 3250 apostolica
735 3180 872 3252 legatione
901 3195 943 3237 re·
986 3179 1212 3250 archipraesulum
1236 3180 1319 3250 hujus
1338 3181 1415 3238 urbis
1437 3182 1582 3256 privilegio
1605 3185 1697 3241 Caroli
1721 3185 1810 3257 llagni

109 3274 200 3337 cepta,
237 3273 269 3324 et
294 3267 416 3323 omnium
443 3269 717 3339 comprovincialium
747 3269 942 3340 episcoporum
983 3269 1073 3325 libero
1088 3270 1125 3324 sit
1139 3270 1309 3338 memoriale,
1333 3284 1388 3340 quo
1408 3286 1438 3328 se
1458 3272 1576 3342 prebent
1594 3287 1646 3330 nec
1660 3274 1690 3330 in
1704 3273 1811 3346 maguis

109 3360 336 3426 cunctorumque
357 3356 439 3412 etiam
459 3357 583 3426 ejusdem
598 3357 729 3414 Ecclesiae
744 3357 942 3414 canonicorum
984 3359 1143 3415 excessibus
1166 3359 1288 3429 ipsorum
1313 3359 1418 3430 aliquid
1442 3361 1557 3430 justitiae
1586 3361 1698 3418 debere.
1722 3363 1810 3418 Causa

108 3443 249 3501 electione
275 3445 416 3501 communi
438 3458 575 3502 consensu
597 3444 678 3514 iacta,
703 3445 942 3516 metropolitanam
983 3452 1052 3514 erat,
1068 3429 1126 3518 qua
1138 3447 1313 3514 Guillelmus,
1340 3449 1574 3505 Nortmanoorum
1599 3455 1733 3507 comeset
1755 3451 1810 3504 tn-

107 3533 228 3604 adeptus
253 3539 301 3590 est
324 3532 429 3602 sedem,
449 3535 678 3604 quemadmodum
703 3535 803 3607 legitur
825 3537 854 3591 in
873 3535 943 3592 actis
980 3537 1089 3608 giorum
1112 3550 1161 3592 rex
1183 3536 1331 3606 gloriosus,
1354 3537 1538 3593 Cenomannis
1553 3551 1615 3593 cum
1633 3538 1809 3607 expeditione

107 3622 234 3694 archiep.
261 3623 376 3679 Rotom.
401 3623 520 3680 transiit
539 3624 624 3695 igitur
647 3624 747 3680 asede
766 3622 1034 3688 abrincensstua
1059 3623 1227 3679 morabatur.
1251 3622 1373 3676 Aderant
1397 3623 1422 3676 ei
1447 3623 1519 3676 inter
1538 3622 1662 3691 reliquos
1679 3637 1811 3692 proceres

106 3711 218 3768 undeet
234 3711 525 3783 plerumquoiooaois
534 3711 705 3768 thiavensis
715 3724 815 3768 nomen
825 3712 942 3768 sortitus
984 3712 1036 3766 iste
1049 3711 1170 3765 loannes
1193 3707 1269 3764 sedis
1292 3707 1375 3777 hujus
1397 3708 1635 3778 archiepiscopus,
1656 3715 1686 3765 ut
1700 3710 1742 3765 vir
1759 3724 1809 3766 ex·

108 3803 161 3867 est,
176 3800 211 3855 ad
227 3800 332 3856 sedem
354 3801 584 3870 Rotomagensem
603 3801 734 3866 loannes,
750 3799 823 3855 illins
835 3797 943 3854 lindultl
985 3797 1112 3856 cellentis
1135 3796 1249 3868 ingenii,
1274 3801 1302 3852 et
1326 3809 1381 3854 non
1400 3796 1549 3854 mediocris
1571 3798 1703 3854 consilii:
1729 3800 1811 3857 Nico·

106 3889 220 3944 comitis
238 3887 408 3944 Baioearum
432 3893 461 3945 ct
475 3887 568 3955 lbreii,
584 3886 677 3944 iratris
696 3887 798 3944 uterini
813 3887 943 3943 Richardi
984 3887 1044 3945 laus
1068 3898 1179 3957 quoque
1203 3885 1371 3942 reverendus
1393 3887 1479 3942 abbas
1505 3886 1658 3956 supradicti
1677 3889 1808 3946 coenohii.

106 3975 293 4034 Normanniae
325 3976 415 4043 ducis,
437 3977 516 4047 cujus
543 3976 745 4047 archiepiscopi
777 3977 806 4032 in
839 3977 943 4033 curiam
984 3976 1165 4032 imminebant
1195 3975 1375 4032 celeberrima
1401 3977 1523 4046 totisque
1554 3977 1625 4033 votis
1647 3977 1809 4048 excipienda

104 4079 152 4120 xux
177 4065 329 4123 Kalendas
347 4065 436 4140 ltartii
463 4063 532 4120 1070
550 4073 637 4121 tracta
660 4072 702 4122 est
721 4080 804 4122 causa
824 4066 859 4122 de
874 4065 943 4122 cella
983 4063 1149 4122 sanctissimi
1168 4062 1295 4119 audoeni
1322 4064 1382 4120 dies
1405 4063 1548 4120 natalitia:
1578 4070 1606 4121 et
1637 4067 1701 4136 quia
1725 4068 1810 4124 moris

104 4156 131 4210 S.
148 4156 286 4214 audoeni
312 4155 347 4211 de
361 4155 480 4212 disertio
499 4155 573 4211 inter
587 4156 738 4213 monachos
751 4155 843 4212 Sancti
858 4157 945 4211 Leut-
984 4159 1026 4209 est
1054 4158 1083 4208 ut
1102 4151 1329 4224 archiepiscopus
1347 4153 1407 4222 ipsa
1423 4152 1469 4208 die
1492 4152 1561 4209 inibi
1590 4155 1733 4213 missarum
1765 4170 1810 4213 so·

101 4241 176 4302 iredi
201 4252 233 4303 et
258 4245 376 4314 ltajoris
400 4243 568 4300 llonasterii.
598 4247 676 4301 xtnno
698 4243 766 4299 1072
789 4245 818 4300 in
846 4245 944 4315 majori
984 4241 1085 4298 lemnia
1100 4241 1233 4309 celebret,
1263 4255 1319 4297 nou
1348 4255 1399 4312 pro
1425 4241 1480 4298 ulla
1508 4242 1619 4313 quidem
1651 4244 1694 4300 vel
1722 4246 1810 4317 ipsius

102 4333 224 4392 basilica
240 4350 298 4392 sua
322 4333 469 4390 concilium
484 4333 580 4389 hahuit
606 4347 668 4389 eum
691 4335 750 4390 suis
765 4333 945 4405 suffraganeis
982 4330 1115 4401 ientaculi
1134 4330 1335 4398 vicissitudine,
1360 4330 1409 4386 sed
1433 4331 1511 4401 quasi
1525 4331 1554 4387 in
1578 4336 1811 4405 recompensatio·

103 4437 155 4492 pro
172 4421 359 4482 restituenda
374 4422 562 4480 ecclesiastiea
577 4422 733 4494 disciplina.
985 4433 1048 4476 nem
1076 4419 1294 4476 consecrationis
1321 4433 1389 4486 suae,
1413 4433 1495 4489 quam
1510 4421 1620 4478 nonnisi
1643 4423 1671 4478 in
1696 4422 1810 4493 praelata

142 4533 156 4561 ι
173 4515 329 4578 uterere,
350 4527 384 4567 ex
398 4513 468 4568 actis
490 4511 762 4581 archiepiscoporum
785 4513 943 4584 hotomag,
985 4508 1102 4566 eeclesia
1118 4509 1205 4564 cuiuis
1226 4507 1302 4564 sedis
1325 4513 1483 4566 memoratae
1507 4509 1572 4567 licet
1585 4512 1728 4582 accipere;
1745 4509 1809 4566 mis-

100 4599 159 4656 iuit
180 4601 228 4657 uir
247 4601 386 4672 progenie
405 4599 518 4668 nobilis,
545 4599 707 4656 liberalibus
721 4600 843 4658 imbutus
857 4601 945 4657 disci·
986 4599 1064 4655 sione
1087 4611 1102 4654 a
1125 4611 1189 4668 rege
1205 4597 1291 4668 petita
1310 4597 1417 4653 redibat
1440 4598 1559 4667 concite,
1583 4598 1682 4654 abbate
1701 4611 1810 4668 praeno·
1836 4597 1838 4600 ’

101 4688 208 4760 plinis.
226 4691 266 4758 is,
295 4689 363 4746 alias
381 4689 450 4746 satis
464 4696 604 4756 strenuus,
626 4690 709 4745 animi
725 4687 784 4747 tuit
797 4689 945 4760 impatien·
986 4687 1090 4743 minato
1124 4685 1232 4741 interim
1262 4685 1297 4741 ad
1325 4688 1504 4757 occupatiore
1536 4690 1704 4742 remanente.
1738 4687 1808 4755 Quid

99 4778 247 4836 tissimus.
265 4778 456 4836 crudescebat
480 4780 509 4834 ln
531 4793 564 4835 eo
588 4777 633 4834 hic
654 4778 776 4842 morbus,
793 4785 831 4845 et,
855 4784 886 4836 ut
908 4779 946 4834 ita
986 4775 1087 4846 plural
1104 4775 1184 4831 adest
1198 4775 1258 4830 dies
1271 4775 1438 4843 veneranda,
1455 4773 1549 4831 cleriei
1560 4772 1671 4842 majoris
1682 4775 1809 4834 ecclesie

101 4869 241 4938 dixerim,
271 4869 494 4938 exaggerabatur
517 4873 574 4923 tum
599 4868 691 4923 carnis
713 4867 868 4933 nobilitate,
888 4874 946 4924 tum
987 4864 1069 4920 solito
1084 4877 1118 4920 eo
1133 4865 1319 4920 conveniunt:
1336 4869 1364 4919 et
1378 4864 1442 4933 quia
1465 4860 1608 4930 premisso
1632 4865 1729 4922 nuntio
1743 4881 1809 4923 ven·

98 4958 293 5029 praelationis
314 4955 457 5026 dignitate.
477 4955 572 5012 Solent
591 4956 664 5012 enim
678 4956 738 5012 baec
753 4954 808 5012 duo
827 4949 1076 5027 plerum-(iturum
1105 4967 1135 5009 se
1168 4954 1352 5017 mandauerat,
1381 4951 1503 5006 solemne
1531 4949 1673 5009 missarum
1698 4955 1807 5010 interim
1849 5007 1854 5018 ,

98 5061 156 5118 que
173 5048 299 5118 positos
327 5045 357 5100 in
381 5044 500 5101 culmine
526 5044 554 5100 in
578 5045 677 5102 llexum
691 5057 779 5115 usque
793 5045 941 5115 superbiae,
984 5041 1120 5098 dillertur.
1136 5043 1201 5099 Post
1215 5039 1373 5112 aliquandiu
1401 5049 1467 5093 uero
1490 5043 1657 5099 ceommuni
1679 5043 1806 5110 consilio,

96 5136 164 5208 ipso
197 5133 346 5208 potentie
379 5131 489 5203 lastigie
522 5132 706 5202 lenocinante,
736 5146 941 5203 corrumpere:
984 5144 1019 5188 ne
1043 5131 1109 5202 quid
1129 5137 1212 5187 tantae
1228 5130 1283 5186 diei
1304 5123 1522 5197 subtraheretur,
1547 5130 1727 5197 demaculat,
1752 5132 1810 5187 ini·

96 5226 173 5282 adeo
195 5233 231 5281 ut
247 5236 362 5280 normae
376 5221 456 5278 obliti
475 5221 602 5292 lustitia,
623 5224 696 5279 unde
710 5222 795 5278 animi
810 5222 852 5279 sui
868 5221 944 5279 iuro·
985 5220 1079 5276 tiatur.
1104 5221 1188 5276 Tanta
1216 5232 1281 5275 vero
1297 5215 1466 5285 morositate,
1497 5225 1572 5275 tanta
1597 5219 1625 5274 id
1644 5217 1745 5274 iactum
1766 5225 1809 5276 est

95 5327 158 5370 rem
174 5311 325 5371 ridentur
343 5323 468 5380 pascere,
489 5310 543 5365 boe
557 5309 615 5365 zelo
630 5309 840 5380 justitiaeuelint
854 5309 944 5381 depu·
986 5309 1149 5377 devotione;
1174 5315 1204 5364 ut
1227 5319 1282 5362 non
1308 5303 1405 5360 mirum
1430 5308 1497 5364 totis
1510 5307 1608 5363 animis
1627 5306 1733 5363 bostem
1758 5307 1808 5364 bn-

91 5407 170 5460 tare.
200 5400 317 5458 Evenit
329 5405 421 5456 autem
440 5397 600 5469 aliquando,
625 5403 656 5454 ut
678 5398 707 5454 hi
730 5399 811 5466 tales,
827 5413 882 5456 noxr
898 5413 946 5470 pa·
986 5396 1060 5453 mani
1078 5397 1187 5468 generis
1201 5394 1235 5450 ad
1250 5393 1322 5448 banc
1337 5392 1459 5449 laetitiam
1474 5393 1636 5451 turbandam
1652 5395 1806 5453 exarsisse:

93 5499 208 5560 stores,
236 5488 297 5547 sed
322 5487 451 5545 crudeles
474 5493 628 5555 exactores,
653 5487 764 5545 occulto
779 5489 826 5545 liei
838 5488 945 5560 iudicio
986 5486 1034 5557 qui
1049 5485 1166 5542 mxumo
1189 5482 1242 5539 sibi
1266 5481 1344 5539 lucro
1358 5482 1477 5539 credidit
1504 5481 1648 5552 accedere,
1674 5485 1715 5541 sie
1739 5483 1807 5540 illud

92 5597 199 5641 coram
214 5577 311 5651 ipsis,
331 5591 403 5648 quos
425 5577 527 5648 iniuste
549 5581 725 5643 vexaverunt,
741 5577 944 5648 corripiantur:
986 5588 1094 5633 ueneno
1108 5589 1166 5632 suae
1181 5571 1312 5644 nequitiae
1326 5578 1434 5644 tempus
1453 5571 1576 5639 inlicere,
1600 5573 1674 5642 quod
1697 5573 1807 5630 interim

216 5687 352 5745 aanor.
367 5683 488 5742 Clibllll.
1688 5681 1698 5736 l
