4024 6174
150 297 200 354 aas
428 255 430 262 ’
785 297 949 355 unumne.
968 296 1078 354 -sru
1100 294 1179 352 toro.
1771 303 1825 360 aaa

151 421 266 496 episcopi
279 434 415 488 seorsum,
439 428 467 478 et
489 421 646 480 senatorius
667 421 737 479 ordo
755 434 890 489 seorsum,
910 421 1088 493 protmodo
1102 435 1196 482 secum
1210 423 1254 480 vix
1269 422 1380 494 collegit
1398 423 1555 494 episcopos,
1577 427 1825 500 llerbipolltanum,

148 510 335 570 constituendo
367 525 431 582 rege
459 509 506 567 diu
535 511 703 582 multumque
730 509 867 568 consiliati
886 516 961 568 sunt.
1003 512 1242 580 wormatiensem,
1272 519 1300 569 et
1323 512 1518 570 pataviensem.
1552 513 1670 581 Quartus
1697 520 1743 577 ille
1771 525 1826 578 Au-

148 601 260 658 Taodem
279 613 345 656 sane
371 606 458 656 totum
477 607 633 657 senatorum
653 613 704 656 nco
727 612 782 656 uon
799 599 892 670 populi
913 613 963 656 ao·
1003 600 1152 670 guatensis,
1177 605 1235 657 toto
1259 614 1314 672 quo
1339 606 1447 672 poterat
1470 593 1674 660 versutissimus
1701 593 1824 679 ingenio,

145 705 232 747 varum
247 703 338 746 rerum
353 689 447 760 cupidi
462 689 618 761 collegium,
629 689 822 760 episcoporum
833 689 962 759 primum,
1004 688 1088 744 corde
1103 689 1266 748 durissimus
1294 689 1479 756 adamantino,
1510 692 1585 748 sedis
1612 693 1773 763 apostoliea
1788 694 1826 753 le·

147 785 236 850 utpote
268 777 433 848 spiritalium
464 779 596 844 virorum,
630 777 750 836 divinum
779 784 807 834 et
838 777 962 847 spiritale
1003 777 1074 848 gatis
1089 785 1116 834 et
1130 778 1272 836 canonicis
1287 793 1381 836 eorum
1396 780 1541 836 sententiis
1557 787 1611 836 tam
1627 783 1753 852 pertinax
1767 791 1826 841 toto

145 866 302 924 nominandi
316 875 344 924 et
363 867 482 938 eligendi
507 869 580 938 regis
599 866 662 924 dum
682 873 855 936 exspectaret
869 872 962 926 alteu-
1004 865 1088 923 biduo
1111 867 1259 934 restiterat,
1280 867 1354 938 quod
1382 882 1554 940 nequaquam
1575 869 1610 926 ad
1629 872 1825 930 oboediendum

142 957 243 1014 tissime
272 954 441 1026 suffragium,
459 955 514 1012 dux
536 955 704 1012 alemanniae
727 954 881 1013 Roudolfus
904 955 963 1026 pri·
1004 970 1083 1027 papae
1103 955 1160 1012 sive
1185 956 1244 1028 regi
1272 957 1425 1030 constringi
1454 963 1572 1030 poterat.
1598 960 1643 1017 Ad
1663 967 1826 1031 extremum,

143 1059 212 1102 mum
241 1059 256 1100 a
289 1043 447 1116 llogontiuo
476 1044 618 1115 episcopo,
652 1044 753 1102 deinde
772 1059 789 1100 a
807 1039 916 1102 caeteris
935 1043 962 1100 in
1004 1045 1127 1114 quamvis
1152 1045 1334 1113 simulatorie,
1360 1047 1405 1102 viu
1429 1047 1572 1108 convictus
1585 1049 1620 1106 ab
1639 1051 1777 1119 omnibus,
1799 1050 1828 1108 in

136 1136 231 1206 'regem
250 1134 285 1190 ab
305 1135 345 1190 eis
364 1133 519 1191 nominatus
533 1131 681 1191 etelectus
695 1139 747 1189 est.
768 1135 825 1190 llos
838 1133 964 1204 sequitur
1004 1133 1252 1190 communicatione
1280 1133 1384 1190 domini
1404 1138 1478 1208 regis
1504 1137 1546 1192 sui
1579 1139 1700 1196 lleiurici
1720 1139 1828 1198 ocules-

140 1224 198 1280 siue
218 1237 295 1280 mora
320 1227 395 1280 totus
422 1228 534 1280 senatus
552 1229 580 1280 ct
599 1222 730 1294 populus,
749 1223 830 1278 solita
846 1221 963 1293 iurisiu-
1004 1235 1051 1278 sus
1070 1228 1111 1279 est
1123 1237 1153 1279 sc
1164 1236 1303 1294 peccasse,
1320 1229 1348 1280 ει
1362 1223 1397 1280 ob
1417 1225 1445 1282 id
1462 1225 1619 1284 sacerdotio
1628 1243 1679 1286 suo
1696 1245 1712 1286 a
1728 1229 1828 1302 legatis

140 1312 216 1368 randi
236 1311 369 1368 fidelitate
388 1326 448 1369 sese
463 1311 503 1368 illi
525 1325 621 1369 omnes
635 1311 663 1368 iu
681 1311 710 1368 id
725 1311 815 1384 ipsum
829 1311 964 1382 legittime
1004 1311 1164 1382 apostolicis
1191 1312 1313 1382 privatus
1336 1317 1364 1368 et
1387 1312 1477 1382 digna
1502 1316 1672 1386 poeniteutiae
1696 1319 1828 1376 subactus

139 1401 328 1471 subiicientes.
1004 1405 1056 1457 est.
1072 1401 1119 1458 Set
1134 1407 1228 1457 ¹tamen
1242 1407 1389 1470 autequam
1403 1402 1522 1471 abirent,
1539 1417 1603 1476 rege
1619 1406 1646 1462 id
1665 1407 1831 1478 suppliciter

173 1493 230 1547 llac
245 1491 384 1548 electione
406 1505 471 1548 vere
486 1504 542 1547 non
561 1490 693 1558 beretica,
714 1496 810 1563 utpote
825 1489 963 1547 communi
1004 1489 1038 1546 ab
1058 1489 1099 1546 eis
1117 1488 1161 1546 vix
1180 1488 1351 1546 omnifariam
1369 1488 1536 1559 inplorante,
1548 1491 1582 1547 ad
1602 1499 1710 1570 tempus
1728 1494 1830 1552 solum·

139 1579 223 1636 totius
238 1580 335 1651 populi
350 1579 478 1652 suffragio
494 1586 521 1637 et
537 1578 723 1644 laudamento,
739 1579 767 1634 iu
783 1592 838 1635 nou
854 1577 963 1634 deside-
1003 1578 1158 1656 moucipsi
1173 1577 1293 1635 cilicium
1312 1591 1390 1634 suum
1410 1592 1572 1636 concessum
1593 1587 1645 1638 cst.

138 1675 226 1737 rante,
239 1669 353 1726 nolente
364 1677 392 1727 et
412 1677 509 1726 coacto
524 1668 635 1732 bomine
646 1669 780 1739 legittimo
789 1669 830 1725 sic
840 1673 962 1738 peracta,
1039 1668 1079 1724 lbi
1098 1666 1223 1739 prolecto
1252 1668 1279 1724 lu
1303 1667 1348 1724 die
1376 1674 1472 1724 sancto
1500 1669 1621 1739 pascbae,
1651 1681 1712 1727 cum
1732 1685 1780 1728 rex
1799 1677 1828 1728 et

139 1757 285 1816 confestim
313 1758 379 1816 iude
407 1773 458 1830 per
470 1758 644 1815 babinberch
658 1765 686 1814 et
700 1756 883 1814 wurciburch
902 1756 1096 1828 per-Bomnis
1115 1756 1206 1814 clerus
1225 1761 1253 1812 ct
1271 1754 1428 1828 populosior
1448 1758 1627 1826 processione
1647 1772 1702 1816 non
1722 1759 1830 1816 modica

137 1848 252 1920 agratis,
268 1847 297 1903 iu
316 1846 406 1904 media
425 1848 633 1919 quadragesima
648 1847 849 1918 Mogontiacum
864 1859 964 1916 perve-
1004 1849 1038 1904 ad
1058 1846 1211 1904 aecclesiam
1234 1847 1323 1904 sandi
1350 1845 1483 1903 lobannis
1507 1846 1680 1905 sollemniter
1697 1855 1829 1916 astarent,

138 1937 229 2005 niens,
245 1937 281 1992 ab
297 1936 400 1993 eisdem
417 1936 556 2006 episcopis
570 1942 598 1991 et
617 1935 703 1992 totius
717 1934 813 2006 populi
828 1942 963 1992 conventu
1004 1950 1020 1992 a
1038 1935 1137 2008 legatis
1154 1933 1316 2006 apostolicis
1336 1931 1416 2008 (129)
1438 1941 1605 2006 preceptum
1625 1949 1681 1993 nou
1702 1937 1762 1993 sine
1782 1950 1829 1993 ra·

135 2025 266 2082 sibiillic
284 2023 432 2095 injustum
461 2040 553 2096 regem
585 2030 720 2081 rectorem
740 2029 768 2082 et
790 2023 964 2081 defensorem
1004 2026 1081 2083 tione
1109 2031 1137 2080 ct
1164 2023 1297 2080 canonica
1322 2023 1415 2080 datum
1443 2031 1471 2080 et
1499 2025 1688 2082 confirmatum
1718 2031 1769 2092 est,
1794 2038 1829 2081 ne

136 2116 225 2171 totius
239 2115 318 2186 regui
337 2117 505 2172 Francorum
525 2112 652 2174 laudatus
666 2119 806 2172 unctuset
821 2113 966 2171 ordinatus
1006 2113 1077 2170 ultra
1092 2113 1204 2170 omuino
1223 2112 1366 2183 usurpatio
1386 2112 1446 2169 baec
1465 2113 1493 2169 iu
1513 2113 1638 2172 aecclesia
1657 2115 1745 2182 fleret,
1766 2128 1829 2184 quae

135 2209 189 2260 est.
1006 2201 1178 2260 anounullis
1196 2201 1414 2272 simplicioribus
1432 2200 1562 2260 fratribus
1585 2209 1688 2260 temere
1708 2209 1735 2260 et
1755 2217 1829 2273 prae·

170 2291 279 2350 Eodem
294 2293 339 2350 die
355 2307 419 2350 mox
437 2294 511 2350 cives
525 2292 677 2364 liogoutini
700 2292 802 2350 bellum
818 2305 852 2349 ex
867 2291 966 2349 indus·
1006 2297 1167 2362 surruptuose
1186 2298 1284 2348 contra
1299 2291 1411 2348 decreta
1429 2289 1578 2348 Clementis
1592 2305 1670 2364 papae
1689 2293 1829 2348 actitatur.

134 2381 191 2437 tria
205 2381 355 2438 movebant
370 2381 398 2437 iu
413 2395 486 2449 eum,
503 2395 537 2437 ex
552 2381 652 2452 quibus
672 2380 734 2451 plus
752 2394 833 2451 quam
856 2385 967 2436 centum
1007 2381 1103 2440 Solent
1130 2394 1248 2450 namque
1280 2379 1309 2436 iu
1342 2379 1477 2436 sabbatho
1509 2385 1606 2436 sancto
1634 2379 1744 2452 paschae
1768 2386 1832 2437 ante

134 2469 317 2536 ceciderunt,
328 2475 356 2525 et
367 2469 422 2526 duo
432 2475 537 2526 mutum
547 2477 667 2540 exparte
677 2469 894 2541 regis;caeteros
903 2467 968 2540 fuga
1008 2470 1127 2528 infusum
1156 2469 1275 2526 chrisma
1307 2469 1335 2525 in
1364 2482 1462 2540 aquam
1496 2468 1636 2540 baptismi,
1656 2483 1752 2526 omnes
1780 2469 1833 2525 cir·

132 2566 164 2615 et
175 2559 274 2614 noctis
283 2557 452 2614 imminentia
467 2559 634 2616 vixamortc
649 2557 825 2614 defensitant.
837 2557 881 2614 Sic
895 2557 969 2628 regis
1009 2565 1176 2616 cumstantes
1194 2572 1228 2614 ex
1259 2557 1319 2628 ipsa
1345 2571 1502 2629 aspergere,
1536 2563 1565 2614 et
1583 2571 1615 2614 ea
1634 2557 1662 2615 in
1686 2558 1758 2614 vasis
1776 2555 1834 2614 suis

132 2646 250 2704 milites
263 2647 378 2703 victoria
393 2645 555 2703 mirabiliter
576 2647 656 2718 potiti
678 2655 752 2713 suut,
769 2652 797 2702 et
811 2651 916 2702 tantum
930 2645 970 2702 cl·
1010 2655 1133 2717 accepta,
1149 2647 1189 2704 sic
1208 2661 1258 2717 per
1281 2652 1366 2703 totam
1382 2647 1633 2718 quinquagesimam
1650 2644 1723 2717 (130)
1738 2646 1834 2716 bujus·

132 2736 222 2794 vibus
237 2749 367 2804 pavorem
388 2735 547 2802 intulerant,
563 2742 593 2792 ut
611 2749 717 2792 summo
732 2733 877 2792 confestim
891 2747 969 2790 meuc
1012 2735 1087 2792 modi
1124 2741 1227 2791 mutum
1255 2735 1408 2792 abutuntur
1434 2735 1592 2806 rrsvrrpativa
1615 2741 1643 2792 et
1675 2735 1834 2792 inordinata

133 2826 279 2896 episcopo
302 2829 330 2880 et
349 2824 451 2880 domno
471 2822 502 2855 111
529 2837 580 2881 suo
594 2838 655 2880 sese
683 2838 748 2880 reos
771 2823 923 2890 dedissent,
943 2829 971 2880 ει
1011 2823 1191 2895 aspersione,
1215 2836 1272 2880 uon
1294 2823 1469 2879 attendentes
1483 2825 1571 2880 sancti
1591 2837 1669 2894 papae
1688 2823 1835 2880 Alexandri

136 2915 200 2984 ejus
230 2912 333 2983 adepta
347 2913 444 2982 gratia,
467 2913 583 2983 gratiam
602 2926 713 2983 quoque
728 2911 810 2982 regis,
831 2912 893 2982 ipso
907 2924 970 2967 cum
1011 2913 1175 2970 rationabile
1208 2920 1236 2971 et
1269 2912 1462 2984 inrefragabile
1493 2918 1625 2970 statutum
1660 2911 1752 2986 (131),
1786 2914 1834 2984 qui

135 3004 246 3074 quibus
257 3008 365 3073 poterat
372 3001 499 3058 omnibus
508 3002 719 3069 interveniente,
726 2999 968 3071 viracquisisscnt,
1011 3001 1139 3072 praecipit
1152 3007 1183 3058 ut
1201 2999 1229 3056 in
1245 3001 1373 3058 omuibus
1388 3001 1537 3058 Dominicis
1552 3001 1651 3058 diebus
1665 3001 1835 3059 exorcismus

135 3091 219 3150 Cives
251 3087 333 3147 etiam
356 3091 582 3158 wormatienses,
610 3090 758 3160 assumptis
776 3089 1074 3160 undecumquecsalis
1088 3096 1206 3161 eraque
1220 3105 1236 3146 a
1250 3089 1442 3147 sacerdotibus
1455 3096 1561 3162 agatur,
1573 3097 1600 3146 et
1623 3087 1688 3148 iude
1704 3090 1834 3162 populus,

135 3196 193 3239 non
210 3181 335 3238 modicis
357 3179 522 3237 militaribus
546 3179 693 3250 praesidiis,
714 3186 811 3237 contra
829 3192 921 3250 rogem
941 3181 970 3234 ct
1010 3179 1128 3238 officinae
1144 3185 1172 3236 et
1190 3179 1251 3236 loca
1266 3193 1362 3237 eorum
1376 3185 1567 3252 aspergantur.
1584 3177 1635 3238 Ubi
1651 3180 1730 3238 cellae
1745 3179 1834 3238 sancti

134 3271 307 3342 episcopum
348 3283 427 3326 suum
463 3266 630 3324 rebellantes
665 3267 857 3338 conjurabant.
891 3265 969 3322 uude
1009 3270 1108 3328 Gallia
1126 3268 1258 3328 fratribus
1284 3267 1449 3342 regulariter
1466 3269 1572 3326 electus
1586 3270 1671 3326 abbas
1686 3270 1836 3342 praeficitur

135 3359 288 3432 praeterita
302 3358 397 3415 eadem
414 3357 523 3414 civitate
546 3372 595 3414 rex
609 3357 734 3414 Triburia
749 3356 871 3425 divertit,
887 3361 915 3412 et
929 3356 970 3412 sic
1011 3359 1155 3427 lutoldus,
1170 3358 1294 3430 ejusdem
1318 3357 1439 3416 coeuobii
1458 3356 1542 3414 frater
1556 3357 1724 3415 reverendus
1745 3355 1830 3428 (132).

135 3464 186 3521 per
205 3448 375 3506 Laurisbam
398 3454 426 3505 et
452 3447 588 3520 Emilinga
620 3445 808 3518 proficiscens,
843 3445 971 3516 diemque
1046 3451 1105 3506 ilex
1137 3447 1239 3504 ibidem
1277 3445 1377 3516 pascha
1400 3443 1497 3501 festive
1529 3447 1597 3501 satis
1628 3451 1751 3516 peracto,
1786 3458 1837 3516 per

134 3539 298 3610 palmarum
326 3536 411 3594 Ulmae
439 3536 603 3601 subsistens,
632 3535 667 3590 ad
696 3548 783 3605 usque
803 3533 971 3591 vindelicam
1012 3537 1116 3594 Ulmam
1147 3533 1311 3592 revertendo
1342 3533 1457 3604 tugiam
1489 3533 1610 3599 intravit,
1631 3539 1660 3589 et
1678 3534 1742 3590 iude
1765 3533 1836 3590 Cott-

134 3631 295 3701 bngustam
322 3625 425 3682 ibidem
454 3624 555 3695 pascba
582 3631 694 3680 acturos
725 3622 913 3692 pertenderat.
942 3623 972 3678 ln
1013 3625 1140 3682 smntiam
1156 3623 1290 3696 pervenit.
1311 3621 1389 3678 Unde
1405 3620 1553 3690 episcopus
1580 3621 1709 3688 civitatis,
1724 3626 1837 3692 aposto·

135 3717 268 3790 pascbali
286 3715 358 3772 euim
374 3713 527 3771 ebdomada
542 3713 672 3783 perplura
686 3726 749 3782 quar
768 3725 853 3782 reguo
869 3716 897 3767 et
916 3725 972 3768 ec·
1013 3714 1076 3771 licae
1107 3711 1182 3769 sedis
1214 3710 1366 3782 legatorum
1397 3707 1564 3768 audientiam
1598 3723 1649 3766 nec
1677 3723 1731 3767 oon
1753 3711 1836 3784 regiae

136 3809 235 3866 clesiac
272 3811 378 3862 sauctae
404 3802 561 3860 necessaria
589 3800 708 3869 fuerant,
728 3799 785 3856 illic
808 3805 927 3857 tractare
946 3804 974 3856 et
1014 3801 1166 3872 majestatis
1197 3799 1372 3872 presentiam
1413 3798 1570 3856 cautissime
1611 3798 1769 3868 devitando,
1808 3801 1836 3856 in

136 3898 299 3968 disponere
318 3908 380 3951 cum
394 3892 567 3964 principibus
581 3893 639 3948 suis
654 3895 854 3961 proposuerat;
870 3897 912 3946 set
921 3888 974 3960 ipsi
1015 3890 1153 3964 quoddam
1181 3888 1323 3946 castellum
1342 3887 1451 3945 comitis
1482 3887 1590 3944 Ottouis
1611 3885 1690 3960 (133)
1711 3889 1837 3958 secessit,

136 3989 234 4044 statim
254 3999 291 4043 se
304 3985 339 4040 ab
359 3997 393 4041 eo
416 3983 568 4050 retrabere,
590 3993 645 4054 quo
660 3981 754 4036 nescio
773 3979 802 4035 id
821 3977 973 4036 infortunio
1014 3990 1043 4040 et
1060 3981 1100 4038 ibi
1119 3994 1170 4052 per
1184 3984 1271 4037 totum
1290 3978 1367 4034 illum
1386 3990 1488 4034 annum
1513 3977 1643 4048 perstitit,
1673 3977 1764 4037 officio
1783 3979 1837 4036 sibi

76 4141 81 4148 ,
136 4077 293 4144 actitante,
309 4073 410 4129 viritim
424 4071 598 4142 inceperunt.
610 4071 670 4128 flou
689 4067 778 4126 solum
798 4081 862 4125 vero
877 4067 974 4124 novitii
1012 4072 1068 4142 jam
1087 4069 1173 4142 priori
1193 4081 1266 4125 anno
1285 4067 1319 4124 ab
1337 4066 1491 4138 apostolico
1511 4081 1625 4138 prorsus
1638 4068 1798 4138 interdicto,
1810 4073 1838 4126 et

136 4165 256 4233 milites,
288 4167 331 4219 set
344 4164 427 4218 etiam
453 4160 570 4232 antiqui,
594 4159 642 4231 qui
655 4159 707 4230 ipsi
720 4157 900 4229 iureiurando
917 4159 974 4228 jam
1014 4165 1105 4217 tamen
1125 4158 1160 4216 ob
1180 4157 1208 4214 id
1223 4147 1257 4214 ab
1277 4170 1310 4214 eo
1326 4170 1498 4228 nequaquam
1527 4157 1657 4214 devitato.
1677 4159 1739 4230 lpse
1758 4171 1837 4216 mam·

136 4254 205 4311 olim
232 4253 323 4309 iidem
339 4243 421 4308 'suam
445 4249 681 4314 confirmaverant,
699 4253 728 4304 et
749 4246 803 4316 ipsi
823 4246 974 4318 periurium
1014 4263 1069 4320 que
1093 4247 1251 4306 Wormatlae
1279 4261 1341 4303 cum
1373 4260 1388 4301 a
1407 4245 1612 4315 conspiratione
1631 4247 1838 4305 iuoboedientiae

137 4341 383 4414 parvipendentes
409 4343 641 4409 apostataverant.
673 4335 724 4406 Qui
747 4336 830 4392 etiam
848 4335 883 4391 ab
903 4335 975 4390 lier-
1015 4337 1181 4406 conscriptae
1208 4333 1239 4367 111
1259 4341 1425 4406 resurgeret,
1459 4339 1570 4400 extunc,
1599 4333 1674 4403 quod
1708 4349 1760 4392 uos
1787 4349 1838 4405 pro

135 4431 303 4503 bipclitana
329 4431 385 4499 iam
412 4426 522 4484 civitate
560 4425 659 4483 litteris
686 4424 720 4480 ad
754 4438 851 4494 papam
870 4424 1149 4486 iuvita-Dmiracolo
1164 4423 1266 4482 debitae
1286 4421 1400 4480 ultiouis
1418 4421 1518 4477 divinae
1531 4427 1668 4484 pommus,
1683 4421 1838 4480 claudicare

136 4523 222 4579 toriis
238 4517 406 4592 praemissis,
433 4517 563 4588 quatinus
577 4515 605 4571 iu
628 4519 739 4572 nostras
753 4520 846 4583 partes
862 4526 912 4584 pro
927 4526 976 4568 re·
1015 4515 1110 4586 coepit,
1127 4519 1155 4570 ct
1172 4513 1213 4580 sic
1238 4512 1370 4582 deinceps
1385 4508 1546 4567 debilitatus
1560 4505 1780 4578 claudicavit.¹⁹⁷,
1795 4515 1839 4566 set

135 4611 247 4684 gimine
280 4606 478 4665 aecclesiastico
515 4605 608 4661 venire
645 4603 815 4675 dignaretur,
846 4601 976 4658 ductores
1016 4609 1106 4660 tamen
1139 4601 1370 4669 communionem,
1404 4613 1460 4656 nou
1492 4595 1623 4666 cilicium,
1651 4597 1686 4653 ab
1705 4598 1837 4670 episcopo

136 4701 191 4772 ipsi
209 4700 341 4770 dirigere
366 4696 572 4753 destinaverat:
596 4701 639 4750 set
662 4693 691 4749 id
706 4699 772 4750 tunc
786 4691 897 4748 omuino
913 4705 976 4761 per·
1016 4689 1170 4747 Pataviensi
1196 4695 1260 4746 aute
1287 4688 1499 4760 Oppineimense
1528 4684 1559 4718 111
1587 4685 1756 4758 colloquium
1782 4687 1839 4758 pam

137 4803 226 4863 egere
242 4802 307 4861 prae
324 4783 436 4844 militari
455 4783 571 4858 penuria
585 4795 641 4842 nou
655 4785 774 4854 poterat.
790 4781 857 4836 Tros
870 4779 975 4838 solum·
1016 4780 1132 4851 recepit.
1159 4779 1193 4837 lit
1207 4779 1255 4852 qui
1274 4784 1334 4837 toto
1362 4777 1475 4836 biennio
1493 4781 1575 4834 antea
1588 4773 1624 4833 ad
1638 4774 1692 4833 boc
1706 4775 1767 4848 cogi
1786 4788 1840 4832 ue·

833 4905 945 4962 tantm
967 4904 1162 4962 mellontos.

175 5031 211 5066 ¹⁸⁸
226 5030 310 5089 douo
327 5028 353 5098 l,
390 5023 422 5060 111
435 5025 576 5099 praedicte
590 5025 632 5082 cd.
671 5021 702 5057 111
716 5020 853 5080 claudicat
870 5019 908 5077 11.
946 5020 978 5055 111
992 5021 1146 5094 oppinense
1160 5019 1188 5078 2.
1204 5033 1230 5076 v.
1250 5017 1323 5090 tofto
1341 5017 1396 5076 col.
1412 5013 1467 5072 390

945 5141 1054 5200 NOTAE.

176 5268 262 5340 (1291
280 5265 378 5324 Nescio
388 5263 455 5336 qold
465 5260 530 5319 mali
541 5256 868 5330 deprehenderintlegati
878 5258 907 5316 lu
922 5257 976 5316 boc
1017 5257 1082 5314 dist.
1102 5255 1130 5325 3,
1159 5269 1194 5313 ex
1220 5251 1352 5312 decretali
1379 5250 1466 5324 prima
1493 5250 1554 5322 elus
1580 5248 1709 5334 epistola,
1729 5265 1791 5324 cap.
1810 5253 1838 5325 5,

138 5357 206 5409 usu,
225 5353 315 5413 quem
331 5344 407 5394 certe
430 5333 648 5404 antiquissimum
669 5343 730 5387 esse
745 5336 853 5388 constat
866 5345 901 5387 ex
913 5331 978 5387 Grc-
1017 5343 1098 5401 quam
1117 5328 1238 5399 spuriam
1253 5339 1314 5383 esse
1329 5329 1431 5409 norunt
1450 5335 1556 5379 omues.
1576 5323 1637 5406 loss.

137 5416 224 5487 gorio
240 5410 410 5476 turonensi,
426 5407 474 5464 lib.
491 5421 511 5471 t,
527 5405 565 5460 lte
583 5401 670 5474 gloria
685 5408 844 5472 martyrum,
856 5416 881 5458 c.
893 5400 939 5471 24,
950 5407 978 5459 ει
1055 5398 1176 5526 (132)ε1.
1192 5395 1343 5456 Burcbardr
1366 5408 1447 5454 casus
1470 5395 1498 5450 S.
1517 5392 1598 5462 Gallu,
1614 5408 1639 5452 o.
1654 5394 1683 5451 t.
1698 5394 1771 5453 llom
1791 5397 1838 5454 ἃς.

138 5501 175 5544 ex
185 5481 446 5546 Ordineliomano,
456 5477 559 5548 quique
572 5471 722 5531 hodiedum
734 5473 851 5529 obtinet.
860 5474 922 5532 tiss.
1018 5473 1052 5541 Il,
1069 5485 1096 5542 p.
1130 5470 1175 5526 56.

177 5553 252 5630 (130
280 5553 391 5612 Scilicet
403 5562 491 5620 usque
505 5545 540 5603 ad
553 5547 753 5602 Pentecosten.
774 5545 833 5600 tiss.
1054 5543 1128 5612 (133)
1144 5543 1178 5600 de
1192 5537 1332 5614 Brigantio
1347 5542 1376 5597 et
1389 5535 1544 5605 Buccboru,
1559 5549 1586 5594 v.
1601 5535 1688 5596 stilio
1702 5537 1842 5608 Wirttemf

178 5625 247 5700 (131
286 5624 408 5682 ilabetur
434 5633 497 5680 cau.
534 5620 612 5690 aquo
642 5612 718 5683 Sole,
747 5613 782 5671 de
809 5619 975 5687 consecrat,
1017 5615 1096 5689 berg.
1110 5612 1274 5674 (lescblcbte
1292 5611 1315 5686 l,
1331 5609 1396 5670 559.
