4106 6178
269 303 337 360 1143
830 297 994 354 ratetum
1013 295 1162 355 MONAClll
1183 293 1401 352 strumttttlsts
1591 295 1598 306 '
1882 281 1946 338 titt

264 429 330 487 13113
349 427 460 498 oportet
478 423 609 487 describi,
625 427 655 480 nt
675 422 858 494 1133133331
882 422 1019 493 placeant,
1035 419 1258 494 33111331111131,
1287 419 1331 476 tris
1354 413 1519 488 abjectionis
1545 415 1649 469 nostrae
1676 409 1800 468 oleribus
1826 407 1947 480 aliqnan-

266 535 295 576 se
311 518 458 576 Veritatem
473 514 630 571 innotescit.
647 513 722 569 Vale.
1127 510 1214 580 tisper
1241 509 1321 565 vobis
1348 519 1409 565 curn
1438 504 1538 561 vestris
1565 500 1710 558 intendere
1737 497 1833 566 libeat,
1862 498 1948 554 donee

358 606 472 664 Bonorum
486 601 596 676 epistola
611 584 774 658 dedicatoria
789 602 824 658 al
845 602 991 658 llfidoaem.
1128 598 1261 654 examinis
1274 595 1359 652 vestri
1378 593 1516 651 sententia
1535 591 1708 648 discernatur
1721 593 1813 644 utrum
1828 586 1871 643 vet
1891 601 1948 657 par-

303 696 423 754 Glerioso
449 694 497 749 liei
520 691 606 762 313113
636 691 729 746 domno
753 692 863 747 ll'vnorn
891 691 1086 762 archiepiscopo
1128 689 1253 744 vclorum
1277 686 1373 742 usibus
1398 684 1483 754 digna
1509 695 1544 738 an
1573 680 1684 752 13111333
1711 677 1857 734 habeatur.
1882 677 1946 732 ilinc

267 802 325 842 enm
339 785 406 841 omui
420 797 474 838 aute
488 795 557 836 curte
575 780 673 836 credito
687 783 787 836 3333131
807 780 932 836 beclem
955 781 1088 836 1131333313
1128 777 1226 833 attenta
1252 774 1364 831 intactis
1387 772 1585 843 quodeunque,
1605 767 1723 824 audierit
1745 764 1797 821 lari
1821 764 1946 831 volentis,

267 875 346 938 clero,
365 872 449 942 trater
473 872 548 926 Bono
570 873 694 941 peccator
717 885 791 940 quern
815 869 903 926 1113331
917 869 1088 926 sithiensium
1128 866 1176 922 sed
1193 864 1309 922 necdum
1325 862 1408 919 verba
1423 861 1456 916 ad
1476 860 1587 930 plenum
1602 856 1721 915 icrmare
1741 855 1873 926 potentis,
1889 868 1947 910 cum

267 963 396 1026 abbatem,
422 958 526 1014 beatam
550 957 730 1013 3331033113
755 959 840 1030 partie
868 957 957 1014 ovibus
982 957 1087 1030 portio·
1128 955 1276 1012 nonnullas
1298 965 1390 1009 rerum
1414 948 1622 1007 convenientias
1648 943 1804 1002 scribendis
1828 943 1949 1014 gestibus

266 1066 332 1106 333.
1128 1043 1245 1101 antehac
1269 1041 1428 1113 pervenisse
1452 1036 1634 1102 meminerim,
1658 1047 1775 1105 quorum
1800 1032 1880 1103 plura
1901 1046 1948 1103 ega

302 1140 435 1207 Suscepto
460 1135 622 1192 reverentiae
641 1142 695 1192 tuae
711 1134 849 1202 mandato,
870 1148 887 1191 3
907 1133 1007 1204 prasci
1027 1147 1088 1190 ma·
1128 1134 1188 1204 ipse
1202 1132 1328 1198 viderim,
1349 1127 1473 1201 quaedam
1490 1127 1623 1197 majorum
1639 1124 1713 1180 band
1732 1120 1948 1194 spernendorum

266 1225 500 1299 guiticectissime,
525 1237 580 1294 qao
603 1223 782 1280 elevationem
807 1225 976 1280 sacrosancti
999 1223 1088 1279 Patris
1128 1225 1249 1279 virorum
1273 1221 1362 1277 relatu
1383 1216 1539 1283 didicerim,
1559 1215 1711 1284 eademqne
1741 1211 1788 1268 bic
1812 1215 1949 1280 31333333

269 1315 355 1373 333111
389 1312 494 1369 0311131
525 1312 606 1380 jubes
635 1313 765 1382 pauperis
792 1312 855 1383 styli
884 1312 972 1368 nostri
1001 1311 1088 1368 ordiri
1129 1311 1286 1370 balbutiens
1309 1308 1456 1381 praelibare
1474 1319 1555 1377 quam
1578 1308 1670 1361 tacere
1689 1301 1793 1368 malim,
1817 1305 1951 1372 quatenus

267 1403 456 1468 denotatione,
477 1406 532 1457 tum
549 1399 671 1470 ejusdem
686 1401 773 1456 sancti
798 1400 842 1470 pia
857 1401 1015 1468 devotione,
1032 1405 1088 1456 tum
1131 1403 1174 1458 bis
1192 1401 1253 1457 attis
1278 1397 1413 1464 admistis,
1430 1395 1569 1468 quomodo
1584 1395 1639 1451 1133
1656 1398 1782 1462 11133313
1802 1391 1877 1448 eirca
1892 1405 1950 1456 nos,

268 1501 322 1550 133
337 1490 498 1562 apostolicae
512 1489 685 1544 auctoritatis
696 1489 894 1559 praeceptione,
908 1497 964 1546 tum
976 1489 1088 1546 iratrum
1131 1492 1158 1547 in
1183 1504 1253 1560 3333
1280 1487 1349 1544 tines
1376 1485 1542 1542 sacculorum
1566 1483 1748 1549 devenerunt,
1767 1479 1952 1536 mirificaverit

268 1588 425 1638 3331131331
454 1577 613 1650 3331101333
642 1577 843 1633 obsecrationis
871 1579 1089 1649 importunitate,
1133 1577 1337 1636 misericordias
1359 1590 1423 1632 snas
1450 1573 1591 1640 03311333,
1617 1570 1736 1628 13310133
1757 1570 1869 1625 3333113
1890 1569 1952 1624 emi-

269 1685 302 1728 ne
322 1676 377 1726 1333
400 1667 573 1724 celsitudinis
595 1666 714 1734 iussioni
740 1667 895 1723 contrarius
917 1667 1022 1734 videar,
1039 1682 1089 1738 pro
1132 1673 1186 1735 cet,
1216 1673 1245 1722 31
1271 1680 1305 1721 31
1333 1665 1387 1721 boc
1412 1663 1523 1736 dignius
1550 1662 1579 1716 in
1608 1659 1704 1716 laudes
1731 1659 1779 1714 cei
1809 1657 1952 1728 sanctique

268 1765 350 1828 captu
370 1755 501 1826 ingenioli
529 1755 627 1822 nostri,
653 1768 815 1824 quamquam
844 1757 934 1811 minus
959 1739 1175 1821 11133333,Β331
1204 1755 1307 1813 Bertini
1332 1760 1407 1810 totus
1425 1743 1694 1832 costrae'religionis
1711 1747 1850 1806 incolatus
1869 1748 1953 1818 tripu-

269 1861 327 1904 eam
343 1855 482 1914 utcunque
495 1851 656 1900 narraturus
668 1843 822 1914 aggrediar.
834 1845 955 1915 Cumque
967 1845 1091 1902 veritatis
1130 1846 1198 1902 diet.

268 1936 339 1992 viam
367 1947 498 1990 33133133
526 1938 628 1988 nostrae
658 1933 856 1988 imbecillitatis
885 1934 1009 1989 manibus
1035 1936 1090 2003 jam
1168 1925 1765 2004 11311133(111133331331311133111311113333
1784 1923 1953 1995 indignetur,

269 2023 358 2080 133113
368 2023 426 2094 vela
443 2020 647 2091 praetenderim,
659 2020 681 2075 31
697 2017 789 2076 iorsan
805 2020 910 2076 amulae
921 2022 1092 2092 tempestatis
1131 2025 1154 2081 si
1179 2021 1393 2093 simplicioribus
1416 2019 1519 2076 nostris
1545 2016 1659 2074 notandi
1684 2014 1812 2086 opusculi
1838 2014 1954 2069 intentio

270 2112 394 2168 turbines
413 2109 576 2181 naufragosa
589 2109 749 2165 discrimina
764 2110 970 2175 intentaverint,
988 2116 1042 2167 133
1056 2111 1090 2165 ad
1132 2112 1302 2184 praelibetur,
1320 2124 1353 2166 ne
1373 2123 1434 2166 cum
1453 2107 1536 2164 solito
1555 2106 1668 2162 duriora
1687 2104 1812 2175 legentes
1830 2102 1954 2158 31133113-

268 2201 329 2258 baec
358 2200 486 2256 stationis
514 2201 575 2254 sinn
605 2197 772 2254 recreandus
800 2199 931 2269 excipiar,
958 2200 1092 2258 beneitdae
1133 2203 1234 2266 derint,
1260 2200 1456 2262 extimescant;
1482 2195 1531 2253 sed
1555 2193 1695 2265 quomodo
1718 2192 1800 2250 etad
1824 2191 1956 2262 quuddi·

269 2304 365 2346 manus
384 2289 501 2344 tuitione
517 2286 655 2342 defenser.
674 2289 726 2341 Par
739 2293 781 2342 est
796 2287 867 2343 enim
883 2302 926 2344 me
941 2295 995 2346 133
1014 2289 1093 2345 nobi·
1132 2297 1229 2348 eantur
1248 2289 1447 2360 significantius
1466 2287 1586 2356 capiant.
1615 2284 1728 2340 Dulcior
1745 2281 1853 2352 qnippe
1878 2282 1955 2336 331113

269 2379 354 2435 1113113
386 2375 471 2433 131313
504 2375 688 2432 3331033133
722 2388 800 2431 13313
835 2382 889 2434 tuas
922 2376 1092 2434 detensionis
1133 2369 1954 2449 33133313131131,31311333131131311131313333331.

270 2467 387 2539 protegi,
418 2467 496 2534 cnjus
518 2467 596 2534 jussu
621 2471 705 2520 tantae
729 2463 809 2520 molis
828 2479 912 2521 onera
936 2480 1090 2536 quanquam
1132 2469 1241 2524 Gratius
1268 2473 1341 2522 astra
1368 2467 1481 2530 micant,
1512 2462 1559 2519 nbi
1592 2469 1674 2519 notus
1701 2460 1790 2517 nubes
1821 2458 1955 2530 fugaverit

269 2555 374 2626 11311118
389 2553 551 2624 differendi
567 2553 687 2622 81151111·
1133 2557 1320 2612 densissimas.
1347 2553 1424 2610 lland
1447 2567 1528 2609 secus
1551 2550 1706 2608 bomicicas
1724 2549 1864 2619 imprimis
1885 2561 1957 2604 eom-

307 2644 410 2701 031133
434 2657 483 2699 133
510 2649 613 2698 sanctae
632 2642 775 2698 ilemensis
799 2643 929 2701 Ecclesiae
953 2643 1026 2700 tilios
1039 2643 1092 2700 do·
1134 2647 1299 2700 minutiones
1317 2651 1399 2713 atque
1418 2642 1613 2712 castigationes
1636 2646 1761 2710 regesta
1780 2651 1844 2694 cum
1865 2637 1957 2692 subse

271 2733 361 2790 minos
383 2739 495 2788 nostros
517 2731 633 2801 supplex
657 2729 790 2800 deposco,
817 2739 954 2801 qnatenus
978 2731 1092 2788 iratorni
1134 2741 1236 2807 quente
1266 2741 1397 2804 provectu
1425 2731 1527 2787 divinae
1555 2728 1753 2785 misericordia
1783 2735 1956 2798 posterorum

272 2822 343 2893 pacti
369 2820 587 2885 reminiscentes,
613 2833 687 2876 ncne
711 2819 776 2875 mibi
806 2820 867 2877 31113
890 2820 1020 2892 praesidio
1038 2842 1045 2876 z
1066 2828 1094 2877 et
1134 2823 1286 2879 traditurus
1314 2821 1463 2886 memoriae,
1484 2821 1559 2889 pium
1583 2832 1616 2874 ac
1640 2819 1742 2888 justum
1758 2817 1886 2886 jndicem
1909 2816 1957 2870 ce

272 2909 492 2982 quandocunque
523 2910 583 2965 baec
617 2914 719 2964 noslrae
752 2911 916 2980 nugacitatis
950 2911 1094 2980 congeries
1134 2911 1236 2967 minum
1252 2917 1374 2966 nostrum
1391 2922 1442 2964 1133
1458 2907 1648 2977 multiplieiter
1661 2905 1870 2975 delinquentes,
1888 2918 1958 2960 nune

271 2998 422 3069 apostolica
448 2997 606 3068 porrigente
634 2996 745 3052 deutera
767 3004 872 3052 vestras
900 2998 1042 3054 devenerit
1064 2999 1093 3053 in
1137 3000 1219 3056 minis
1245 2999 1302 3055 suis
1330 2998 1505 3064 terrificasse,
1530 3009 1602 3053 nunc
1630 2995 1707 3052 duris
1733 2994 1957 3065 objurgationum

273 3099 379 3151 manus,
404 3084 492 3140 eidem
520 3091 626 3140 vestros
651 3085 818 3140 reverendos
840 3099 874 3140 ne
898 3087 1026 3142 avertatis
1047 3059 1246 3145 in-Csnarurn
1270 3087 1486 3144 immissionibus
1504 3086 1586 3157 digne
1605 3085 1746 3141 multoties
1764 3083 1958 3139 (1113113131-

273 3174 378 3240 tcitus;
398 3173 447 3229 sed
467 3187 583 3243 qnaeque
599 3174 658 3242 ejus
676 3173 779 3228 insulsa
799 3173 855 3229 sale
870 3181 967 3230 vestrae
987 3176 1094 3244 peritiae
1135 3179 1250 3245 rexisse,
1266 3181 1403 3247 33313333
1425 3176 1506 3232 33113
1521 3175 1643 3246 eiusdem
1667 3172 1729 3228 mali
1749 3173 1862 3242 saporis
1881 3181 1957 3244 33313

270 3264 348 3333 iussu
365 3261 469 3319 domici
486 3260 691 3331 archipresulis
701 3262 815 3317 condire
835 3276 889 3318 non
909 3265 1025 3334 uegetis,
1042 3265 1095 3320 sic·
1135 3268 1168 3323 ad
1184 3275 1292 3336 tempus
1310 3265 1491 3332 exacerbatis,
1512 3269 1574 3334 post
1589 3261 1810 3334 supervenientis
1828 3277 1899 3333 grex
1914 3263 1957 3316 liei

273 3365 326 3423 333
349 3348 448 3406 1131133
473 3348 566 3406 fratris
585 3365 668 3407 onera
685 3352 719 3408 ad
739 3353 845 3422 jussum
874 3353 997 3420 ttpostoli
1021 3352 1094 3410 terre
1135 3356 1303 3426 gratioribus
1326 3353 1511 3410 exhilaremur
1533 3353 1633 3420 donis;
1660 3359 1743 3422 atque
1766 3351 1855 3407 toties
1879 3365 1958 3420 snper

270 3441 372 3512 juvetis
387 3437 458 3510 (Gal.
474 3455 512 3506 vr,
528 3439 565 3508 2).
587 3441 646 3496 Non
661 3448 751 3497 autem
766 3446 926 3512 congestum
942 3451 984 3497 est
997 3448 1027 3498 ct
1040 3443 1095 3499 1133
1135 3457 1188 3500 333
1211 3443 1290 3500 iacta
1312 3443 1476 3499 visitationis
1495 3455 1604 3511 semper
1627 3451 1774 3506 memores,
1799 3439 1829 3494 in
1855 3439 1957 3508 reliqua

274 3528 326 3586 sibi
351 3530 502 3600 peritorum
528 3530 642 3585 solertia
666 3529 805 3602 dignetur,
821 3529 870 3586 sed
889 3537 920 3586 ut
940 3531 968 3587 in
983 3531 1037 3588 boe
1052 3531 1094 3588 131
1136 3531 1199 3588 vitae
1223 3540 1324 3588 nostrae
1349 3537 1474 3601 tempora
1495 3530 1581 3584 simus
1604 3527 1817 3584 emendatiores.
1845 3529 1958 3582 veram-

273 3617 457 3688 simpliciores
480 3617 567 3672 nostri
587 3618 752 3698 meditantes
777 3624 957 3688 occupentur,
977 3625 1023 3676 aut
1042 3619 1096 3675 sal·
1136 3626 1227 3676 tamen
1243 3618 1374 3675 33311133
1392 3618 1541 3674 dominicae
1560 3616 1725 3673 invectionis
1742 3614 1853 3686 11333113
1869 3617 1957 3683 eujus·

274 3717 328 3766 tem
345 3712 421 3777 parta
432 3707 554 3762 dictandi
568 3708 696 3763 materies
710 3706 774 3763 inde
790 3708 880 3777 perito
890 3706 1017 3777 cuiqnam
1029 3723 1096 3778 333-
1137 3723 1217 3780 qnam
1237 3722 1319 3764 aures
1342 3707 1491 3774 attendant,
1507 3706 1555 3761 sed
1580 3705 1671 3774 331133
1695 3705 1956 3774 331333333111333

275 3795 1095 3867 33033333331131133131,3131331333133313133331
1136 3799 1318 3865 correxerint,
1344 3799 1372 3852 13
1400 3796 1603 3866 susceptionem
1636 3794 1753 3850 dliorum
1781 3794 1958 3864 recipiendos

279 3899 333 3940 non
349 3883 482 3939 laboravit
503 3882 556 3938 sibi
575 3885 637 3951 soli,
653 3885 701 3940 sed
722 3885 1094 3954 31331133(1031.11,101,
1137 3887 1337 3958 congaudeant,
1358 3887 1513 3955 revenientes
1535 3884 1610 3955 33311
1635 3896 1714 3940 sacra
1741 3884 1887 3953 Scriptura
1912 3897 1959 3938 333

279 3973 376 4030 3311313
399 3974 427 4027 13
447 3971 556 4028 Christo
576 3973 701 4030 laborare
714 3974 871 4030 volentibus
888 3975 976 4030 series
994 3977 1096 4031 nostrae
1137 3977 1268 4032 instruit:
1285 3973 1415 4046 i'tnpeltut
1429 3973 1555 4030 Dominus
1566 3987 1663 4028 331333
1679 3969 1759 4041 tilium
1774 3987 1851 4043 qvem
1865 3972 1958 4043 recepit

279 4062 412 4118 orationis
437 4061 570 4127 ordiatur,
595 4069 651 4117 tum
675 4076 740 4118 vcro
768 4063 907 4133 exemplar
933 4065 1013 4128 iusti,
1040 4071 1096 4119 tum
1138 4063 1227 4130 111311.
1244 4079 1292 4131 xvv,
1308 4063 1347 4136 6),
1363 4069 1418 4120 etc.

278 4150 390 4221 quidem
410 4150 462 4205 viri
490 4150 632 4220 speculum
656 4165 707 4221 pro
734 4165 814 4221 posse
842 4158 937 4209 nostro
964 4153 1095 4208 imitetur.
1368 4151 1539 4207 11111111Τὶ0
1563 4149 1728 4206 tucrocts

277 4241 329 4296 Sic
346 4253 411 4311 ergo
436 4239 491 4305 dat,
511 4244 541 4294 ct
564 4246 593 4295 et
615 4239 740 4296 deliciosi
764 4241 887 4310 reperire
905 4241 1013 4296 1313331
1031 4241 1097 4311 33111
1178 4241 1327 4299 tenueris
1351 4253 1468 4311 333333
1486 4244 1589 4295 sanctae
1613 4239 1660 4294 031
1680 4237 1812 4294 1133133131
1832 4237 1962 4294 111113113-

277 4335 433 4399 331331,31
454 4327 523 4384 1333
542 4329 643 4398 sitique
663 4330 900 4400 313131111313133
919 4330 991 4386 unde
1011 4329 1100 4386 Domi*
1139 4334 1221 4390 betnr
1247 4329 1419 4386 notissimum
1448 4329 1584 4384 civitatem
1613 4327 1783 4383 Hierusalem
1809 4326 1959 4398 quondam.

277 4431 340 4473 num
361 4417 414 4473 sibi
434 4417 593 4474 concilient.
618 4419 806 4488 3113133111
831 4423 904 4487 3331,
932 4426 959 4475 31
981 4433 1042 4489 qnae
1067 4381 1211 4478 achicnt
1239 4419 1394 4490 evangeliea
1422 4417 1557 4488 approbat
1586 4417 1712 4480 assertio,
1742 4417 1962 4472 misericorditer

277 4507 378 4578 quibus
394 4505 548 4572 infundant,
570 4521 639 4576 puer
657 4509 799 4577 AEgpptins
813 4507 840 4563 in
855 4507 897 4562 113
918 4507 1098 4563 lassescensa
1140 4511 1284 4568 detlevisse
1307 4509 1473 4564 salvatorem
1491 4513 1624 4573 nostrum,
1646 4504 1827 4576 ejusdemque
1843 4507 1962 4560 civitatis

277 4594 389 4650 11313133
413 4607 464 4648 333
487 4594 635 4648 amalecita
663 4595 787 4662 abjectus
811 4608 932 4665 congrue
954 4594 1097 4650 dilucidat.
1142 4597 1333 4656 comminando
1356 4595 1455 4651 iutnrae
1479 4595 1566 4650 ruinae
1592 4601 1691 4649 cuncta
1717 4593 1883 4663 3133111333
1909 4596 1962 4647 rtis-

277 4682 358 4751 Quia
378 4681 459 4736 031111
485 4689 668 4751 persequente
693 4690 820 4752 repertus
838 4696 870 4738 ac
885 4683 1007 4752 ejusdem
1022 4683 1100 4753 11331-
1141 4688 1252 4758 pendia,
1267 4700 1299 4742 ac
1322 4691 1417 4756 postea
1432 4684 1466 4739 ad
1481 4683 1586 4740 dictum
1607 4682 1713 4740 0331131
1733 4683 1887 4754 contigisse
1906 4697 1961 4738 orn-

279 4771 330 4827 bns
352 4769 521 4827 sntdeienter
543 4770 672 4837 reiectus,
693 4772 851 4829 eidemnoc
872 4772 959 4829 331113
977 4771 1099 4828 3111333-
1142 4778 1197 4833 nia.
1224 4775 1299 4831 llacd
1324 4788 1404 4830 secus
1427 4773 1568 4829 modernis
1591 4771 1762 4840 temporibus
1785 4771 1961 4842 erigentibus

279 4860 417 4930 quendum
441 4860 615 4915 bmalecitam
645 4862 829 4932 coniungitur,
850 4861 899 4917 sed
923 4866 951 4918 et
972 4874 1005 4917 eo
1029 4862 1099 4917 duce
1142 4864 1334 4934 iniquitatibus
1360 4861 1473 4928 nostris,
1494 4867 1524 4917 ut
1546 4860 1659 4917 oraculo
1687 4860 1791 4916 calesti
1820 4867 1960 4916 ostensum

278 4947 411 5020 prolancs
439 4947 484 5002 ille
510 4947 637 5004 inventus
665 4949 818 5018 perimitur.
846 4950 886 5005 td
916 4949 965 5004 bas
989 4963 1100 5020 quoque
1142 4958 1194 5022 331,
1210 4959 1294 5022 31333
1309 4951 1444 5023 1113331331
1460 4964 1546 5021 33333
1560 4963 1611 5006 333
1631 4949 1768 5004 invenitur
1787 4949 1816 5003 ln
1832 4949 1962 5005 memoria

281 5037 443 5107 quibusdam
459 5037 589 5092 'invitatis
603 5038 667 5093 dum
682 5037 770 5093 varias
789 5039 967 5095 occasionum
990 5051 1101 5094 scarum
1142 5045 1169 5099 S.
1186 5041 1322 5098 Vincentii
1345 5042 1482 5111 martyris,
1507 5040 1576 5096 ultio
1600 5053 1684 5110 super
1705 5051 1757 5094 cos
1776 5039 1879 5095 divina
1899 5053 1963 5108 pan

282 5141 377 5183 causas
392 5126 577 5196 praetentum,
592 5139 737 5196 pauperes,
754 5127 869 5194 debiles,
886 5128 953 5184 caeci
968 5133 995 5184 et
1010 5127 1100 5184 claudi
1144 5133 1227 5188 debat
1250 5130 1456 5203 indignationis,
1474 5143 1579 5200 nosque
1595 5143 1682 5200 33333
1706 5127 1740 5184 30
1760 5128 1879 5184 animam
1904 5143 1963 5198 per-

280 5215 314 5271 ad
336 5217 425 5272 exitus
446 5215 550 5272 viarum
575 5215 678 5285 reperti
696 5216 808 5272 admissi
837 5223 911 5272 srvnt.
941 5217 989 5273 llis
1017 5217 1101 5288 131131
1145 5221 1267 5286 ccllsset,
1283 5220 1337 5276 uisi
1355 5219 1427 5275 idem
1451 5226 1563 5275 sanctus
1581 5224 1684 5288 martyr
1702 5229 1764 5273 cum
1791 5219 1896 5272 sanetis
1920 5233 1963 5287 pa

281 5303 464 5374 simpliciores
484 5307 571 5361 nostri
590 5305 784 5364 accumbentes
799 5305 976 5372 consedeant,
992 5305 1020 5361 hi
1037 5305 1100 5373 soti,
1143 5310 1232 5365 tronis
1258 5308 1371 5375 nostris,
1395 5306 1550 5365 ttndomaro
1574 5305 1703 5362 videlieet
1730 5309 1814 5376 atque
1843 5307 1961 5368 11311133,

282 5392 324 5448 133
338 5402 461 5449 nostrum
490 5395 634 5465 sumpturi,
661 5395 819 5465 participari
848 5395 1048 5466 congaudeant.
1069 5395 1102 5450 lit
1143 5399 1341 5455 intercessores
1368 5409 1419 5468 pro
1442 5396 1523 5453 nobis
1545 5409 1638 5452 coram
1662 5395 1778 5450 11313133
1798 5395 1961 5451 assurrexis-

283 5489 448 5538 3313311331
464 5485 702 5556 33331133311313,
719 5485 800 5542 31111
820 5483 976 5554 3333131131,
993 5483 1101 5540 illarum
1143 5493 1214 5545 sent.
1245 5489 1342 5544 lterum
1369 5487 1516 5542 miserator
1542 5485 1683 5550 liominus,
1717 5483 1772 5553 piis
1805 5491 1961 5541 maerorum

285 5567 447 5627 sufficientia
462 5571 617 5629 divitiarum
632 5579 686 5629 tam
702 5573 861 5644 quotidiana
877 5577 987 5644 1331333
1006 5572 1102 5630 sedula
1143 5589 1255 5635 snorum
1283 5575 1532 5634 interventionibus
1555 5575 1643 5631 iterus
1666 5571 1701 5628 ad
1724 5572 1870 5642 pietatem,
1892 5572 1960 5628 indi·
