4024 6174
108 335 155 392 565
756 337 800 393 DE
818 337 924 394 BELLO
943 337 1117 394 satndtco.
1727 331 1781 390 eod
1804 379 1807 386 .

140 461 194 516 109.
209 459 247 516 nd
262 473 331 530 quas
353 457 459 516 litteras
482 473 544 516 cum
568 462 673 518 nullum
698 477 749 533 pro
768 463 837 519 velle
861 465 1008 524 squest.
1024 464 1057 518 Ει
1074 467 1110 518 ot
1137 461 1240 518 utinam
1264 459 1299 515 de
1324 473 1374 516 sua
1399 457 1605 529 sociorumque,
1623 463 1683 531 eius
1705 461 1782 534 dagl-

107 562 255 623 responsum
274 549 457 620 accepissent,
472 550 522 606 bas
536 551 561 607 ei
577 551 682 608 litteras
706 553 804 610 iterum
830 554 912 609 mise·
953 552 1024 608 tiosa
1038 551 1070 584 ⁸¹⁷
1084 550 1192 607 iailacia
1206 549 1296 606 adbuc
1307 549 1374 605 satis
1389 547 1506 606 edoctus
1520 547 1661 606 fuissetis!
1677 551 1780 622 Nolite,

106 647 170 707 mni,
198 646 227 696 ut
254 639 393 710 quianon
414 641 502 710 primo
529 643 606 710 quasi
634 642 703 714 galli
729 649 821 708 carutu,
841 643 913 698 sicut
954 642 1095 698 carissime
1132 641 1262 705 domine,
1297 637 1383 694 nolite
1415 637 1595 707 amplius'ad
1623 637 1780 696 irrisionem

105 729 241 786 secundum
262 730 379 784 llarcum
404 743 454 785 nec
469 731 565 787 Petrus
589 740 631 788 est
653 733 797 800 excitatus,
817 732 913 788 saltem
954 731 1042 786 sancti
1057 729 1089 762 ³¹⁸
1105 730 1225 786 nominis
1239 727 1323 784 vestri
1338 726 1495 797 hujusmodi
1511 727 1637 784 homines
1648 726 1779 794 mulcere,

104 834 157 878 cum
175 817 306 884 secundo,
322 817 400 889 quasi
416 819 513 889 gallus,
531 820 649 891 populus
670 822 796 878 ecclesiae
819 835 913 878 uocem
955 825 983 874 ct
1003 824 1065 889 post
1080 826 1133 874 tam
1149 818 1308 888 frequentes
1323 817 1446 888 repulsas
1461 823 1610 889 turpesque
1634 817 1780 888 deceptio-

103 909 182 972 daret,
202 923 216 963 a
239 914 353 976 torpore
378 906 558 964 dubitationis
577 910 610 965 ad
636 912 817 967 constantiam
841 911 915 967 Petri
957 923 1006 964 nes
1020 909 1119 964 ilerum
1139 915 1221 979 atque
1242 907 1340 963 iterum
1365 907 1493 963 ducatum
1517 908 1551 964 ab
1576 908 1616 964 eis
1641 921 1777 979 quaerere.

103 1013 156 1055 cum
171 999 250 1054 Petro
265 997 412 1052 suscitatus
427 1005 604 1068 exsurgeret:
956 999 1094 1054 adventus
1108 1006 1199 1054 uester
1213 997 1246 1053 ad
1263 1010 1313 1054 uos
1330 1002 1433 1052 tantum
1448 997 1530 1054 nobis
1554 1003 1627 1054 esset
1640 997 1780 1054 desidera·

133 1085 188 1140 110.
217 1103 231 1137 o
256 1087 371 1141 bomine
400 1101 462 1142 vere
491 1087 643 1157 apostolico
670 1089 813 1162 Gregorio,
843 1091 916 1146 beati
956 1087 1029 1154 bilis,
1050 1093 1181 1158 quantum
1197 1092 1225 1142 et
1239 1087 1428 1150 necessarium
1444 1087 1493 1144 sed
1508 1102 1572 1144 vere
1586 1088 1698 1156 mimus,
1714 1087 1778 1159 quia

101 1175 165 1230 Petri
180 1174 275 1230 iideles
293 1180 321 1230 el
335 1175 388 1241 sni,
409 1174 537 1231 devotum
556 1190 607 1246 pro
621 1177 726 1234 viribus
740 1179 913 1249 obsequium.
955 1182 1053 1248 sponte
1068 1177 1177 1233 illorum
1192 1176 1228 1256 ad
1242 1185 1360 1232 nostras⁴
1374 1183 1466 1245 partes
1489 1191 1628 1249 utinquam
1650 1177 1777 1244 venietis,

99 1263 170 1319 Novit
201 1263 333 1319 sanctitas
365 1269 454 1320 vestra
482 1271 509 1320 et
542 1266 669 1322 omuibus
701 1267 915 1340 circumquaque
956 1268 1007 1323 nisi
1025 1267 1100 1337 prius
1119 1267 1187 1322 certi
1207 1267 1273 1332 sint,
1297 1279 1346 1321 vos
1365 1265 1474 1322 illorum
1501 1267 1572 1336 parti
1596 1265 1697 1333 lavere,
1721 1281 1777 1325 nou

100 1359 185 1408 uotum
201 1359 253 1419 εει,
271 1367 352 1424 quam
368 1353 518 1410 diidculter
531 1354 563 1386 ³¹¹
578 1362 736 1428 quantoque
760 1359 914 1428 bajulorum
957 1371 1006 1426 pro
1019 1355 1126 1427 iustitia
1140 1355 1189 1411 sed
1213 1368 1264 1425 pro
1287 1353 1427 1410 uoluntate
1452 1354 1585 1426 ipsorum.
1605 1358 1779 1428 Qrtapropter

98 1441 248 1498 discrimine
280 1443 430 1514 legationes
455 1445 489 1501 ad
519 1459 568 1502 νοε
601 1448 820 1514 transmittimus,
850 1449 915 1519 quia
956 1446 1041 1503 nolite
1059 1445 1085 1500 in
1102 1458 1196 1501 eorum
1216 1444 1269 1500 ilde
1285 1458 1361 1514 spem
1388 1458 1500 1514 ponere,
1526 1458 1643 1516 quorum
1664 1446 1778 1517 pertidia

97 1531 144 1586 iter
170 1531 244 1600 qnod
278 1533 406 1588 omnibus
439 1535 610 1605 temporibus
638 1537 765 1593 omnibus
793 1537 913 1609 populis,
956 1533 1297 1605 totieusdeceptusestis.
1318 1533 1511 1602 Eeeevidetis,
1528 1535 1778 1604 quomodomuiti·

96 1618 224 1687 tribubus,
242 1627 271 1676 ει
286 1621 387 1693 lingitis
406 1628 531 1693 apertum
555 1622 606 1680 luit
631 1633 659 1681 et
684 1627 816 1695 pervium,
842 1641 916 1684 nunc
957 1625 1056 1696 plicata
1080 1625 1135 1680 sint
1163 1623 1233 1678 mala
1261 1622 1289 1678 in
1319 1629 1402 1688 terra,
1423 1623 1493 1678 mala
1516 1637 1633 1693 qnorum
1656 1637 1712 1681 non
1736 1629 1778 1682 est

95 1707 225 1765 clauditur
244 1715 273 1766 et
296 1711 471 1782 prohibetur,
500 1720 529 1770 et
556 1714 612 1770 illis
640 1717 755 1772 maxime
782 1717 829 1786 qui
860 1731 914 1773 non
956 1728 1106 1779 uumerus;
1127 1720 1155 1768 et
1169 1719 1318 1779 certamen,
1335 1710 1409 1782 quod
1424 1727 1439 1767 a
1453 1711 1532 1767 vobis
1555 1712 1654 1768 initum
1675 1718 1777 1769 vestra·

93 1795 226 1855 minimum
247 1813 298 1870 pro
321 1801 426 1858 bonore
451 1803 525 1859 iliius
548 1802 750 1874 laboraverunt,
771 1805 805 1861 ad
830 1808 908 1877 ouius
919 1801 1003 1875 lique
1017 1804 1140 1874 jussione
1152 1807 1310 1872 susceptum
1325 1807 1377 1866 εει,
1390 1802 1445 1870 jara
1462 1815 1516 1856 non
1532 1815 1582 1871 per
1600 1815 1709 1858 rosnec
1724 1816 1775 1872 per

93 1899 186 1957 corpus
218 1889 316 1945 eadem
348 1892 391 1948 via
423 1891 509 1948 ducit.
545 1895 640 1950 Vestro
659 1908 725 1950 vero
753 1894 853 1951 honori
881 1901 909 1952 ct
950 1899 1039 1949 restra
1059 1892 1170 1948 decreta
1196 1891 1381 1961 componitur,
1412 1890 1461 1946 sed
1490 1890 1643 1961 gladiorum
1665 1890 1773 1961 judicio

91 1981 186 2032 nostrae
201 1978 359 2036 necessitati
393 1987 567 2053 congrueret,
585 1988 614 2039 ut
640 1983 714 2053 quod
743 1997 804 2040 cum
833 1990 908 2041 tanta
950 1982 1150 2038 terminantium
1181 1980 1392 2050 derelinquitur.
1413 1981 1558 2052 ,Rogamus
1587 1993 1653 2052 ergo
1674 1993 1723 2037 vos
1744 1986 1773 2036 et

90 2063 246 2124 diibeultate
263 2075 461 2150 perpetramus,
475 2071 580 2142 aliquid
596 2073 677 2129 nobis
689 2073 753 2129 inde
769 2075 905 2142 utilitatis,
949 2072 1125 2128 obsecramus
1140 2071 1168 2127 iu
1183 2069 1298 2127 Domino
1312 2077 1352 2136 ut,
1369 2069 1482 2126 remotis
1503 2070 1559 2139 jam
1577 2068 1772 2126 blandimentis

88 2152 186 2224 aliquid
197 2157 226 2213 in
237 2158 269 2190 ¹¹⁸
279 2160 456 2218 tribulatione
467 2161 665 2218 consolationis
675 2165 906 2233 proveniretsed
949 2167 976 2217 et
999 2160 1189 2226 dilationibus,
1212 2159 1327 2230 justitiae
1351 2157 1410 2214 zelo
1434 2172 1483 2214 vos
1504 2158 1673 2230 accingatis;
1697 2166 1725 2216 et
1747 2160 1770 2216 si

87 2244 215 2316 quicquid
236 2251 408 2320 quaestionis,
420 2251 552 2322 quicquid
563 2253 744 2323 querimoniae
755 2254 788 2309 ad
800 2255 905 2323 sedem,
949 2263 1004 2307 non
1033 2255 1147 2320 propter
1172 2261 1234 2316 nos,
1254 2253 1345 2304 ιενεενι
1370 2253 1483 2318 propter
1506 2247 1640 2304 bonorem
1668 2255 1771 2306 sanctae

85 2345 142 2402 qua
157 2349 270 2406 semper
285 2338 382 2408 iudicii
398 2345 426 2394 ει
438 2341 553 2410 justitiae
573 2343 701 2412 magistra
725 2342 786 2409 init,
812 2344 907 2416 dirigi·
948 2339 1023 2396 sedis
1038 2339 1180 2407 Ecclesiae,
1191 2337 1352 2394 couilrmate
1362 2335 1436 2407 quod
1448 2343 1577 2407 operatus
1592 2342 1634 2393 εει
1649 2337 1770 2407 elrrsdem

82 2435 147 2489 mus,
167 2425 255 2480 nichil
271 2425 395 2482 dilllnitae
411 2429 599 2499 responsionis
613 2431 771 2500 recipimus,
787 2432 835 2488 sed
851 2447 904 2489 om·
947 2430 1022 2486 sedis
1037 2429 1153 2501 legatus,
1170 2429 1207 2484 ita
1221 2433 1251 2483 ut
1265 2433 1293 2484 et
1317 2427 1376 2482 νινε
1402 2440 1469 2483 νεεε
1494 2432 1522 2482 ει
1545 2425 1646 2483 litteris
1669 2426 1771 2498 ubique

80 2509 121 2565 nia
137 2511 167 2566 in
182 2511 307 2568 futurum
324 2514 428 2572 incerta
447 2518 663 2587 suspenduntur.
685 2521 751 2574 Nam
767 2521 906 2578 lateralia
947 2519 1115 2575 transmissis
1143 2517 1203 2574 sine
1232 2516 1409 2588 ambiguitate
1438 2515 1626 2582 denuntietis,
1647 2514 1714 2586 quid
1743 2515 1771 2572 iu

77 2599 163 2655 merita
179 2599 243 2656 baec
258 2617 368 2673 quoque
387 2607 525 2662 sanctitati
545 2613 643 2662 vestrae
663 2621 752 2678 nuper
770 2608 906 2665 indicavi·
948 2610 999 2664 hac
1019 2608 1143 2664 ecclesiae
1166 2607 1301 2663 diuisione
1321 2605 1468 2662 tenendum
1493 2606 1539 2672 sit,
1559 2605 1625 2676 quid
1648 2619 1770 2676 sequen·

78 2701 160 2753 mus,
201 2691 311 2760 qualem
348 2696 511 2751 sententiam
545 2696 662 2753 domnus
685 2697 859 2753 bernhardus
878 2699 906 2754 in
948 2697 1023 2753 dum.
1058 2697 1135 2764 Quod
1168 2697 1190 2751 si
1223 2697 1277 2766 jam
1307 2695 1408 2752 dudum
1438 2694 1538 2751 iactum
1564 2693 1671 2760 luisset,
1701 2693 1771 2750 certi

79 2779 239 2838 lleinricum
272 2785 328 2840 lieo
365 2784 397 2817 ¹¹⁵
431 2785 562 2843 odibilem
599 2802 719 2858 suosque
758 2789 907 2859 participes
948 2801 1053 2853 sumus,
1070 2785 1134 2856 quia
1151 2799 1214 2854 pars
1229 2785 1323 2854 iniqua
1338 2785 1408 2840 adeo
1420 2786 1476 2854 jam
1497 2783 1569 2840 vires
1592 2781 1769 2854 perdidisset,

80 2869 250 2938 protulerit,
280 2872 402 2944 quidque
432 2875 466 2931 de
494 2889 557 2947 rege
586 2874 706 2956 liudulfo
732 2883 822 2932 vestra
847 2879 907 2946 jus·
948 2881 978 2930 ut
997 2873 1304 2930 necvobisuccnobis
1327 2872 1444 2943 amplius
1468 2885 1569 2928 uocare
1597 2869 1767 2942 prevaleret.

79 2957 153 3016 sione
173 2963 314 3030 statuerit,
339 2962 467 3019 ildariam
487 2964 630 3031 babentes,
654 2965 678 3020 si
698 2965 751 3021 hoc
774 2964 808 3021 ad
829 2967 904 3021 uoti·
946 2965 985 3020 Ne
1001 2963 1112 3034 adiiciat
1131 2963 1202 3019 ultra
1222 2961 1354 3018 sanctitas
1377 2966 1467 3018 rastra
1490 2961 1525 3017 de
1544 2959 1628 3017 certis
1641 2960 1767 3032 ambigua

80 3047 139 3102 tiara
159 3055 279 3106 vestram
309 3052 476 3121 proveniret,
506 3066 614 3109 omnem
643 3067 751 3108 causam
781 3059 901 3110 nostram
947 3058 975 3108 et
990 3053 1126 3121 utrimque
1141 3051 1281 3124 vergentia
1294 3049 1325 3082 ³¹⁸
1340 3056 1471 3116 statuere,
1488 3063 1549 3120 quaa
1574 3063 1660 3120 usque
1683 3048 1766 3106 modo

82 3135 105 3190 in
120 3137 171 3194 boc
188 3140 342 3210 procedere
370 3148 398 3197 et
425 3143 592 3213 prosperari.
621 3143 673 3199 Sed
700 3149 764 3212 post
791 3127 994 3215 longamGnos
1013 3142 1051 3198 ita
1070 3140 1162 3198 iuvere
1185 3141 1243 3196 risa
1267 3144 1341 3206 sunt,
1366 3145 1502 3210 quatenus
1525 3139 1652 3196 inimicos
1674 3144 1765 3195 tamen

82 3228 298 3294 expectationem
331 3235 470 3298 nostram,
504 3230 614 3287 tandem
647 3245 758 3288 reverso
791 3234 901 3300 nurrtio,
942 3245 998 3288 non
1013 3237 1217 3302 exasperarent.
1244 3230 1297 3286 Sed
1321 3235 1427 3287 certum
1455 3235 1497 3286 est
1525 3229 1599 3300 qnod
1627 3227 1660 3261 '¹⁰
1689 3227 1764 3286 nulle

82 3314 158 3371 uicbil
178 3317 257 3374 aliud
286 3319 367 3376 nobis
395 3319 593 3377 consolationis
621 3320 737 3376 relatum
766 3326 818 3389 cst,
848 3321 901 3378 nisi
943 3321 1185 3378 modoecclesiam
1209 3320 1287 3377 vohis
1315 3319 1488 3377 commissam
1517 3318 1551 3376 de
1578 3333 1627 3375 sua
1656 3317 1765 3374 miseria

81 3405 147 3472 quod
175 3407 327 3477 diceretis,
356 3408 399 3466 luis
433 3425 495 3481 quaa
533 3409 720 3466 mandavimus
746 3425 795 3467 vos
821 3410 901 3468 iidem
944 3411 1071 3482 poteritis
1085 3411 1214 3475 liberare,
1236 3409 1288 3466 uisi
1313 3409 1486 3465 inimicorum
1511 3401 1585 3463 illius
1607 3405 1766 3462 inimicitias

81 3503 129 3550 non
144 3494 288 3553 babuisse.
305 3499 338 3554 lit
353 3512 447 3569 quare,
465 3498 605 3555 carissime
632 3498 753 3565 domiue,
779 3499 903 3555 incredi-
942 3500 1033 3558 velitis
1046 3500 1166 3556 tolerare
1189 3499 1231 3554 ⁸¹¹.
1248 3499 1385 3567 negamus
1408 3496 1490 3552 etiam
1513 3508 1565 3550 neo
1590 3495 1618 3550 in
1636 3492 1690 3549 boo
1714 3497 1767 3548 sta·

81 3579 222 3642 bilevobis
248 3587 336 3643 visum
360 3595 412 3654 est,
437 3589 511 3659 quod
534 3586 633 3644 iratres
656 3588 744 3644 nostri
767 3595 794 3644 et
817 3589 902 3658 coepi-
943 3595 1001 3645 tuta
1034 3587 1167 3644 canonica
1200 3586 1318 3642 deiicere
1352 3583 1503 3655 patiamini,
1537 3589 1672 3653 quatenus
1704 3594 1767 3636 cou-

79 3674 159 3744 scopi,
175 3675 289 3732 scilicet
307 3676 425 3733 domnus
440 3676 700 3748 wirtzeburgensis,
723 3677 900 3743 Pataviensis,
942 3692 1011 3749 pora
1042 3675 1074 3708 ⁸¹¹
1109 3675 1418 3740 excommunicatorum,
1440 3671 1488 3744 qui
1516 3671 1544 3727 in
1574 3668 1765 3741 persequendo

80 3763 159 3820 etalii
181 3765 233 3821 viri
262 3765 385 3838 religiosi
404 3766 482 3823 vobis
504 3766 533 3822 in
557 3765 671 3822 veritate
695 3766 901 3834 nuntiaverunt,
943 3765 1092 3822 Ecclesiam
1113 3764 1198 3820 occisi
1212 3771 1286 3830 suut,
1303 3761 1331 3818 iu
1346 3761 1425 3818 atriis
1450 3759 1628 3817 ecclesiarum
1654 3757 1765 3829 sepeliri

80 3852 201 3924 quodque
217 3869 251 3911 se
268 3853 369 3912 vidisse
394 3860 421 3912 ει
442 3855 553 3912 audisse
577 3854 668 3911 testati
693 3859 778 3910 sunit
800 3857 899 3922 Certe,
943 3854 1108 3925 permittatis
1128 3853 1179 3920 ω;
1205 3853 1252 3909 ubi
1267 3859 1357 3908 autem
1377 3848 1484 3921 sepulta
1512 3853 1586 3914 sunt,
1606 3848 1645 3904 ibi
1674 3847 1765 3904 rliviua

80 3941 192 4011 domiue,
209 3957 270 4001 non
286 3943 314 3999 in
336 3944 427 4000 verbis
442 3943 578 4000 mendacii
601 3943 764 4000 confidimus
777 3942 899 4013 liberari,
942 3945 1032 4003 oiiicia
1046 3943 1181 4000 celebrari
1197 3942 1376 4013 prohibeatis.
1393 3940 1468 3996 liniti
1498 3954 1531 3996 ex
1546 3938 1586 3995 eis
1600 3939 1628 3995 iu
1643 3940 1763 4010 Augusta

80 4031 121 4086 sed
136 4035 221 4106 magis
238 4033 380 4090 credimus
395 4032 459 4104 quia
473 4033 574 4089 veritas
589 4033 717 4090 liberabit
740 4046 801 4089 nos.
817 4035 899 4102 Deus,
942 4035 1051 4092 civitate
1070 4033 1171 4104 sepulti
1190 4037 1255 4089 suut
1269 4031 1333 4104 (44).
1350 4030 1478 4101 Ejusdem
1498 4027 1552 4086 loci
1574 4027 1764 4100 congregatio·

80 4117 120 4185 qui
134 4127 175 4176 cst
188 4121 306 4187 veritas,
321 4121 370 4193 qui
384 4121 461 4177 solus
475 4119 599 4178 laborem
619 4127 647 4178 ei
671 4121 794 4178 dolorem
811 4123 900 4178 consi·
942 4125 1023 4182 nibus
1037 4123 1143 4180 litteras
1157 4128 1262 4178 vestras
1281 4135 1331 4192 per
1349 4120 1537 4176 discurrentes
1556 4119 1718 4190 peregrinos
1731 4115 1763 4149 Μ’·

80 4205 158 4272 derat,
179 4223 236 4267 non
260 4209 382 4266 deseruit
396 4217 540 4281 sperantes
554 4211 581 4266 in
597 4225 638 4278 sc,
653 4210 702 4267 sed
716 4211 835 4267 visitavit
849 4225 900 4268 nos
940 4213 1008 4270 satis
1022 4213 1131 4269 mittere
1151 4211 1276 4283 potestis.
1293 4213 1367 4265 bens
1381 4215 1471 4264 autem
1488 4209 1663 4279 omnipotens
1676 4207 1705 4262 in
1720 4205 1763 4262 bis

78 4291 102 4347 in
124 4299 317 4357 misericordia
337 4307 364 4355 et
384 4301 616 4358 miserationibus.
641 4303 707 4357 Nam
734 4315 781 4358 reu
805 4311 900 4358 nester
940 4309 968 4359 et
986 4303 1015 4358 in
1044 4300 1172 4357 omnibus
1190 4301 1229 4355 ita
1257 4312 1306 4354 vos
1334 4297 1445 4368 dirigat,
1475 4302 1506 4351 ut
1532 4295 1604 4351 sicut
1632 4293 1762 4350 Ecclesiae

81 4383 204 4445 diodulius
221 4388 306 4446 tortis
331 4389 359 4445 in
386 4403 419 4446 eo
447 4389 496 4461 qui
518 4390 565 4447 dat
588 4389 703 4447 salutem
727 4391 847 4462 regibus,
864 4390 898 4447 de
940 4397 1042 4448 sanctae
1058 4403 1187 4461 praeesse,
1204 4388 1244 4444 sic
1259 4391 1286 4443 et
1301 4385 1433 4457 prodesse
1445 4383 1567 4438 valeatis.
1585 4403 1599 4434 u

80 4473 188 4534 inimicis
204 4479 316 4536 bomini
331 4484 460 4550 potenter
473 4479 651 4550 triumphavit
666 4479 735 4551 (4³),
752 4482 899 4538 ileinrieus
978 4479 1038 4534 lll.
1053 4480 1172 4535 Tertiam
1191 4490 1302 4547 quoque
1317 4473 1479 4530 direxerunt
1502 4468 1658 4540 epistolam,
1681 4483 1763 4540 quarn

79 4571 160 4623 auum
174 4569 263 4626 solito
280 4582 365 4635 more,
387 4583 448 4626 cum
471 4569 780 4639 suiscomplicibus⁵¹³‚
797 4577 898 4640 preter
936 4573 1079 4642 jusserunt
1106 4569 1135 4624 iu
1163 4567 1262 4623 sinodo
1289 4566 1410 4621 Romana
1439 4559 1560 4626 recitari,
1594 4559 1617 4615 ει
1646 4558 1764 4616 domnus

78 4659 192 4728 eosqui
221 4659 254 4716 in
268 4658 361 4730 gladio
388 4658 559 4724 ceciderunt,
586 4657 828 4730 iniugamversns
844 4666 895 4727 εει,
938 4657 1108 4731 ερεειοιιινε
1135 4656 1177 4713 νει
1202 4653 1364 4712 universalis
1391 4649 1521 4708 Ecclesiae
1548 4649 1703 4706 interventu
1728 4647 1762 4704 ad

79 4747 170 4803 comite
185 4748 235 4806 illo
253 4753 281 4804 et
295 4748 429 4819 participe
453 4749 531 4819 cnjus
550 4747 680 4805 malitiam
703 4762 752 4804 vos
770 4749 799 4804 in
822 4748 896 4805 bono
937 4749 1079 4821 dignitatis
1102 4746 1262 4819 apostolicae
1290 4744 1411 4816 rigorem
1440 4747 1468 4798 et
1495 4738 1672 4796 stabilitatem
1702 4751 1763 4808 pos-

78 4832 179 4893 tincere
199 4835 305 4896 irustra
328 4838 490 4909 temptastis,
515 4839 638 4909 liuperto
661 4837 693 4869 ³¹⁶
717 4838 824 4894 scillcet
848 4840 896 4894 ila·
938 4837 1164 4896 sit⁸¹⁵excitari:

79 4921 274 4999 bambergense,
289 4928 337 4999 qui
347 4928 450 5006 borum
468 4929 590 4986 omnium
609 4933 706 4985 auctor
720 4933 747 4984 et
770 4929 897 4987 incentor
976 4927 1036 4982 112.
1054 4945 1068 4980 ε
1083 4926 1285 4998 conquerimur
1303 4925 1386 4980 beato
1404 4922 1498 4988 Petro,
1518 4919 1633 4990 ejusque
1656 4917 1760 4974 vicario

752 5095 863 5152 VARIAE
891 5095 1073 5152 unctiones

107 5231 137 5265 ⁸¹²
156 5235 351 5295 difficiliterl.
389 5228 472 5293 'ino
491 5237 515 5290 1.
553 5231 585 5268 ⁵¹⁸
604 5237 634 5292 Β.
650 5252 686 5292 m.
701 5251 728 5292 n.
745 5236 798 5294 deo
816 5235 843 5301 1,-
877 5233 1137 5304 ⁸¹⁸slmplicibus2.
1174 5232 1207 5265 ἰι
1225 5232 1259 5287 ιι.
1286 5227 1310 5285 1.
1336 5229 1459 5285 boberto
1474 5227 1501 5282 2.
1548 5221 1580 5256 '¹'
1599 5220 1707 5304 dagicia
1733 5217 1757 5274 t.

77 5297 436 5447 &peameclamflgwffl
457 5306 482 5362 l.
518 5307 676 5364 l’‘ldecstl.
713 5307 745 5340 '¹²
761 5308 890 5367 tollerare
912 5307 936 5364 1.
983 5307 1015 5338 ⁵¹¹
1039 5319 1118 5376 corp.
1145 5302 1170 5362 l.
1216 5301 1249 5334 ⁸¹⁸
1279 5315 1334 5358 nou
1358 5315 1386 5371 p.
1411 5299 1439 5354 2.
1492 5291 1759 5406 ⁵”tperigr1nosb

862 5479 969 5536 norm.

107 5617 167 5690 (aa)
189 5623 222 5678 a.
243 5619 319 5689 ime,
335 5622 363 5679 ε.
379 5623 479 5694 reug.
495 5621 526 5676 ν.
543 5619 684 5678 memoret
698 5623 768 5678 mn.
937 5595 940 5604 ’
1004 5619 1065 5692 (aa)
1083 5617 1123 5676 m.
1140 5617 1214 5674 aaa.
1230 5615 1346 5686 numer.
1361 5627 1387 5670 a.
1407 5609 1485 5667 roas.
