4036 6162
135 281 186 337 893
653 290 807 348 HISTORIA
826 291 1100 349 mediolanense.
1120 319 1156 331 -
1175 289 1238 346 lto.
1258 289 1292 345 ll.
1758 285 1811 342 894

134 414 239 467 ceteras
256 410 372 467 uirtutes
394 409 475 484 longe
498 411 607 484 lateque
631 413 772 484 floruerat,
793 415 820 472 in
841 423 1048 486 recessuAtur,
1065 417 1208 472 humanam
1233 429 1265 470 ac
1288 411 1410 486 fragilem
1434 415 1558 467 naturam
1578 409 1669 467 sciens
1683 412 1811 484 restringi

133 501 205 556 beati
221 501 358 558 llerlherti
374 503 452 572 quasi
463 509 573 572 pastore
600 505 759 572 destitimus,
779 507 879 563 civium
898 521 954 564 ma·
994 519 1050 562 non
1070 518 1150 576 posse
1164 503 1218 560 nisi
1236 502 1284 559 bei
1299 500 1489 559 misericordia
1503 499 1623 570 adjutus,
1635 499 1767 556 continno
1784 500 1812 556 ln

134 591 223 647 lorum
237 590 343 647 meritis
360 596 414 647 tam
438 591 601 650 elericorum
618 607 698 666 qnam
713 595 846 652 laicorum
861 598 953 653 saevis·
994 593 1151 651 testimonio
1167 593 1303 648 bonorum
1326 591 1447 647 virorum
1470 589 1620 647 secundum
1652 586 1741 659 legem
1765 589 1813 643 hu·

133 679 210 736 simis
233 679 357 738 dissidiis
379 681 642 750 intervenientibus,
672 682 729 740 lere
757 685 790 742 ad
820 686 952 743 nichilum
996 697 1111 749 ιιιιιιι,
1136 681 1247 739 ιιιιιιιι
1273 695 1288 736 ι
1318 679 1446 751 pontillce
1471 679 1600 748 accepta,
1623 691 1694 733 uxor
1720 681 1811 732 tamen

134 770 263 826 redactus
276 784 337 826 esse
353 771 530 840 perspicitur,
547 772 574 827 in
591 779 695 829 tantum
711 779 738 830 et
753 773 780 828 in
800 779 854 830 tam
870 788 953 846 parvo
993 771 1071 844 uirgo
1082 771 1122 827 illi
1133 770 1364 841 desponsabatur;
1376 769 1449 825 unde
1460 767 1619 838 apostolus:
1633 766 1707 834 «Ωιι
1717 779 1746 822 se
1757 777 1812 820 non

133 865 258 930 tempore
276 859 313 914 ita
328 858 495 915 anichilatus
516 866 567 929 est,
583 865 623 928 nt,
640 862 663 917 si
688 862 747 933 ipse
762 871 873 920 sanctus
887 867 952 920 hm·
994 860 1128 928 continet,
1140 860 1226 915 nnbat
1236 859 1260 930 li
1268 857 1449 927 dormitet»
1461 855 1689 925 mnnnsqnisque
1699 859 1813 924 excepta

133 945 243 1004 hrosius
267 948 349 1005 modo
365 949 555 1019 superueniret
574 963 701 1020 corpore,
718 965 770 1007 nee
785 953 887 1008 clerum
904 966 954 1008 nec
994 963 1076 1007 causa
1099 947 1292 1005 fornicationis
1314 961 1390 1003 suam
1414 960 1527 1002 uxorem
1540 943 1677 1010 habehat;
1697 955 1751 1014 qua
1763 955 1812 997 ac·

133 1035 272 1091 civitatem
296 1036 382 1107 ipsam
408 1041 555 1093 testaretur
580 1037 650 1106 lore,
667 1040 695 1094 in
719 1053 772 1111 qna
787 1055 849 1097 curn
864 1041 954 1098 adhuc
995 1045 1074 1109 cepta
1094 1051 1149 1095 nen
1169 1038 1259 1093 minos
1282 1036 1463 1092 venerabatur
1486 1041 1514 1091 et
1528 1035 1678 1102 amabatur,
1695 1045 1775 1103 quam
1790 1027 1813 1084 si

132 1125 239 1182 viveret
262 1126 453 1196 episcopatum
478 1127 604 1184 rexisset.
629 1131 664 1184 nt
682 1142 743 1185 cum
763 1131 954 1187 reminiscere
995 1129 1055 1185 sine
1079 1141 1165 1185 uxore
1193 1128 1266 1183 idem
1286 1126 1409 1197 degerem
1430 1126 1559 1195 quoniam
1578 1125 1625 1196 qnl
1644 1124 1704 1178 sine
1729 1133 1814 1177 uxore

132 1219 236 1284 quanta
257 1214 445 1288 magnitudine
469 1216 633 1286 quantisque
664 1217 818 1274 honoribus
851 1219 955 1276 elerum
996 1217 1120 1274 vitamin
1135 1217 1291 1274 sacerdotio
1307 1229 1388 1287 agere
1404 1214 1577 1281 uidebantur,
1602 1211 1669 1270 viris
1692 1209 1815 1266 uxoratis

132 1301 223 1372 ipsum
251 1304 419 1375 negligentia
447 1305 489 1360 sui
516 1305 675 1373 cecidisse,
705 1321 720 1363 e
752 1308 853 1376 quibus
881 1308 954 1364 beati
996 1306 1104 1362 ordinis
1118 1305 1272 1376 utriusque,
1298 1318 1332 1361 ne
1355 1304 1464 1360 abillis
1488 1302 1633 1359 inhoneste
1660 1301 1813 1357 circumve·

131 1391 269 1449 Ambrosii
296 1393 411 1450 ecclesia
436 1392 604 1450 lucidissime
619 1409 651 1451 ac-
676 1395 722 1450 diu
748 1397 900 1466 perfloruit,
917 1397 955 1453 la·
996 1395 1131 1463 mirentur,
1144 1409 1254 1466 semper
1268 1395 1389 1465 suspecti
1405 1398 1493 1449 erant.
1517 1393 1586 1449 Usus
1601 1390 1673 1446 enim
1688 1386 1815 1445 eeclesiae

133 1481 236 1552 crymis
258 1482 340 1540 modo
365 1481 484 1553 perlusis
506 1482 581 1540 uelut
600 1483 672 1540 illius
690 1485 725 1541 de
748 1499 798 1542 sna
817 1491 903 1542 matre
928 1491 955 1544 et
996 1486 1081 1541 totius
1096 1493 1149 1542 lam
1174 1485 1278 1542 Latinae
1301 1498 1381 1555 quam
1405 1485 1507 1540 Graecae
1528 1497 1577 1552 per
1591 1487 1716 1550 tempora
1730 1477 1815 1533 multa

132 1577 242 1628 mortua
256 1572 415 1643 deplorans,
432 1576 511 1642 cujus
535 1573 637 1632 auxilio
661 1576 795 1646 cujusque
814 1584 955 1634 sustenta·
995 1574 1035 1630 sic
1050 1588 1079 1630 se
1096 1575 1232 1631 hahebat:
1245 1573 1385 1640 sacerdos,
1401 1573 1449 1642 qui
1472 1571 1555 1628 unius
1569 1569 1664 1627 uxoris
1676 1569 1718 1624 nir
1741 1567 1816 1622 inue-

132 1661 205 1718 culis
237 1663 392 1732 ceterisque
421 1663 599 1720 nutrimentis
631 1664 713 1720 alitus
744 1664 857 1734 lucrat,
887 1666 955 1723 mnl-
996 1662 1353 1720 nlebaturacsoandomui
1377 1676 1409 1718 ac
1430 1655 1776 1729 lamiliaeheneprolulsse
1800 1668 1826 1730 a¹

131 1752 224 1823 tisque
243 1751 371 1823 singultis
386 1758 483 1822 pectus
497 1753 746 1824 conquassantibus
769 1768 869 1823 meum,
891 1749 1126 1826 qnaeBlldelibus
1149 1758 1306 1822 compertus
1329 1749 1436 1816 luisset,
1456 1749 1490 1805 ad
1510 1747 1697 1819 episcopatum
1712 1755 1816 1800 summa

131 1841 202 1898 meis
216 1855 332 1898 euenere
353 1841 535 1912 temporibus,
565 1855 620 1898 non
650 1856 701 1913 per
719 1845 810 1900 omnia
829 1845 878 1901 scd
906 1860 957 1916 per
996 1857 1058 1898 cum
1074 1841 1220 1898 devotione
1244 1841 1338 1896 multis
1361 1839 1489 1896 bdelibus
1508 1835 1684 1894 laudantibus
1707 1846 1817 1904 promo·

130 1930 239 2002 aliquas
254 1931 403 2002 particulas
413 1932 543 2002 posteris,
559 1938 590 1989 ut
603 1947 633 1989 se
648 1947 664 1988 a
679 1933 780 1991 talibus
798 1935 955 1994 custodiant
995 1932 1119 1988 vehatur.
1148 1932 1318 2001 Quicumque
1342 1931 1414 1986 onim
1439 1943 1473 1985 ex
1501 1926 1577 1984 clero
1602 1921 1817 1983 concubinarius

133 2019 260 2089 eloquar.
996 2021 1197 2088 inveniebatur,
1218 2021 1415 2090 cujuscumque
1432 2017 1538 2075 ordinis
1556 2015 1638 2083 leret,
1666 2013 1738 2069 oltra
1761 2023 1817 2067 non

167 2107 213 2164 35.
243 2107 296 2164 Sed
320 2107 352 2140 “⁸
375 2107 535 2179 priusquam
558 2108 591 2141 “⁰
612 2124 643 2166 ea
671 2109 700 2166 in
729 2111 830 2182 quibos
848 2113 955 2169 animus
997 2112 1233 2182 promovebatur,
1261 2110 1419 2180 judicantes
1450 2107 1640 2179 gravissimum
1673 2107 1816 2174 peceatum
1879 2135 1884 2142 -

132 2197 253 2256 intendit
276 2197 376 2263 dicam,
393 2211 495 2267 paucas
518 2199 708 2256 ordinationes
730 2215 793 2271 qnae
808 2215 896 2272 usque
921 2202 955 2257 ad
997 2215 1068 2268 esse,
1085 2201 1119 2256 de
1150 2214 1205 2271 quo
1233 2198 1301 2255 dielt
1319 2197 1462 2266 apostolus
1478 2216 1484 2252 :
1501 2216 1515 2246 ι
1530 2196 1581 2262 Qui
1595 2193 1719 2250 adhaeret
1732 2203 1819 2246 mere·

132 2285 238 2342 exitum
262 2285 356 2342 domni
373 2286 512 2342 lleriberti
532 2287 601 2342 mire
616 2289 773 2345 constitutae
794 2289 906 2347 luerunt
924 2305 956 2346 ae
998 2291 1072 2357 trini,
1089 2303 1172 2346 unum
1200 2301 1302 2359 corpus
1325 2285 1443 2342 eldcltur
1473 2287 1497 2356 (l
1514 2285 1576 2341 cor.
1596 2298 1635 2350 rr,
1658 2279 1711 2346 le).
1734 2299 1746 2328 ι
1767 2277 1817 2346 Qui

133 2374 224 2432 nitide
240 2380 450 2444 permanserunt
464 2374 586 2444 edicam;
597 2375 646 2432 sed
656 2377 790 2448 numquid
805 2379 956 2436 secundum
999 2385 1089 2436 autem
1108 2392 1160 2435 nec
1175 2383 1255 2434 etate
1270 2390 1322 2432 nec
1336 2374 1452 2432 scientia
1467 2386 1518 2430 nec
1533 2371 1614 2429 bonis
1624 2368 1747 2426 moribus
1762 2365 1817 2438 pel·

134 2461 211 2532 quod
228 2475 284 2531 prae
299 2463 400 2518 ceteris
423 2463 547 2520 eminens
561 2465 679 2532 ualebat,
695 2467 815 2536 posteris
829 2467 957 2523 tidelibus
999 2467 1102 2534 lebant,
1118 2473 1149 2522 nt
1163 2465 1287 2522 studiose
1303 2479 1318 2520 a
1333 2463 1471 2536 magistris
1487 2475 1548 2533 quae
1567 2457 1724 2517 necessaria
1739 2461 1819 2513 erant

133 2549 274 2606 narrando
298 2564 331 2605 ae
358 2551 506 2608 scribendo
528 2552 641 2623 quivero
662 2553 834 2610 ostenderet
848 2555 957 2612 llinime
999 2556 1150 2624 discerent,
1167 2555 1284 2626 benigne
1299 2552 1526 2619 adhortabantur,
1544 2557 1680 2621 quatenus
1703 2547 1736 2604 ad
1764 2545 1819 2602 hoc

134 2643 223 2706 certe,
240 2651 302 2695 narn
325 2643 357 2695 ut
380 2639 471 2696 omnia
486 2653 542 2698 non
565 2643 700 2711 omittam,
720 2645 754 2700 ab
778 2644 957 2701 ecclesiarum
999 2642 1119 2700 cilicium
1135 2643 1324 2714 recipiendum
1347 2640 1513 2712 quandoque
1538 2642 1593 2696 lleo
1612 2637 1721 2696 uolente
1740 2636 1818 2692 ueni·

134 2727 292 2785 rectoribus
315 2742 348 2784 ae
371 2729 520 2800 magistris,
540 2731 590 2801 qni
613 2731 690 2802 ipsos
718 2737 746 2788 et
770 2733 903 2804 populum
929 2734 958 2789 in
1000 2739 1072 2800 rent,
1093 2733 1246 2804 meliusque
1261 2730 1400 2788 informati
1414 2733 1591 2800 apparerent.
1607 2730 1638 2784 ln
1653 2727 1739 2783 choro
1753 2737 1819 2780 nero

134 2815 285 2874 dilectione
307 2817 355 2872 liei
380 2824 407 2874 et
431 2818 548 2888 proximi
572 2825 710 2888 rexerant,
736 2828 764 2878 et
787 2822 906 2892 qualiter
929 2823 957 2878 in
999 2821 1214 2879 archidiaconus
1228 2825 1256 2876 et
1269 2817 1503 2890 archipresbyter,
1520 2829 1591 2872 nnus
1614 2815 1649 2870 ab
1673 2826 1726 2869 una
1741 2809 1820 2868 chori

134 2903 230 2962 diuino
245 2901 339 2961 efficio
353 2906 478 2962 studiose
493 2906 712 2975 insistebant,·et
726 2907 853 2967 subditos
865 2916 895 2967 ιι
910 2925 958 2966 cu·
1000 2915 1078 2981 parte
1092 2909 1162 2966 alter
1186 2910 1220 2966 ab
1235 2910 1331 2976 altera,
1352 2907 1466 2964 chorum
1490 2905 1579 2976 ipsum
1603 2909 1731 2978 regentes
1753 2900 1819 2957 reli-

133 2991 242 3050 rialiter
261 2991 383 3050 cultibus
405 2994 507 3051 diuinis
530 2995 575 3051 die
590 3009 621 3052 ac
637 3002 718 3054 nocte
734 3010 845 3068 operam
861 2998 959 3056 darent
999 2999 1133 3070 glossat
1157 2999 1287 3069 psalmos,
1311 3009 1418 3068 ymnos,
1444 3000 1542 3052 cantus
1565 2997 1711 3063 ceteraque
1735 2989 1820 3046 divini

133 3081 320 3140 admonebant
343 3087 371 3139 et
394 3083 622 3152 adhortabantur,
645 3085 816 3142 enucleatius
835 3069 1089 3156 panderefleultns
1108 3086 1198 3145 olloia
1215 3089 1328 3145 ordines
1342 3085 1427 3143 ceteri
1444 3085 1604 3156 psallerent,
1620 3082 1761 3140 curialiter
1775 3079 1820 3136 die

133 3178 162 3228 ct
175 3171 288 3241 aperire
303 3170 417 3228 curabo.
433 3172 520 3244 lgilur
533 3171 659 3230 ecclesiae
674 3173 762 3230 heatae
777 3173 879 3240 llarlae,
896 3189 958 3246 quae
999 3193 1031 3235 ac
1054 3183 1137 3234 nocte
1160 3177 1335 3234 insistebant.
1359 3177 1394 3230 nt
1417 3173 1440 3230 si
1465 3186 1561 3231 eorum
1585 3187 1656 3229 nnus
1674 3170 1820 3228 inhoneste

133 3261 218 3331 hujus
232 3259 486 3331 archiepiscopatus
499 3262 650 3319 secundum
666 3262 774 3319 bomini
789 3268 872 3333 caput
886 3264 958 3320 exti-
999 3273 1045 3324 aut
1062 3273 1196 3334 cantaret,
1212 3274 1259 3322 ιιι
1275 3267 1389 3336 legeret,
1405 3269 1452 3318 aut
1471 3268 1567 3327 staret,
1583 3267 1630 3317 aut
1649 3257 1820 3316 mussitando

133 3349 167 3405 ιιι
180 3353 211 3405 et
225 3349 282 3407 lieo
306 3356 444 3406 annuente
468 3363 578 3421 semper
593 3351 702 3418 existet,
731 3366 793 3421 quae
822 3353 960 3423 hyemalis
1000 3357 1028 3412 in
1044 3356 1130 3412 choro
1149 3355 1311 3410 alterutrum
1335 3355 1518 3410 verbosaret:
1536 3353 1583 3404 aut
1602 3361 1664 3404 sese
1688 3345 1820 3403 continno

134 3452 224 3510 usqne
239 3438 323 3496 hodie
347 3443 471 3508 uocatur,
495 3445 525 3495 ut
549 3440 646 3497 beatus
669 3441 830 3498 dmbrosins
844 3441 959 3498 ordina·
1000 3458 1016 3501 a
1041 3443 1108 3500 nitio
1138 3443 1166 3498 in
1190 3455 1246 3511 quo
1274 3441 1407 3510 peccabat
1434 3436 1609 3503 emendabat,
1628 3441 1676 3492 ιιι
1700 3439 1821 3492 extracta

133 3534 222 3596 verat,
238 3527 480 3599 archiepiscopatu
489 3527 520 3560 “⁷¹
544 3529 599 3584 ulta
614 3536 642 3585 et
661 3529 772 3586 nominc
786 3531 960 3586 venerandus
1000 3529 1119 3588 interula
1143 3530 1172 3585 in
1194 3529 1344 3586 secretario
1368 3528 1452 3600 virgis
1470 3528 1505 3583 ab
1520 3523 1717 3581 archidiacono
1739 3522 1822 3580 vellet

135 3617 278 3673 wibertus
292 3624 420 3688 preerat,
437 3617 484 3688 qui
500 3621 582 3674 cantu
597 3632 629 3674 ac
648 3618 766 3674 scientia
781 3619 959 3675 hmbrosiana
1002 3619 1088 3676 nollet
1116 3618 1314 3675 emendabatur
1335 3616 1378 3674 δ”.
1399 3617 1460 3674 Non
1483 3619 1542 3671 erat
1570 3613 1642 3669 enirn
1666 3613 1749 3668 homo
1773 3613 1821 3683 qui

134 3703 262 3762 funditus
276 3705 385 3775 doetus,
402 3719 512 3763 necnon
527 3706 681 3763 divinarum
705 3707 846 3764 literarum
862 3707 960 3778 peritia
1001 3709 1091 3779 ipsum
1106 3707 1140 3764 de
1157 3708 1217 3778 ejus
1230 3707 1357 3764 manibus
1371 3707 1479 3777 eripere
1494 3702 1618 3771 auderet,
1637 3701 1761 3774 quamvis
1775 3701 1821 3758 ille

135 3793 282 3864 praeditus,
297 3793 413 3853 cottidie
438 3793 555 3852 ferulam
569 3795 697 3866 superius
711 3800 739 3852 et
753 3794 867 3852 interius
883 3796 960 3853 corio
1001 3797 1049 3869 qui
1068 3797 1234 3868 scopabatur
1251 3803 1299 3852 aut
1313 3796 1347 3853 dc
1371 3794 1578 3852 marchionibus
1600 3799 1647 3849 aut
1660 3792 1696 3848 de
1716 3789 1824 3848 comiti·

135 3889 262 3940 ornatam
284 3898 366 3940 mann
391 3884 503 3955 propria
527 3889 635 3952 tenens,
653 3898 748 3942 ornnes
762 3885 960 3958 curauigilan·
1002 3887 1054 3943 bus
1068 3893 1114 3944 aut
1133 3886 1168 3942 de
1196 3885 1347 3957 capitaneis
1370 3891 1451 3941 natus
1473 3883 1579 3958 inisset.
1609 3883 1704 3952 ltaque
1732 3878 1822 3937 oldcla

134 3973 243 4029 tissima
257 3973 441 4031 custodiebat.
458 3975 544 4041 Quem
563 3972 677 4030 ordines
696 3987 792 4030 omnes
806 3979 861 4030 tam
876 3976 961 4044 majo·
1002 3975 1189 4033 ecclesiastica
1209 3976 1236 4031 in
1252 3975 1380 4033 omnibns
1395 3975 1494 4030 timore
1509 3987 1540 4029 ac
1555 3971 1708 4029 reverentia
1723 3971 1821 4027 horum

136 4076 179 4118 res
193 4075 278 4133 qnam
293 4061 415 4119 minores
431 4061 525 4118 clerici
545 4075 578 4118 ex
593 4061 687 4119 debito
703 4069 732 4119 ιι
747 4070 851 4132 patrem
865 4063 961 4120 timen·
1002 4066 1131 4138 religiose
1154 4080 1186 4121 ac
1214 4065 1356 4122 curialiter
1383 4065 1428 4121 die
1443 4079 1476 4121 ac
1501 4069 1583 4121 nocte
1599 4061 1820 4120 celebrabantur.
1833 4051 1836 4058 '

136 4157 177 4207 tes
200 4157 232 4208 et
256 4157 287 4207 ιι
315 4149 426 4207 tratrem
451 4157 575 4207 amantes
602 4152 814 4209 venerabantur.
840 4153 960 4209 cottidie
1001 4154 1183 4212 Nullusenim
1203 4154 1263 4211 sine
1282 4154 1399 4211 candida
1423 4159 1487 4226 toga
1510 4153 1625 4210 chorum
1649 4153 1752 4209 intrare
1776 4164 1823 4206 au·

136 4239 210 4296 eninr
227 4239 340 4312 regebat
363 4246 391 4295 et
414 4239 578 4296 emendabat
603 4238 694 4296 olilcia
708 4239 905 4308 ecelesiastica,
922 4246 959 4309 et,
1002 4243 1094 4310 debat,
1120 4243 1213 4299 nullus
1227 4243 1287 4300 sine
1303 4243 1413 4313 caputio
1429 4242 1497 4297 birri
1512 4240 1703 4311 capiteuelato
1718 4239 1822 4294 intrare

138 4328 160 4384 si
174 4343 248 4400 opus
261 4333 331 4396 erat,
347 4341 496 4400 puerorum
519 4327 643 4385 ordinem
663 4335 710 4385 ιιι
724 4343 775 4399 per
797 4344 827 4386 se
842 4337 888 4386 aut
911 4344 961 4399 per
1003 4332 1118 4389 chorum
1133 4332 1261 4398 audehat,
1281 4331 1374 4388 nullus
1397 4331 1495 4386 horum
1521 4329 1667 4384 inhoneste
1694 4325 1823 4398 gradiens

139 4419 285 4490 magistros
308 4417 383 4475 viros
406 4417 584 4488 corripiebat.
608 4419 734 4473 intentos
751 4418 867 4476 maxime
887 4389 1106 4476 cireaDintrare
1129 4421 1257 4487 audebat,
1288 4420 1379 4478 nullus
1411 4417 1567 4475 balbutiens
1590 4417 1683 4488 lingua
1710 4415 1745 4471 dc
1773 4414 1822 4470 ali·

138 4507 215 4577 ipsos
239 4520 310 4576 ques
337 4506 371 4562 ad
393 4519 488 4562 sacros
511 4505 624 4562 ordines
653 4506 813 4575 recipiebat,
841 4513 895 4564 tam
926 4507 960 4563 de
1002 4523 1057 4580 quo
1083 4507 1174 4566 oillcio
1200 4523 1260 4566 sese
1288 4507 1497 4576 intromittebat,
1519 4505 1612 4562 nullus
1631 4504 1749 4561 clericus
1780 4503 1823 4560 in·

139 4595 254 4652 urbanis
268 4609 349 4666 qnam
365 4595 399 4652 de
414 4594 551 4665 plebibus,
576 4594 706 4664 adjuncto
735 4597 839 4650 tantum
863 4594 960 4665 primi·
1003 4597 1142 4655 dumentis
1164 4597 1281 4655 diversis
1306 4599 1485 4665 vestiebatur,
1506 4595 1599 4652 nullos
1621 4593 1746 4651 laicalem
1768 4592 1821 4648 ha·

140 4685 216 4742 cerlo
230 4683 356 4741 studiose
374 4683 498 4754 singulos
517 4683 718 4750 siscitantes,si
733 4689 825 4750 cantu,
842 4682 961 4741 lectione
1003 4687 1089 4743 bitum
1118 4692 1165 4744 aut
1189 4687 1217 4744 in
1244 4688 1321 4744 birro
1346 4695 1392 4744 aut
1424 4688 1453 4743 in
1480 4686 1604 4743 uestibus
1631 4690 1678 4741 aut
1706 4683 1734 4738 in
1762 4680 1821 4738 cal·

140 4787 171 4828 ac
185 4773 248 4829 aliis
263 4772 345 4829 honis
366 4772 491 4829 moribus
505 4771 595 4829 ornati
609 4769 735 4838 luissent,
755 4784 865 4829 necnon
879 4773 902 4828 si
918 4786 962 4828 es·
1002 4776 1152 4833 neameniis
1167 4790 1275 4833 sumere
1294 4777 1422 4833 audebat.
1442 4775 1512 4844 Quid
1536 4773 1642 4831 multat
1660 4775 1760 4830 ornnes
1783 4771 1821 4827 lta

141 4866 202 4918 sent
220 4862 280 4918 sine
295 4861 420 4927 crimine,
436 4861 458 4916 si
481 4861 564 4917 unius
578 4859 747 4926 uxorisvlrl,
768 4865 815 4916 aut
829 4861 960 4933 virgines,
1001 4864 1129 4920 virebant
1159 4866 1187 4920 in
1216 4864 1344 4922 domibus
1376 4865 1517 4936 propriis,
1550 4861 1628 4935 quasl
1656 4861 1684 4918 in
1713 4858 1821 4928 alienis,

142 4955 187 5006 ιιι
211 4951 235 5008 sl
263 4949 292 5006 in
315 4949 473 5022 virginitate
492 4963 654 5021 permanere
680 4955 803 5020 possent,
829 4955 876 5007 ant
899 4965 960 5009 cnm
1003 4952 1076 5011 circa
1110 4952 1201 5010 dlvlna
1223 4952 1313 5010 cilicia
1345 4953 1468 5022 solllcitl,
1498 4952 1572 5010 circa
1600 4965 1666 5008 usus
1696 4949 1823 5005 ecclesiae

142 5051 225 5096 uxore
249 5038 349 5110 degere
372 5038 505 5094 ualerent.
520 5039 548 5095 sl
572 5042 662 5095 autem
677 5038 706 5094 in
724 5038 881 5110 virginitate
897 5055 963 5097 nno
1003 5049 1031 5100 et
1072 5056 1186 5100 suorum
1219 5043 1430 5101 accuratissimi.
1468 5045 1499 5100 ln
1540 5045 1645 5098 tanturn
1684 5052 1758 5095 enim
1794 5038 1822 5093 in

142 5141 198 5184 rem
217 5127 318 5200 aliquis
331 5141 387 5185 non
403 5127 508 5183 habens
522 5139 685 5198 permanere
700 5140 755 5185 non
771 5140 853 5200 posse
864 5127 963 5186 latere·
1004 5131 1125 5189 clericali
1143 5131 1239 5190 habitu
1257 5134 1339 5205 longa
1353 5131 1448 5190 saeculi
1462 5135 1597 5189 uetustate
1616 5143 1649 5186 ac
1663 5127 1822 5194 usitatione,

815 5279 927 5335 vllilAE
954 5280 1147 5338 LECTIONES.

179 5395 211 5428 ‘⁶'
228 5395 346 5454 Τιίιιιιε
366 5399 404 5455 lle
423 5397 654 5455 ordinationibus.
705 5400 738 5432 ⁸⁷⁰
752 5403 785 5458 ht
799 5410 944 5474 postquam
960 5405 990 5460 B.
1041 5403 1071 5436 ‘⁷'
1087 5405 1115 5460 in
1134 5404 1214 5462 codd.
1240 5405 1287 5460 aed
1308 5403 1371 5461 bene
1394 5409 1422 5460 la
1444 5409 1475 5462 ι.
1502 5404 1599 5460 hirtaco
1619 5407 1683 5460 lette
1696 5401 1824 5458 recentior

146 5469 636 5597 gttgdtvfgiffflffhldltcofflluit
653 5485 676 5526 v·
693 5471 763 5543 lutra
778 5474 890 5540 111‚2l.
928 5473 960 5508 ι’·
970 5475 1133 5546 peccabant,
1149 5475 1366 5534 emendabantur
1388 5477 1435 5534 ll*.
1460 5475 1505 5532 nii
1523 5491 1576 5534 eno.
1598 5491 1622 5532 a.
1644 5489 1669 5532 e.
1687 5473 1705 5530 l.
1722 5475 1741 5531 i.
1757 5487 1780 5530 s.
1798 5487 1823 5534 ι,
