4160 6196
217 267 264 323 lai
783 269 931 329 tutunus
948 267 1156 329 nhcdlbl’lsc.
1176 218 1350 336 abnouae,
1845 273 1896 330 lat

211 395 261 450 rim
271 390 402 448 sacerdos
416 395 636 462 utaturoorpore
660 395 778 462 bomini,
801 395 897 452 dicens
913 415 919 450 ε
934 393 1248 468 Cnpusllarchiepisco
1269 407 1302 450 us
1333 406 1395 450 cum
1427 392 1468 448 els
1495 389 1633 462 loquatur,
1667 398 1696 451 et
1733 394 1898 458 claudantur

209 464 315 522 Domini
324 464 418 529 nostm,
430 469 484 520 eto.
495 464 562 521 ltem
577 466 688 535 quando
703 467 803 536 accipit
817 465 930 522 calicem
943 466 1030 524 dicat:
1076 463 1125 532 ul,
1141 407 1348 535 claudatflores
1363 461 1498 522 ecclesie.
1519 463 1577 530 Quo
1600 463 1688 532 linito,
1711 466 1808 526 redeat
1827 484 1895 540 pro-

209 555 309 625 Oorpus
333 559 357 611 et
384 555 491 624 sompnis
513 555 627 621 Domini,
653 561 719 622 etc,
748 546 818 616 193
843 554 1030 624 m0p05011103
1073 537 1162 620 cessio
1188 537 1223 593 ad
1251 536 1346 620 altare·
1365 536 1469 620 destrae
1498 533 1588 590 erucis
1612 535 1641 590 in
1670 538 1775 620 capella
1806 545 1895 600 saneti

209 631 237 682 et
251 626 487 683 communicentur
501 626 549 695 qui
564 625 709 693 noluerint,
734 627 806 681 sicut
819 625 948 682 hesterna
974 626 1029 695 die,
1071 607 1200 681 Simul&
1211 616 1323 665 0³⁰101'0
1333 614 1489 691 inminente
1504 606 1557 689 m
1572 619 1777 692 ¹⁸⁶⁸P⁰⁰.S⁰.f¹¹¹ffl
1795 631 1801 667 ²
1825 615 1895 671 [3⁶⁶⁶

208 705 236 756 et
246 702 401 754 reservetur
410 696 445 753 de
460 710 493 753 co
528 709 577 753 ore
591 697 691 753 Christi
701 698 808 753 Domini
831 697 867 752 ad
890 698 1027 754 uiaticum.
1069 679 1166 736 Mill·
1186 682 1202 744 i
1226 679 1363 738 ominium
1391 677 1456 751 (40)·
1488 678 1586 744 Vides&
1616 683 1643 734 θῑ
1670 681 1708 735 ¹b¹
1735 695 1798 738 ⁰⁰⁰1
1824 699 1893 755 pro·

206 771 305 826 Postea
319 768 507 825 dominusare
528 767 694 838 iepiscopus‚
710 768 753 824 uel
767 768 907 835 sacerdos,
931 774 1029 826 tenens
1069 769 1212 835 stratisue,
1241 783 1339 840 preces
1367 767 1494 825 dicantur
1529 758 1596 828 195
1612 780 1674 824 cum
1688 770 1819 828 Miserere
1843 775 1892 830 mei

205 842 319 896 calicem
343 839 516 895 inmanibus
538 840 593 894 inci
615 839 705 895 iatad
735 841 868 910 vesperas
895 839 1027 897 mediocri
1068 839 1147 906 Duos,
1173 839 1396 896 morationibus
1425 839 1462 896 lbi
1491 839 1704 908 pertinentibus.
1729 843 1788 910 Quo
1803 844 1892 913 linito,

204 925 272 968 voee
287 909 409 976 Calieenu,
426 915 491 977 etc„
508 910 579 966 sieut
593 854 653 968 fieri
668 915 792 967 nominum
815 917 867 979 est,
883 917 911 968 et
925 912 1027 969 chorus
1067 909 1122 966 duo
1146 911 1180 967 de
1208 911 1329 968 secunda
1356 911 1422 967 scde
1446 909 1567 966 litaniam
1592 910 1736 981 incipiant,
1756 929 1839 985 quam
1864 918 1893 972 in

203 982 324 1038 suaviter
334 980 408 1038 dieat
422 982 565 1052 vesperas,
582 982 704 1038 ettlnitis
714 983 836 1053 quinque
860 983 971 1053 psalmis
999 991 1027 1041 et
1067 981 1153 1038 choro
1168 997 1230 1038 cum
1249 983 1427 1053 processione
1451 980 1556 1038 liniant.
1586 983 1645 1038 lloc
1673 984 1793 1056 expleto,
1823 989 1893 1045 inci-

203 1053 365 1124 antlpbona,
399 1051 526 1109 dominus
554 1054 790 1124 archiepiscopus,
818 1053 860 1110 uel
884 1055 1024 1123 sacerdos,
1065 1052 1158 1122 piatur
1172 1055 1264 1122 missa,
1281 1061 1308 1110 ct
1323 1054 1479 1110 celebretur
1493 1064 1569 1110 more
1584 1050 1683 1111 leriali.

204 1125 319 1196 incipiat
342 1123 518 1194 antiphonam
546 1125 610 1181 Cum
633 1126 774 1198 emepisset
805 1130 914 1182 nestum
952 1127 1023 1183 Psal.
1211 1140 1467 1199 {inconcinnum
1485 1142 1741 1201 POENlTbNTllltl.

203 1197 367 1268 mcpmpeat.
395 1197 453 1252 lluc
477 1194 565 1262 linito,
581 1196 710 1253 dominus
723 1196 957 1268 archiepiscopus,
981 1198 1023 1255 uel
1241 1247 1321 1288 ,Em
1341 1246 1441 1296 pulum
1460 1247 1487 1287 m
1507 1246 1592 1287 mm
1610 1246 1718 1291 nomm·

202 1268 342 1334 sacerdos,
353 1267 446 1322 abluat
459 1279 556 1323 manus
568 1281 641 1335 suas,
667 1276 695 1325 et
718 1267 850 1324 mediocri
875 1281 942 1325 voce
964 1269 1024 1326 sine
1583 1321 1588 1332 .

202 1339 327 1395 Dominus
341 1337 482 1405 reducum
511 1343 604 1394 santet
627 1339 745 1406 Oramus,
770 1340 868 1410 llefeeli
890 1339 1023 1408 uitalibus,
1308 1323 1363 1388 (Ex
1378 1321 1468 1376 8θάθή
1486 1335 1534 1376 ¹¹¹⁸·
1554 1321 1653 1392 Btpol.)

202 1416 230 1466 ct
242 1411 295 1466 Per
309 1410 396 1466 omnio
409 1407 507 1464 saeculo
520 1407 672 1466 samiorum
700 1410 785 1477 dicto,
816 1411 844 1466 in
872 1409 926 1468 ine
940 1412 1023 1468 Amen
1064 1429 1067 1436 ·
1099 1409 1187 1466 Finita
1215 1411 1303 1478 Nona,
1332 1409 1461 1467 dominus
1488 1409 1725 1481 archiepiscopus,
1755 1412 1798 1470 vel
1828 1417 1889 1486 ejus

202 1485 307 1537 tantum
324 1480 525 1551 respondeatur
539 1487 566 1536 et
580 1481 621 1537 sic
635 1481 669 1537 ad
684 1481 862 1538 relectionem
891 1484 969 1552 panis
996 1489 1025 1540 et
1063 1481 1182 1537 vicarius
1203 1481 1317 1538 indutus
1338 1481 1400 1538 alba
1425 1487 1452 1537 et
1466 1480 1537 1538 stola
1551 1495 1612 1537 cum
1628 1496 1715 1552 cappa
1734 1485 1830 1556 rubea,
1846 1487 1889 1546 uel

202 1566 280 1623 aquae
296 1557 420 1623 pergant.
437 1553 502 1608 Post
516 1551 660 1622 prandium
671 1553 792 1624 erigatur
802 1553 928 1610 columna
938 1555 1022 1622 cerei,
1063 1552 1193 1608 sacerdos
1207 1552 1266 1610 sine
1282 1567 1369 1623 cappa
1384 1567 1445 1609 cum
1460 1553 1577 1609 diacono
1592 1559 1620 1610 et
1643 1554 1813 1614 subdiacono
1841 1558 1889 1615 in-

201 1638 256 1694 quo
271 1625 359 1691 linito,
375 1623 589 1694 completorium
604 1638 664 1680 cum
680 1625 791 1682 silentio
802 1625 920 1681 dicatur.
1062 1623 1139 1680 dutis
1152 1624 1223 1680 albis
1238 1630 1266 1680 et
1280 1624 1361 1692 stola,
1375 1637 1437 1680 cum
1452 1629 1575 1691 cantore,
1606 1628 1784 1695 processione
1813 1629 1887 1687 ordi·

314 1713 477 1770 EXPULSpo
495 1713 636 1771 PUBLIOE
655 1714 910 1770 POENITENTIUM.
1032 1702 1136 1791 Bitala,
1149 1701 1244 1766 pergat
1258 1697 1293 1754 ad
1308 1695 1495 1752 occidentales
1509 1701 1603 1766 portas
1628 1695 1754 1756 ecclesiae
1782 1699 1816 1756 ad
1844 1715 1888 1758 re·

360 1818 440 1858 m
458 1818 565 1866 omn
584 1819 611 1859 m
631 1817 725 1860 mm
743 1819 855 1860 mmm·
1064 1767 1253 1850 conciliandos
1281 1766 1457 1851 penitentes.
1484 1767 1518 1850 lit
1545 1765 1663 1852 domino·
1676 1769 1887 1856 archiepiscopo

444 1891 503 1964 (a,
516 1892 606 1949 a„
683 1891 782 1965 eut
869 1903 872 1908 ·
1062 1838 1887 1982 {illinitiababtibuslillillhullbl

234 1981 275 2040 nd
303 1983 407 2039 Nonam
435 1981 561 2053 hymnus,
591 1982 752 2052 antiphona,
781 1979 941 2052 capitulum,
975 1995 1022 2039 re·
1063 1980 1115 2048 nls,
1132 1980 1192 2037 haec
1207 1981 1290 2038 lectio
1307 1982 1408 2038 :Adest
1423 1985 1531 2052 tempus,
1548 1995 1562 2036 o
1577 1981 1734 2040 oenmubilis
1752 1987 1884 2056 pontifex.

199 2054 385 2125 sponsorum,
413 2067 509 2110 versus
536 2053 570 2109 de
598 2054 670 2109 serie
688 2053 902 2124 psalmorum...
917 2052 1021 2111 Dehinc
1062 2052 1150 2107 Finita
1165 2052 1294 2120 lectione,
1311 2053 1439 2109 dominus
1452 2052 1688 2123 archiepiscopus,
1702 2055 1744 2111 uel
1757 2058 1817 2126 ejus
1840 2059 1884 2114 vi-

218 2131 278 2183 aret
292 2141 322 2182 se
335 2126 571 2196 archiepiscopus,
599 2125 642 2181 vel
670 2124 717 2180 ille
744 2124 791 2195 qui
814 2125 843 2181 in
871 2123 933 2180 loco
962 2127 1022 2196 ejus
1062 2124 1162 2187 carius,
1179 2138 1207 2180 se
1223 2126 1310 2196 erigat
1334 2128 1362 2179 et
1385 2128 1477 2180 cantet
1502 2123 1679 2193 antiphonam
1707 2127 1804 2194 Venite,
1831 2133 1886 2199 ter,

198 2141 282 2255 Fuerit
293 2197 327 2254 ad
342 2197 543 2254 ahsolutionem
570 2195 723 2252 taciendam
750 2209 812 2252 eum
836 2203 963 2264 cantore;
994 2203 1021 2252 et
1062 2202 1089 2250 et
1103 2193 1188 2251 liniat.
1204 2195 1306 2252 Cantor
1329 2195 1443 2266 incipiat
1462 2195 1593 2265 psalmum
1616 2197 1773 2254 Benedicent
1793 2201 1888 2256 Dorot-

197 2287 331 2345 diaconus
345 2293 372 2344 et
385 2287 572 2345 subdiaconus
585 2286 641 2342 sint
650 2286 772 2343 revestiti
793 2276 863 2347 lan
885 2285 912 2340 ln
938 2283 1018 2352 albis,
1061 2280 1132 2332 'mm’
1149 2274 1177 2322 θῑ
1192 2266 1299 2350 ‘filimi
1313 2271 1388 2323 ¹0²¹¹⁵
1409 2267 1539 2338 psalmus,
1564 2267 1588 2322 ⁸1
1609 2281 1722 2351 ”edesse
1734 2268 1827 2338 luerit,
1840 2342 1846 2354 ,
1858 2277 1886 2330 ei

196 2365 224 2416 et
239 2368 302 2416 eant
318 2358 376 2431 [al.,
392 2358 477 2429 eatur]
493 2366 557 2415 ante
582 2358 752 2426 crucifixum,
768 2356 846 2414 etibl
860 2354 942 2413 iaciat
967 2358 1021 2412 lto-
1060 2336 1094 2392 ³1¹
1124 2339 1274 2408 quemlibet
1303 2352 1412 2396 lelium
1439 2343 1581 2409 repetatur
1606 2339 1756 2410 antiphona
1784 2343 1882 2410 Velm,

197 2431 287 2488 minus
309 2431 535 2502 archiepiscopus
560 2443 715 2486 sermonem
739 2429 773 2484 ad
797 2427 938 2498 populum,
963 2441 1019 2497 quo
1065 2409 1162 2492 lenite,
1180 2415 1207 2467 θῑ
1220 2409 1331 2494 ῘΠῑθΓῙΠῙ
1345 2408 1476 2492 Βθῑῐῖῑΰῦδ
1490 2409 1724 2494 archiepiscopus,
1738 2412 1797 2496 ,Vll
1825 2415 1884 2484 elus

195 2501 284 2569 finito,
300 2503 465 2558 omnessint
479 2501 620 2572 prostrati.
649 2502 751 2556 Cantor
778 2498 893 2568 incipiat
914 2505 1018 2568 septem
1058 2493 1186 2548 V¹⁰³l¹¹152
1212 2487 1381 2566 1³⁰³ssstssin
1404 2493 1433 2566 Ψ
1462 2481 1604 2538 0⁰⁰¹0S¹³ffl
1633 2487 1797 2558 ¹¹¹ll⁰ffl¹¹l³¹
1822 2499 1883 2542 fflffl

197 2574 317 2643 psalmos
342 2572 546 2643 poenpempapes
573 2571 692 2640 pompm,
716 2585 749 2626 ,w
775 2570 802 2626 p„
829 2571 928 2640 furore,
963 2577 1017 2626 010,
1060 2550 1167 2618 baculo,
1198 2559 1226 2608 et
1249 2551 1421 2609 reconciliata
1450 2552 1578 2609 ardentes
1601 2553 1729 2610 candelas
1748 2555 1781 2610 ad
1798 2555 1883 2614 altare

195 2645 299 2712 Quibus
312 2643 398 2700 linitis
424 2644 499 2700 dicat
524 2643 652 2700 dominus
670 2641 896 2712 archiepiscopus
910 2641 1017 2698 oratio·
1059 2639 1192 2708 delerant,
1207 2641 1253 2698 alii
1268 2642 1417 2700 exstinctas
1438 2632 1506 2703 196
1523 2641 1565 2697 sel
1581 2641 1679 2712 nullas,
1705 2648 1732 2700 et
1756 2643 1884 2702 dominus

195 2728 245 2771 nes
273 2715 310 2771 ibi
338 2716 518 2787 pertinentes·
550 2713 648 2770 Ultima
677 2715 765 2770 oratio
779 2711 973 2768 Absolutionem
992 2717 1019 2768 et
1058 2713 1294 2784 archiepiscopus,
1310 2713 1352 2770 vel
1367 2714 1427 2783 ejus
1437 2713 1554 2768 sicarius
1567 2720 1652 2783 ponat
1666 2728 1775 2770 manum
1802 2731 1880 2774 suam

193 2787 380 2856 remissionem,
407 2794 461 2844 etc.
493 2785 597 2843 Dehinc
625 2791 721 2856 pergat
740 2784 867 2841 dominus
881 2784 1018 2854 arehiepi-
1058 2799 1089 2840 su
1111 2799 1141 2840 er
1155 2785 1244 2854 nnpita
1254 2785 1505 2850 reconciliatorum,
1523 2784 1590 2840 dans
1605 2785 1720 2856 singulis
1743 2787 1819 2855 paeis
1835 2801 1884 2844 os-

193 2872 295 2929 scopus
322 2858 356 2915 ad
384 2860 472 2929 majus
499 2858 595 2924 altare,
617 2863 644 2912 et
667 2871 751 2926 snper
778 2855 846 2911 illud
871 2855 1018 2912 benedicat
1057 2799 1159 2923 tufam,
1174 2856 1270 2912 dicens
1285 2877 1291 2912 :
1307 2858 1474 2912 Poetneum.
1491 2856 1539 2910 llis
1554 2857 1645 2925 itaque
1675 2857 1792 2927 peractis
1816 2873 1880 2928 pro-

193 2931 301 2987 cineres
329 2944 390 2986 cum
415 2929 586 2986 orationibus
613 2929 650 2984 ibi
675 2925 886 2998 pertinentibus.
913 2927 1017 2993 Quibus
1057 2928 1146 2983 cessio
1163 2927 1328 2984 redeatcum
1340 2927 1461 2994 silentio,
1477 2934 1504 2982 et
1518 2926 1565 2982 dat
1579 2941 1669 2984 sermo
1684 2928 1718 2984 ad
1733 2927 1880 2999 populum,

194 3001 322 3070 peractis,
336 3002 493 3058 tribuantur
506 3015 522 3056 a
536 2997 648 3056 domino
662 2999 873 3068 archiepiscopo
900 3004 927 3052 ct
955 2997 1017 3054 aliis
1059 3011 1114 3068 quo
1129 2998 1217 3065 llnito,
1233 2999 1361 3054 dominns
1374 2997 1600 3068 archiepiscopus
1618 3012 1679 3056 cum
1705 3000 1826 3057 diacono
1855 3009 1883 3058 et

192 3072 396 3139 sacerdotibus,
412 3078 439 3127 et
450 3070 558 3126 interim
574 3075 700 3126 cantetur
713 3070 773 3124 baec
787 3069 937 3138 antiphona
966 3071 1016 3124 lnt-
1026 3057 1048 3117 G
1058 3067 1228 3126 subdiacono
1243 3071 1317 3126 dicat
1330 3077 1435 3140 septem
1453 3069 1573 3139 psalmos
1597 3071 1801 3140 poenitentiales
1819 3087 1881 3130 cum

191 3147 305 3198 mutetur
332 3141 431 3198 habitu.
460 3139 518 3197 hlia
542 3147 598 3196 ant.
625 3141 707 3196 Jnuto
724 3138 779 3210 lai,
800 3138 880 3209 lmen]
900 3139 1015 3194 nestibu-
1056 3142 1251 3210 prostratione,
1268 3141 1354 3198 choro
1370 3141 1565 3211 respondente.
1581 3142 1685 3209 Quibus
1708 3141 1803 3210 finitis,
1833 3158 1881 3199 an·

193 3213 245 3269 lunt
259 3219 284 3270 et
298 3211 393 3269 ultore.
421 3215 479 3282 Qua
502 3212 588 3279 duim,
605 3217 700 3282 pergat
723 3210 852 3267 dominus
875 3211 1014 3280 arehiepi-
1056 3211 1170 3282 tiphona
1184 3215 1226 3270 Ne
1237 3212 1429 3279 reminiscens,-
1454 3226 1507 3281 qua
1531 3211 1616 3280 inita,
1633 3213 1762 3269 dominus
1786 3213 1880 3270 archi·

190 3300 291 3357 scopus
306 3299 367 3342 cum
382 3283 558 3356 processione
574 3283 607 3339 ad
620 3282 806 3339 occidentales
819 3289 914 3351 portas
928 3283 1015 3338 eccle·
1056 3285 1203 3354 episcopus
1231 3285 1397 3354 poenitentes
1419 3289 1576 3408 prostratos
1602 3284 1736 3350 absoluat,
1761 3284 1880 3342 dicendo

190 3358 238 3414 slae
254 3357 287 3414 ad
303 3355 481 3428 expellendos
511 3355 687 3426 poenitentes,
715 3361 742 3410 et
771 3360 868 3410 cantor
900 3353 1014 3423 incipiat
1055 3369 1153 3423 preces
1167 3356 1260 3426 Kysis,
1276 3355 1384 3425 ennon,
1399 3353 1419 3410 C
1437 3355 1512 3422 riste,
1537 3353 1644 3423 elersen
1660 3357 1753 3427 lipsie,
1769 3355 1876 3412 eleison.

190 3427 366 3494 Eacadinos,
380 3427 497 3484 Domine.
514 3425 585 3483 Psal.
606 3424 715 3483 Sulcum
739 3439 780 3480 nte
805 3425 860 3495 fue,
889 3427 969 3489 Dens,
986 3431 1014 3481 et
1054 3427 1134 3482 Pater
1147 3431 1243 3482 noster.
1274 3429 1309 3482 Et
1334 3442 1367 3481 ne
1394 3441 1451 3488 nos.
1481 3422 1614 3483 ssalvos
1632 3428 1686 3496 tue.
1707 3427 1725 3490 pl
1745 3428 1822 3484 Mitte
1840 3430 1877 3483 cis

190 3500 338 3557 reiteretur
348 3499 467 3558 Brundi.
482 3497 586 3567 Quibus
609 3498 703 3564 unitis,
718 3496 826 3568 legatur
850 3495 895 3552 hic
923 3509 1013 3552 sermo
1055 3495 1193 3553 cumdum.
1228 3495 1247 3558 i
1287 3499 1396 3553 Domine
1432 3497 1540 3552 cecedi.
1574 3498 1701 3553 Dominus
1738 3497 1878 3554 nobneom.

188 3572 359 3630 adiacono:
394 3573 451 3626 Voce
477 3569 622 3639 sonpuinis,
653 3567 754 3625 dehinc
777 3567 943 3638 prenitentes
957 3567 1011 3638 eji-
1054 3568 1167 3625 Oratio:
1184 3571 1295 3640 Praesto,
1308 3583 1462 3640 quesumus,
1479 3568 1597 3636 homme,
1620 3568 1661 3624 his
1682 3567 1789 3640 funalis
1814 3571 1877 3625 luis.

188 3642 306 3714 alantur,
334 3642 471 3700 cantando
499 3644 541 3699 Νι
567 3639 754 3712 reminiscaris.
784 3641 858 3696 Tune
882 3640 1013 3696 [lominus
1053 3640 1147 3697 Oratio
1162 3660 1168 3696 :
1185 3638 1379 3696 Absolutionem
1392 3644 1417 3697 et
1430 3639 1617 3696 remissionem.
1805 3663 1812 3676 =

223 3742 280 3815 (to)
296 3744 375 3800 Nunc
393 3741 496 3798 dicitur
510 3743 529 3806 i
543 3739 667 3822 desitque
681 3741 765 3821 bom
1054 3809 1061 3822 ἢ
1198 3809 1204 3822 .

226 3813 288 3886 (ll)
309 3815 375 3870 llaec
389 3810 472 3870 lectio
487 3825 503 3867 a
518 3810 600 3868 nobis
617 3808 688 3866 inira
706 3812 813 3866 eruitur
827 3822 861 3865 ex
873 3813 983 3866 vetusto
998 3808 1094 3866 codice
1110 3823 1161 3867 ms.
1177 3809 1246 3866 bibl.
1261 3808 1370 3868 cathed.
1388 3808 1488 3868 eccles.
1504 3810 1651 3882 Rotomag.

722 4003 903 4090 SERMO
945 4003 1342 4092 ARCHIDIACONI

187 4155 237 4224 nd
258 4154 537 4244 archiepiscopum
564 4152 851 4242 Rotomegensem,
877 4171 940 4256 pro
962 4153 1227 4308 recossciliatlone
1254 4149 1381 4239 publice
1405 4151 1630 4240 poerdtentium
1654 4151 1739 4220 lenia
1764 4153 1876 4239 quinta

874 4261 908 4308 m
927 4261 1022 4309 coena
1067 4261 1175 4308 ommi.

533 4357 590 4428 (Ea
599 4373 648 4416 ms.
658 4357 807 4432 Poulipoula·
820 4356 875 4414 700
888 4371 1018 4415 nouorum
1032 4355 1150 4415 biblioth.
1165 4357 1284 4416 cathedr.
1299 4355 1521 4430 liotomapeusis.)

218 4526 303 4584 Adest
335 4530 453 4598 tempus,
487 4537 504 4580 o
534 4519 699 4578 uersembilis
728 4517 861 4592 pontifex,
886 4520 1120 4580 votivuleieus
1133 4525 1161 4575 et
1172 4519 1303 4576 hominus
1316 4523 1412 4576 noster
1431 4514 1761 4575 constituitllediatorem
1775 4519 1806 4573 ut
1815 4529 1873 4573 sus·

182 4597 301 4668 amictis,
317 4611 468 4672 congruum
483 4595 691 4666 penitentibus,
708 4592 829 4663 optabile
857 4592 1005 4648 tribulatis.
1049 4597 1168 4663 ceptum,
1184 4591 1256 4648 sicut
1270 4590 1326 4657 ille,
1336 4591 1364 4647 in
1374 4591 1497 4648 humeris
1508 4595 1634 4659 reportes
1648 4589 1673 4645 ei
1688 4593 1872 4660 peccatorem.

182 4669 289 4726 Adsunt
320 4669 369 4727 dlii
394 4671 445 4738 tui,
474 4669 565 4735 Pater,
595 4679 665 4735 quos
683 4665 798 4720 Domino
813 4664 1007 4735 perspiritum
1048 4663 1186 4733 accepisti
1200 4677 1217 4719 a
1231 4663 1346 4718 homino
1360 4661 1491 4719 annulum
1505 4660 1683 4717 discretionis
1696 4665 1724 4716 et
1742 4659 1870 4727 honoris,

183 4746 307 4797 sanctum
321 4756 385 4799 uera
400 4744 487 4797 mater
501 4738 623 4796 Ecclesia
651 4737 680 4792 in
707 4736 802 4793 laetitia
822 4735 941 4807 peperit,
957 4736 1006 4792 sed
1049 4743 1079 4792 ut
1093 4749 1155 4804 quae
1169 4734 1302 4816 signanda
1315 4740 1380 4789 sunt
1393 4733 1495 4816 signes,
1512 4739 1540 4788 et
1554 4747 1616 4803 quae
1634 4730 1784 4802 aperienda
1807 4737 1873 4788 sunt

183 4830 282 4886 iterum
297 4830 429 4888 suadente
444 4830 555 4888 diabolo
573 4843 589 4885 a
606 4842 655 4885 sua
673 4825 831 4896 integritate
856 4815 922 4887 197
941 4839 1006 4881 cor·
1048 4804 1442 4887 l10distluael¹d³flll³§Ussl
1466 4804 1545 4875 ¹¹80&
1570 4817 1632 4874 (11¹ae
1655 4801 1786 4886 Sillflfllssi
1806 4808 1872 4859 sunl

182 4907 290 4973 ruptos,
302 4903 419 4958 miseros
432 4900 519 4959 laetos
534 4907 562 4958 et
574 4900 682 4958 exsules
706 4898 785 4954 novis
808 4895 932 4968 quotidie
952 4896 1004 4952 do·
1047 4877 1149 4944 ³01V³83
1166 4885 1249 4948 atque
1264 4875 1441 4933 credidimus
1456 4889 1505 4946 per
1519 4873 1600 4931 fldem
1611 4873 1792 4944 bapusmaus,
1806 4873 1870 4944 lal)-

181 4972 287 5032 lorlbus
301 4971 466 5046 ingemiscit.
483 4976 536 5030 Pro
546 4973 590 5029 his
603 4969 767 5042 suppliciter
788 4975 868 5024 orant
891 4967 1006 5038 quicun-
1046 4949 1183 5032 Sisalllffl
1198 4953 1226 5004 θῑ
1241 4947 1438 5030 Ρωῦῑῑβΰῑίὓῦδ
1449 4961 1500 5030 per
1512 4945 1692 5030 ministerium
1704 4945 1869 5027 ‘willemi‘

181 5059 236 5116 que
250 5045 344 5104 lelices
360 5045 390 5101 in
405 5044 467 5102 sinu
482 5059 532 5100 suo
547 5047 748 5109 remanserunt,
759 5039 861 5110 quique
873 5039 963 5095 diuina
975 5054 1004 5097 se
1047 5027 1239 5090 t¹⁰¹¹¹Sl³¹¹ffll⁵
1253 5033 1330 5090 legul
1350 5018 1471 5074 coeleffls
1484 5032 1601 5088 alemis-
1622 5019 1727 5074 MOVffll
1737 5021 1868 5087 melitem

180 5121 342 5189 protegente
357 5115 611 5186 clementia,inlide
627 5114 739 5171 stabiles
749 5113 939 5182 perstiterunt.
953 5111 1004 5166 lie-
1046 5099 1119 5150 tuam
1134 5091 1215 5149 fletus
1228 5091 1288 5160 ipse
1305 5089 1478 5146 mimum·
1494 5090 1578 5146 Milia
1590 5089 1663 5146 flevit
1686 5095 1715 5145 et
1741 5093 1870 5158 suscepta

180 5183 1003 5326 minusueuunnulnuuppupuu
1045 5164 1209 5306 titilius
1223 5159 1870 5291 luttnlhtlbitllipullulabit

179 5259 217 5316 sit
227 5259 299 5317 lilius
308 5261 354 5318 ille
365 5263 456 5318 minor
467 5261 514 5332 qui
529 5259 624 5317 tandiu
635 5271 736 5330 porcos
748 5271 765 5383 p

180 5344 224 5388 nae
238 5332 409 5390 hereditatis
423 5334 544 5406 pretiosa
557 5329 695 5402 stipendia
718 5331 745 5386 in
759 5327 867 5384 eliciter
884 5324 1003 5396 dissipa·
1044 5322 1125 5406 loneo
1140 5320 1323 5406 apostolatum
1338 5321 1447 5378 mensuit.
1470 5321 1552 5378 Latro
1576 5319 1610 5376 de
1636 5310 1705 5381 198
1719 5331 1801 5376 cruce
1814 5331 1868 5445 pa·

178 5404 227 5460 vit.
243 5405 321 5460 Patet
337 5409 425 5475 pater,
440 5410 516 5477 patet
529 5403 613 5460 hodie
628 5413 740 5458 manans
759 5399 793 5456 de
808 5399 893 5455 latere
907 5396 1001 5452 Salsa·
1044 5394 1164 5452 radrsum
1193 5399 1314 5450 intrant.
1348 5392 1441 5451 Plorat
1472 5399 1559 5451 mater
1590 5396 1684 5449 nostra
1716 5393 1867 5472 Jerusaem

180 5475 250 5532 toris
270 5475 331 5534 lons
350 5475 397 5534 ille
416 5476 499 5534 David
514 5475 543 5531 iu
563 5487 619 5545 quo
638 5478 778 5528 menstrua
797 5470 956 5536 abluuntur,
972 5467 1002 5524 in
1043 5479 1126 5522 orans
1144 5478 1195 5536 pro
1210 5463 1273 5521 liliis
1286 5464 1354 5534 suiS,
1370 5469 1397 5522 et
1410 5464 1533 5538 loerpnc
1556 5464 1612 5538 meu
1635 5466 1665 5519 iu
1678 5461 1797 5546 masiliis
1812 5476 1868 5546 mou

178 5562 234 5621 quo
249 5552 426 5621 peecatorum
439 5547 584 5621 nigredine
593 5543 722 5612 obsoleti,
733 5557 783 5614 per
792 5540 923 5600 humilem
937 5552 1002 5597 con·
1043 5536 1149 5605 (hbes.
1174 5551 1195 5620 ι,
1218 5535 1256 5608 2).
1275 5536 1415 5620 lliserere,
1429 5537 1571 5608 miserere,
1595 5536 1687 5605 Palen
1711 5547 1773 5608 pute
1797 5535 1867 5592 neunt

177 5621 326 5684 lesionem
340 5633 424 5695 super
437 5621 528 5680 nivem
542 5615 716 5677 dealbantur.
738 5613 779 5673 nd
802 5613 857 5673 hoo
880 5611 958 5674 enlm
974 5617 1001 5670 te
1042 5612 1140 5683 tempus
1154 5609 1293 5667 moerendi
1302 5624 1358 5681 epus
1372 5607 1454 5681 (Paul.
1468 5623 1504 5677 er,
1524 5605 1577 5682 ll).
