4016 6160
263 407 317 462 755
969 404 1110 461 nantem
1128 401 1242 460 scol'll
1904 399 1958 452 756

333 537 335 542 ’
400 533 473 606 [oud.
488 535 516 589 tr
533 547 629 602 marg,
644 530 736 592 ciclus
753 529 821 586 solis
834 529 950 601 incipit]
1089 529 1344 593 Acnmmunlonem
1358 529 1393 586 de
1416 537 1498 584 manu
1521 529 1583 604 epus
1604 527 1755 597 acceperit,
1780 533 1865 596 quem
1890 540 1958 596 pro-

301 623 365 680 723.
380 622 407 680 3.
427 623 503 695 [neor]
522 621 551 692 (l.
572 619 658 693 pont.)
677 620 789 692 sergius
810 632 879 691 papa
906 620 976 678 obiit
998 619 1017 675 5
1038 619 1084 677 444
1124 623 1226 676 etratus
1241 618 1269 676 iu
1285 623 1359 678 terra
1374 632 1425 689 pro
1439 615 1498 674 suis
1512 615 1636 690 peccatis
1648 613 1824 673 intercedere
1839 629 1953 688 rogam,

265 714 330 770 idus
341 713 501 783 septenbris
517 710 676 782 [indictione
695 708 746 780 44].
1124 715 1223 768 cuncta
1240 708 1357 766 44444444
1372 704 1515 779 privilegia
1534 705 1684 762 renovavit.

300 802 363 859 7444.
379 803 406 860 4.
429 800 516 874 [occur]
544 799 676 856 14444444
703 798 738 852 84
752 813 825 871 pepe
854 799 930 856 44444
957 799 985 868 3,
1013 811 1084 855 merc·
1158 797 1222 856 7344.
1246 797 1273 854 5.
1299 797 1403 871 (Banu.)
1422 798 1474 865 Qui
1504 795 1535 830 ‘⁰¹
1555 809 1618 851 cum
1646 793 1800 851 exercitum
1828 794 1954 851 mitteret

264 892 345 952 sibus.
362 891 389 946 3.
1123 889 1152 946 in
1180 889 1308 957 Pontum,
1337 887 1452 943 muitum
1480 885 1647 958 probibente
1675 897 1745 954 papa
1774 885 1953 955 apostolico,

266 980 337 1054 [444.
357 981 384 1036 in
408 993 503 1049 mern,
527 979 619 1036 Glclus
641 979 758 1037 decenn.
788 977 821 1032 lo
845 978 944 1050 incipit
966 977 1024 1034 ind.
1047 977 1081 1048 1.]
1124 977 1157 1034 44
1195 975 1484 1048 comprehendendum
1521 971 1703 1046 Philippicum
1722 985 1804 1044 quem
1824 971 1863 1030 ibi
1884 975 1954 1029 reil-

297 1069 361 1126 725.
377 1069 404 1125 5.
423 1069 521 1140 [eccuni
537 1070 611 1126 Beda
629 1069 767 1140 presbiter
794 1069 822 1124 in
848 1067 920 1124 libro
949 1068 983 1124 de
1011 1072 1082 1123 tem·
1124 1073 1232 1138 querat,
1248 1081 1397 1124 conversus
1420 1064 1511 1122 omnis
1533 1063 1673 1122 exercilus
1694 1062 1731 1122 44
1756 1069 1864 1134 partem
1890 1064 1952 1118 vbi·

261 1158 385 1230 poribus,
401 1159 430 1214 in
449 1172 592 1229 annoque
620 1173 682 1215 cum
711 1157 847 1226 condidit,
867 1164 895 1214 44
922 1158 960 1214 444
988 1157 1081 1228 perbl-
1123 1157 1230 1228 iipplcl,
1245 1154 1312 1212 iecit
1326 1169 1388 1213 eum
1403 1156 1609 1224 imperatorem.

260 1249 358 1320 bet(c.
378 1246 439 1318 iti:
461 1265 475 1300 u
490 1247 518 1305 Si
532 1248 573 1302 vis
587 1261 669 1305 44444
688 1251 757 1320 quot
774 1251 839 1304 eunt
862 1249 926 1304 anni
944 1248 979 1304 ab
993 1248 1083 1303 incar·
1157 1245 1221 1302 733.
1237 1247 1264 1301 4.
1288 1244 1374 1318 [nccx]
1401 1246 1593 1316 licversusque
1615 1241 1646 1274 ⁴⁰¹
1670 1254 1732 1298 eum
1756 1253 1790 1298 eo
1812 1241 1951 1298 constan·

261 1336 373 1393 natione
393 1337 500 1393 bomini
521 1339 599 1407 juata
613 1337 776 1405 montetum,
796 1337 866 1392 scito
891 1341 959 1407 quot
980 1335 1082 1392 inerint
1124 1335 1288 1408 linopolim,
1319 1333 1450 1408 pugnavit
1477 1338 1574 1392 contra
1601 1331 1796 1400 tustiolenum,
1820 1331 1856 1390 44
1883 1331 1949 1385 llvr

260 1426 374 1483 ordines
401 1425 584 1484 indictionum
595 1429 720 1498 ;,utpotc
739 1427 767 1482 in
784 1425 906 1496 presenti
922 1439 994 1482 4444
1007 1425 1025 1480 5
1039 1425 1083 1481 Tl-
1122 1428 1157 1483 45
1172 1427 1240 1484 urbe
1255 1425 1412 1493 miliarium,
1428 1431 1457 1480 et
1470 1424 1543 1479 victo
1558 1429 1642 1494 atquc
1662 1421 1757 1480 occiso
1782 1422 1950 1490 iustiniann,

259 1516 330 1572 berii
349 1513 394 1572 44.
411 1515 468 1572 iios
483 1515 634 1586 multiplica
663 1529 713 1587 per
743 1515 784 1583 15,
815 1516 884 1571 liunt
910 1513 982 1583 690;
1011 1513 1081 1571 4444
1123 1530 1237 1588 regnum
1252 1515 1374 1586 suscepit
1393 1513 1574 1584 Philippices.

260 1617 370 1675 semper
384 1604 525 1676 regulares
546 1597 588 1674 44,
614 1605 678 1676 quia
703 1605 721 1658 4
749 1605 903 1662 indictione
931 1604 1082 1661 seeundum
1114 1636 1116 1642 ·
1160 1605 1188 1678 (l.
1204 1607 1289 1677 pout.)
1315 1603 1522 1675 [constantinus
1544 1601 1576 1634 *⁰¹
1595 1613 1666 1672 papa
1686 1603 1751 1672 jusu
1776 1601 1952 1671 imperatoris

259 1693 411 1751 ilionislum
426 1698 563 1750 natusest
584 1695 725 1762 Dominus,
756 1701 783 1752 et
810 1693 990 1752 indictionem
1017 1693 1082 1751 anni
1122 1695 1287 1761 iustiniani,
1316 1694 1361 1754 die
1389 1693 1407 1747 5
1435 1692 1538 1752 mensis
1565 1689 1713 1756 Octobris,
1741 1689 1899 1748 indictione
1922 1693 1949 1758 9,

260 1782 335 1839 iliius
374 1784 570 1854 cuiuscumque
601 1783 740 1853 volueris,
774 1789 869 1855 utpote
898 1784 926 1840 in
955 1791 1082 1855 presente
1124 1797 1252 1855 egressus
1267 1783 1302 1840 de
1316 1784 1414 1852 Roma,
1428 1782 1503 1840 venit
1517 1780 1652 1847 Ydronto,
1676 1779 1725 1836 ubi
1748 1791 1843 1836 44444
1866 1779 1948 1848 iecit,

260 1885 354 1941 unam,
374 1872 444 1929 liunt
457 1873 530 1943 703;
555 1874 601 1930 isti
615 1881 680 1932 sunl
704 1875 769 1931 anni
797 1874 947 1931 nativitatis
973 1844 1189 1946 bominquuia
1216 1873 1306 1930 54444
1335 1877 1404 1930 crat.
1437 1870 1608 1928 iustinianus
1636 1875 1727 1928 autevn
1756 1869 1909 1939 imperator
1933 1885 1949 1926 4

259 1959 337 2031 iuxta
355 1959 518 2018 blonlslum.
535 1983 549 2014 4
570 1963 635 2020 Haec
648 1953 731 2020 Beda.
1123 1963 1207 2020 Niece
1220 1961 1348 2022 Bitbiniae
1362 1961 1489 2032 precepit
1503 1976 1582 2034 pape
1596 1968 1626 2020 44
1640 1962 1832 2020 Nicomediam
1846 1963 1949 2019 veniret

296 2049 360 2107 724.
376 2050 403 2108 d.
421 2051 522 2124 [ncorv]
542 2051 652 2125 (Bana.)
675 2051 804 2123 Gieuiius,
832 2052 887 2109 444
905 2053 996 2124 gentis
1014 2055 1083 2110 Lan·
1124 2053 1212 2110 oviam
1228 2051 1287 2123 regi
1299 2066 1314 2108 4
1328 2051 1411 2110 Nicea
1426 2051 1547 2108 venienti
1563 2073 1570 2120 ;
1592 2051 1640 2108 454
1655 2065 1725 2122 pape
1746 2057 1775 2108 44
1797 2065 1848 2108 444
1868 2051 1948 2108 simul

261 2139 446 2212 gebardorum
470 2143 628 2211 Beneventi,
648 2141 823 2212 Campaniam
851 2145 926 2217 igne,
946 2142 1038 2215 gladio
1057 2148 1085 2200 44
1124 2142 1334 2199 convenierunt.
1359 2143 1432 2212 Papa
1451 2141 1485 2197 de
1508 2141 1668 2198 Nicomedia
1692 2155 1833 2212 egressus,
1851 2141 1888 2195 444
1904 2142 1950 2198 444

261 2229 419 2301 captivitate
450 2233 583 2299 vastavit;
618 2246 735 2303 cumque
765 2245 820 2290 non
849 2239 922 2291 esset
949 2232 997 2304 qui
1025 2234 1085 2304 ejus
1125 2231 1226 2292 mensis
1253 2230 1393 2300 Octobris,
1421 2229 1573 2288 indictione
1601 2230 1645 2298 ill,
1675 2231 1792 2290 444444
1819 2231 1946 2293 interum

261 2321 365 2390 impetu
395 2321 549 2390 resisteret,
569 2321 741 2392 apostolicus
768 2337 838 2395 papa
859 2323 1009 2391 lebannes,
1037 2323 1085 2394 qui
1125 2319 1226 2378 444444
1241 2324 1305 2392 post
1318 2319 1456 2378 menses3
1473 2319 1577 2378 audivit
1591 2319 1666 2392 quod
1684 2320 1949 2392 Pbilippicualusii

260 2409 358 2481 Sergio
381 2417 563 2479 successerat,
584 2412 674 2468 missis
691 2413 735 2469 ad
758 2427 820 2470 eum
843 2413 1035 2470 sacerdotibus
1054 2427 1085 2472 ac
1125 2407 1378 2480 monumemtum]

262 2499 386 2556 donariis
419 2499 605 2570 perplurimis,
634 2502 779 2558 universos
806 2502 924 2558 redemit
943 2503 1084 2572 captiuos,
1161 2501 1335 2556 4444444444
1367 2497 1403 2552 73
1435 2499 1553 2569 repectit
1584 2497 1745 2572 Philippicae
1778 2513 1848 2556 4444
1879 2515 1948 2566 sse,

262 2591 346 2657 etque
360 2587 456 2646 4444444
466 2588 578 2646 44444
588 2587 680 2646 444444
695 2589 770 2646 44444.
780 2591 920 2648 tobannes
931 2605 1001 2662 papa
1016 2590 1086 2648 obiit
1126 2587 1255 2644 44444444
1283 2587 1311 2656 6,
1345 2600 1433 2658 usque
1463 2587 1492 2643 in
1512 2601 1612 2644 annum
1640 2588 1693 2644 702
1712 2591 1776 2659 post
1794 2589 1952 2660 pasionem

262 2675 448 2733 44444444443
465 2675 615 2735 secundum
643 2683 720 2750 gesta
746 2680 906 2749 pontillcum
932 2679 964 2752 (4.
988 2679 1084 2752 pout).
1127 2678 1245 2736 Domini.

299 2766 363 2824 727.
391 2767 419 2826 7.
451 2767 538 2840 [naevi
566 2767 674 2842 (44444.)
693 2769 825 2828 ,44544444
853 2770 888 2825 85
915 2786 985 2843 pepe
1011 2770 1087 2826 44444
1161 2767 1225 2824 734.
1262 2768 1286 2824 l.
1318 2767 1425 2838 [44444]
1471 2768 1577 2839 (Bam.)
1607 2769 1657 2825 llic
1685 2769 1769 2840 ejecit
1796 2771 1899 2842 cyrum
1918 2771 1953 2828 de

262 2855 291 2924 2,
319 2855 449 2917 4444444
474 2855 503 2918 8.
526 2857 665 2916 lebannes
693 2873 764 2932 papa
791 2860 865 2916 inter
891 2859 975 2917 mults
1003 2872 1087 2929 opera
1127 2856 1299 2927 pontificatu,
1322 2871 1440 2927 eumque
1464 2857 1498 2913 ad
1521 2857 1729 2928 gubernandum
1752 2859 1862 2916 abbatis
1888 2863 1953 2932 inre

263 2944 421 3005 inlustrium
449 2945 515 3004 iecit
548 2947 700 3006 oratorium
736 2954 839 3006 sauctae
872 2948 919 3005 itei
952 2947 1088 3019 genetrici
1128 2945 1323 3002 monasterium
1351 2957 1430 3002 suurn
1458 2949 1574 3006 Pontum
1599 2947 1691 3004 444444
1710 2950 1846 3020 precepit.
1879 2951 1954 3008 idem

263 3045 348 3107 opere
381 3033 587 3105 pulcherrimo,
616 3037 690 3094 44444
721 3037 866 3094 ecclesiam
902 3036 974 3092 54444
1012 3037 1087 3095 Petri
1127 3034 1308 3094 constentino
1323 3047 1401 3105 pape
1415 3033 1490 3092 44444
1504 3033 1701 3107 litteraspravi
1715 3036 1863 3110 dogmatis,
1884 3055 1956 3110 onas

175 3164 177 3172 .
262 3123 392 3198 apostoli.
426 3125 594 3184 tierebcrtus
626 3140 676 3182 rex
706 3126 950 3198 Langobardorum
987 3127 1086 3184 multas
1128 3125 1175 3182 iile
1193 3139 1255 3182 cum
1269 3123 1430 3196 apostolice
1444 3124 1519 3181 seclis
1534 3125 1654 3183 concillo
1673 3129 1791 3198 respuit.
1809 3129 1849 3185 m
1869 3129 1955 3202 bnjus

263 3216 357 3270 curtes
388 3218 417 3269 et
448 3213 613 3284 patrimonia
639 3213 749 3284 atpium
781 3215 943 3283 cottiarum,
973 3219 1001 3272 et
1028 3171 1172 3274 suaessrei
1186 3229 1269 3271 44444
1282 3213 1348 3272 iecit
1362 3215 1485 3285 picturas
1498 3215 1527 3271 in
1541 3215 1651 3286 porticu
1669 3219 1758 3275 sancti
1779 3219 1864 3288 Petri,
1892 3235 1954 3290 que

262 3301 402 3373 quondam
420 3301 454 3359 44
477 3305 524 3374 jus
547 3304 723 3375 pertinebant
746 3303 907 3374 apostolice
928 3305 1013 3374 44444,
1038 3304 1087 3362 444
1128 3307 1189 3361 anta
1216 3319 1265 3361 seu
1289 3309 1447 3362 4444444444
1474 3305 1643 3376 synodorum
1668 3306 1865 3364 universalium
1891 3323 1955 3366 444
2006 3329 2007 3336 ¹

260 3391 479 3465 alengobardis
497 3390 584 3450 inuito
608 3398 732 3464 tempore
751 3391 861 3452 inerant
883 3394 984 3464 ablata,
1007 3396 1087 3452 resti·
1128 3393 1260 3450 linerent.
1288 3394 1355 3450 iiam
1384 3398 1412 3451 el
1440 3393 1598 3464 bujusmodi
1622 3395 1756 3465 picturas,
1781 3409 1844 3453 eum
1865 3397 1954 3454 babe-

261 3481 384 3553 tuitiuri
398 3482 522 3554 ejusdem
540 3483 626 3552 sedis,
653 3483 775 3540 445444
799 3482 976 3543 4444444444
996 3485 1087 3543 444444
1128 3482 1225 3541 rentur
1246 3483 1275 3540 in
1300 3483 1368 3540 urbe
1387 3483 1474 3554 regia,
1500 3482 1671 3555 Pbiiippious
1695 3488 1818 3556 jusserat
1840 3485 1952 3543 aulerrl.
2006 3485 2007 3516 .

260 3573 393 3644 scriptam
407 3571 637 3630 litterlsilomam
652 3573 764 3630 direxit.
1059 3574 1063 3580 '
1127 3573 1284 3644 statuitque
1312 3571 1431 3644 populus
1457 3574 1669 3643 Romanusne
1695 3575 1815 3634 bereiici
1836 3577 1953 3646 inpera-

296 3665 472 3719 amarorum
497 3661 532 3716 72
563 3663 680 3734 reputavit
712 3663 875 3720 lustioiooue
901 3667 934 3721 ll
963 3680 1021 3722 com
1046 3666 1088 3722 74-
1127 3662 1307 3719 4444444444
1322 3667 1370 3718 444
1384 3655 1525 3720 4444444444
1540 3663 1653 3734 liguram
1667 3663 1751 3721 solidi
1766 3667 1948 3738 susciperem

236 3779 243 3798 ·
262 3751 334 3808 berlo
352 3749 407 3823 44444
422 3766 469 3808 444
490 3750 566 3808 noue
593 3751 621 3820 6,
651 3765 738 3822 usque
765 3753 914 3814 4444444
942 3754 996 3810 700
1024 3761 1087 3827 post
1127 3753 1201 3810 uude
1220 3754 1346 3823 neceius
1364 3750 1636 3824 ettgiesinaeclesir
1654 3753 1946 3826 introducturam·

262 3839 430 3910 passionem.
1128 3855 1228 3900 nomen
1244 3843 1278 3898 ad
1294 3842 1402 3898 missam
1424 3842 1571 3912 prolatum.

297 3927 361 3986 728.
385 3927 409 3987 l.
428 3927 528 4001 [ucevv]
547 3927 653 4004 (44444.)
674 3927 724 3986 llic
738 3929 841 3990 auxilio
855 3932 997 4004 interpelli
1013 3933 1086 4006 regis
1162 3930 1226 3986 735.
1240 3931 1268 3987 2.
1287 3930 1403 4002 [nocam]
1425 3930 1466 4002 (P.
1486 3932 1518 3987 n.
1538 3947 1577 4001 vr,
1592 3931 1641 4006 34)
1661 3934 1763 3991 Contra
1781 3935 1856 3993 bunc
1877 3939 1949 3993 tna·

263 4017 444 4090 Vulgarorunr
466 4031 580 4089 regnum
600 4018 749 4092 recipiens,
777 4019 882 4078 occidit
909 4035 957 4079 eos
982 4023 1029 4093 qni
1056 4037 1086 4082 se
1127 4021 1228 4078 4444444
1241 4021 1398 4093 insurgens,
1413 4033 1500 4093 regno
1515 4021 1659 4094 oculisque
1674 4037 1737 4080 eum
1753 4025 1878 4096 privavit.

263 4107 426 4178 expulerant
453 4107 596 4178 patricios,
627 4116 655 4164 et
682 4111 813 4178 Leonem,
834 4110 882 4182 qul
909 4110 1000 4170 locum
1026 4115 1086 4183 ejus
1162 4113 1337 4167 4444444444
1377 4109 1414 4164 74
1456 4112 1575 4182 regnauit
1620 4113 1779 4171 ,4444444444
1813 4117 1895 4171 osma
1936 4115 1952 4170 3

262 4203 453 4267 usurpaverat,
472 4211 582 4257 necnon
597 4205 624 4255 et
638 4213 827 4256 successorem
851 4201 911 4272 cjns
935 4201 1084 4272 Tiberium,
1126 4213 1207 4271 usgue
1221 4201 1249 4255 44
1263 4214 1359 4256 ornum
1372 4200 1390 4253 7
1401 4205 1462 4274 poet
1472 4203 1623 4274 passionen
1637 4205 1753 4262 44444544.

264 4285 397 4358 [tempore
424 4287 559 4344 lobannis
587 4303 676 4359 papie,
706 4289 857 4349 secuudum
890 4295 967 4362 gesta
994 4294 1086 4363 ponti·
1160 4287 1407 4362 7³6.l.lncc11v]
1434 4292 1539 4366 (44444.)
1562 4293 1616 4350 4444
1640 4291 1748 4351 litteras
1770 4293 1951 4352 comtanlinn

261 4376 363 4448 bonuti.
393 4376 555 4438 callinicum
583 4393 647 4434 vero
672 4378 854 4450 patriarcham
884 4379 969 4436 erutis
984 4367 1086 4439 'oculis
1126 4392 1205 4450 papae
1219 4380 1333 4436 Romam
1358 4395 1408 4452 per
1431 4381 1630 4440 scholasticum
1654 4384 1802 4455 patricium
1825 4393 1853 4442 44
1877 4401 1950 4444 exar-

261 4463 336 4522 mielt
354 4467 478 4531 Romam,
499 4474 526 4524 44
545 4466 622 4523 dedit
641 4467 831 4539 episcopatum
851 4469 933 4540 Cyro,
958 4469 1085 4541 quierat
1128 4469 1210 4525 44444
1228 4469 1314 4528 ltaiiae
1341 4469 1452 4538 direxit,
1473 4472 1574 4542 quibus
1592 4487 1623 4529 ee
1645 4472 1780 4531 ieutorsm
1810 4475 1948 4534 4444444444

261 4555 347 4613 abbas
365 4556 507 4625 inPoute,
537 4569 654 4627 eumque
673 4555 767 4616 aiebat
789 4556 906 4614 exulem.
939 4559 1084 4629 [lohannes
1128 4558 1192 4616 ildei
1205 4564 1233 4615 44
1250 4559 1338 4616 sancti
1353 4559 1424 4616 sexti
1438 4551 1549 4618 concilii
1564 4563 1765 4633 predicatorem
1784 4579 1847 4623 esse
1873 4567 1950 4622 44444.

263 4659 333 4716 papa
349 4645 418 4703 obiit
435 4645 468 4700 l5
483 4646 543 4702 iial.
557 4646 730 4714 Novembris,
746 4645 900 4703 indictione
918 4647 955 4718 4.]
1129 4647 1333 4718 [constantinus
1356 4662 1427 4720 papa
1446 4650 1515 4706 obiit
1538 4651 1555 4704 6
1577 4652 1643 4708 idus
1665 4653 1787 4712 ianuarii
1813 4655 1847 4726 (4,
1864 4661 1950 4728 post}

298 4734 361 4791 729.
377 4735 405 4792 2.
424 4735 531 4806 [nccvn]
559 4734 586 4806 (l.
612 4735 699 4806 port.)
726 4734 858 4792 Sisiunius
882 4735 917 4789 84
933 4752 1004 4810 popo
1026 4744 1086 4810 post
1161 4737 1226 4793 737.
1255 4739 1283 4794 2.
1315 4739 1420 4810 [nccxv]
1455 4739 1596 4811 Gregorius
1624 4740 1660 4796 88
1683 4757 1757 4816 popo
1786 4747 1865 4801 44444
1896 4745 1950 4813 18,

263 4827 368 4882 Petram
386 4839 473 4881 meree
499 4839 561 4880 uno.
592 4823 735 4895 [Slelnnlus
763 4837 833 4894 papa
851 4824 922 4881 obiit
944 4825 960 4880 8
984 4826 1014 4882 44
1034 4829 1086 4885 No
1126 4827 1255 4884 44444444
1285 4827 1327 4885 18.
1358 4829 1408 4885 llic
1437 4835 1496 4886 4444
1513 4831 1555 4886 444
1574 4835 1665 4888 444444
1694 4839 1722 4889 44
1748 4833 1871 4905 sapiens,
1906 4835 1952 4906 qui

263 4914 382 4972 vembris
399 4915 431 4987 (l.
444 4912 560 4987 pont.).]
1126 4916 1321 4986 bonifacium,
1355 4923 1433 4989 patre
1466 4923 1549 4991 atque
1578 4921 1661 4977 44444
1687 4931 1774 4979 matre
1801 4925 1951 4990 Scottum,

297 5003 361 5061 730.
395 5005 422 5062 3.
459 5004 783 5077 [nccv1n100rustootirvue
804 5003 839 5061 87
860 5019 933 5078 popo
954 5007 1031 5063 44444
1053 5009 1081 5078 7,
1126 5006 1265 5063 ordinavit
1284 5009 1444 5079 episcopum
1459 5008 1493 5065 ad
1513 5007 1607 5066 sedem
1626 5011 1826 5082 lingentiunm,
1850 5020 1882 5071 et
1905 5029 1953 5084 per

261 5095 389 5152 444441.
1125 5109 1187 5152 eum
1211 5096 1240 5152 in
1263 5097 1407 5156 Germania
1432 5097 1546 5154 verbum
1569 5099 1666 5155 salutis
1693 5099 1857 5172 predicavit,
1888 5117 1954 5176 gen-

295 5185 359 5244 734,
383 5185 408 5240 4.
430 5185 526 5257 [44444]
550 5185 721 5242 4444444444
747 5186 957 5243 constantinum
986 5200 1084 5258 papam
1125 5189 1235 5256 temque
1254 5184 1329 5243 iilam
1344 5187 1371 5244 iu
1393 5186 1516 5244 tenebris
1539 5188 1683 5246 sedentem
1706 5191 1866 5264 evangelica
1893 5195 1953 5252 inec

260 5276 295 5332 44
314 5290 344 5332 44
362 5275 456 5334 venire
473 5276 583 5346 iubens,
599 5275 751 5333 honorilice
765 5275 888 5346 suscepit
910 5289 942 5332 ac
965 5276 1081 5345 remisit,
1124 5274 1292 5332 inlustmvlt.
1305 5275 1336 5348 (l.
1347 5279 1434 5349 porti).
1451 5277 1597 5348 [lsteenim
1612 5277 1765 5337 4444444444
1774 5280 1810 5339 44
1820 5281 1953 5340 Hibernia
2002 5353 2003 5357 Ἰ

261 5364 299 5422 444
313 5369 344 5421 44
358 5379 420 5422 444
434 5365 479 5422 444
498 5363 636 5423 dominica
659 5365 757 5422 missas
779 5364 832 5423 slbl
855 5363 948 5422 iacere
959 5365 1081 5436 jubiens,
1124 5365 1224 5422 missus
1247 5370 1291 5423 cst
1313 5381 1375 5424 cum
1398 5367 1586 5426 willebrordo
1613 5369 1729 5442 anglico
1757 5371 1906 5446 episcopo,
1926 5381 1953 5431 ul

945 5557 1058 5615 VARIAE
1085 5557 1266 5614 enormitas

300 5715 328 5746 444
346 5729 412 5771 cum.
429 5729 454 5771 4.
470 5713 521 5770 734
534 5714 723 5788 conjungendo.
762 5715 794 5748 ⁴⁰¹
809 5714 864 5771 444
878 5713 905 5770 in
918 5712 1036 5783 energiae
1050 5711 1106 5768 4444
1124 5709 1187 5768 oroi
1204 5707 1345 5768 indictione
1363 5710 1386 5766 l.
