4024 6174
127 299 175 356 see
781 307 825 362 ua
844 308 1141 365 eeeuoseuostco.
1736 297 1803 360 ιιι

129 425 337 491 nisobtendant,
362 431 390 483 et
417 431 556 485 tantorum
584 430 718 487 scelerum
749 431 858 501 patroni
877 433 973 493 exi-A
1021 434 1080 491 113.
1104 436 1180 494 'lunc
1207 433 1241 490 ab
1269 431 1328 501 ipsa
1353 428 1452 486 sinodo
1484 427 1545 498 (tu)
1574 429 1601 482 in
1619 425 1802 484 theutonicas

126 520 202 570 stant.
223 515 344 585 Cumque
373 515 401 571 iu
428 519 547 575 coneilio
574 519 656 589 husius
683 530 785 576 sauctae
804 521 939 588 ecclesia,
983 531 1075 595 partes
1084 524 1234 593 subjectam
1249 521 1322 577 misit
1332 518 1475 589 epistolam
1488 537 1494 572 :
1509 535 1522 568 u
1533 515 1682 586 Gregorius
1700 515 1732 546 ¹⁸⁹
1744 529 1801 572 ser·

125 618 181 674 quac
208 617 317 674 semper
345 606 379 661 ab
408 609 650 664 excommunicatis
673 609 811 666 abstinere
834 610 939 676 docuit,
982 626 1184 670 russervorum
1207 611 1253 666 liei
1281 609 1376 681 (Gneo.
1404 609 1457 672 ιιι,
1486 605 1583 674 lteqiat.
1600 618 1639 670 vr,
1658 601 1697 673 l),
1714 593 1801 659 omni-

124 708 151 750 se
165 694 241 763 quasi
266 702 391 751 oratores
414 697 555 766 exhibent,
571 699 608 754 ita
629 699 765 768 patienter
780 699 938 766 audiuntur,
981 701 1033 758 bus
1047 702 1156 758 clericis
1171 707 1198 756 et
1211 698 1288 755 laicis
1303 699 1329 752 iu
1345 709 1431 766 reguo
1445 693 1616 750 lheutouico
1631 689 1798 754 constitutis,

123 783 189 838 sieut
203 789 230 838 et
245 785 344 848 nostri,
356 785 432 840 nullo
446 786 605 843 discrimine
615 789 689 843 inter
701 788 782 844 laesos
796 795 824 843 et
838 789 941 845 laeden-
981 791 1027 860 qui
1047 787 1339 847 excommunicationis
1354 785 1464 840 viuculo
1489 797 1543 838 uon
1574 785 1712 846 tenentur,
1727 777 1801 834 salu·

123 878 161 926 tes
183 871 285 927 habito.
302 874 335 927 lli
365 875 446 930 etlam
471 889 560 944 nuper
574 875 602 930 in
629 878 760 932 comitatu
775 877 880 932 domiui
897 877 938 932 sui
981 887 1082 936 temet
1109 877 1286 948 apostolicam
1311 873 1541 930 benedictionem.
1565 872 1630 938 Quae
1654 875 1682 924 et
1700 871 1801 937 quanta

124 959 208 1012 ineos
230 960 450 1027 insurrexerunt,
466 964 513 1033 qui
530 967 677 1034 preceptis
694 966 855 1034 apostolicis
870 966 938 1021 obe·
981 969 1061 1025 uobis
1088 983 1153 1024 cura
1177 966 1261 1022 iuuerit
1288 971 1315 1020 et
1334 971 1386 1028 est,
1404 968 1433 1017 ut
1452 961 1608 1033 pestilentia
1623 959 1715 1016 clades
1729 955 1761 987 ³⁵⁰
1773 961 1801 1010 et

121 1048 204 1108 diunt,
231 1059 262 1102 ut
285 1051 317 1104 ad
340 1052 554 1108 inobedientiam
570 1056 813 1125 constringereut;
834 1055 940 1112 scilicet
980 1057 1115 1114 desolatio
1138 1071 1154 1111 a
1182 1068 1267 1126 regno
1282 1059 1372 1109 restro
1388 1050 1537 1116 auleratur,
1557 1062 1609 1119 pax
1623 1047 1652 1078 ⁸³¹
1669 1053 1696 1102 et
1711 1046 1801 1101 hone-

122 1139 147 1192 ιιι
172 1140 295 1206 partibus
325 1142 441 1209 sueviae,
471 1143 518 1198 ubi
545 1143 682 1201 iuceudiis
714 1145 892 1201 aecclesiarum
912 1153 939 1200 et
979 1156 1036 1204 stas
1050 1155 1078 1203 et
1092 1145 1203 1202 solitum
1218 1143 1304 1199 decus
1324 1143 1402 1198 robis
1421 1140 1562 1204 reddatur,
1579 1139 1607 1194 iu
1625 1135 1723 1192 sinodo
1739 1147 1800 1203 quae

121 1225 240 1282 altarium
256 1226 289 1259 ⁵³⁶
313 1229 548 1287 destructionibus
572 1232 714 1302 sacrdeqta
729 1232 939 1290 innumerabilia
979 1238 1033 1293 hoc
1051 1249 1124 1292 auno
1153 1235 1180 1290 in
1210 1232 1419 1302 quadragesima
1453 1231 1547 1285 Romae
1580 1226 1718 1282 celebrata
1750 1222 1801 1279 luit

120 1318 261 1373 commissa
288 1326 362 1398 sunt.
390 1323 418 1375 lu
448 1335 503 1390 qua
528 1335 558 1378 re
580 1323 643 1378 illos
663 1337 714 1379 uec
732 1322 939 1379 ¹⁵¹⁷accusumus
979 1325 1185 1381 deelaravimus.
1216 1320 1325 1377 iudicio
1354 1319 1426 1375 enirn
1457 1316 1545 1372 sarrmi
1569 1313 1801 1384 Spiritusdecro-

120 1416 361 1474 ueoercusamus;
383 1408 561 1467 illudentem
588 1425 652 1468 uere
677 1412 843 1469 alllrmamus
863 1413 937 1483 quod
979 1415 1067 1471 rimus
1081 1419 1109 1470 et
1136 1411 1328 1482 praecepimus,
1348 1415 1378 1464 ut
1405 1408 1433 1462 iu
1461 1419 1546 1476 reguo
1573 1409 1665 1460 restro
1679 1401 1799 1459 oruuitnu

119 1493 209 1561 rapina
223 1494 271 1551 illa
285 1496 311 1550 iu
328 1498 455 1553 ecclesiis
465 1505 493 1554 et
507 1513 600 1555 earum
615 1501 694 1557 atriis
709 1500 790 1567 laeta,
801 1515 938 1557 consensu
980 1508 1131 1561 conventus
1145 1502 1338 1571 episcoporum
1353 1504 1380 1553 et
1395 1496 1527 1552 laieorum
1542 1507 1637 1549 eorum
1648 1493 1695 1562 qui
1704 1491 1800 1546 timent

119 1588 144 1636 et
162 1584 345 1652 permissione
374 1593 428 1642 tam
453 1588 586 1658 principis
613 1603 693 1658 quam
718 1591 840 1646 omniurn
869 1603 938 1660 pene
981 1595 1106 1649 beumet
1121 1593 1256 1648 intervos
1271 1602 1365 1660 pacem
1385 1584 1544 1642 desiderant
1558 1581 1646 1647 tieret,
1663 1589 1690 1636 et
1709 1591 1800 1636 eoram

119 1671 246 1739 majorum
264 1674 310 1744 qui
326 1674 440 1731 aderant
456 1683 612 1746 perpetrata
627 1684 678 1742 est,
696 1693 726 1734 ea
744 1680 853 1748 quidem
870 1679 938 1734 deii·
981 1682 1083 1738 nostris
1117 1680 1215 1751 legatis
1246 1679 1454 1739 decerneretur,
1487 1672 1510 1727 si
1535 1671 1579 1726 cui
1603 1669 1645 1736 ⁸⁸¹,
1672 1667 1801 1722 lleinricu

118 1757 268 1829 beratione,
297 1765 371 1832 quod
400 1766 564 1836 sacrilegum
589 1767 664 1822 illum
689 1769 837 1824 exercitum
857 1769 1110 1828 aliteeridclicet
1124 1769 1156 1800 ³³³
1178 1767 1220 1824 vel
1248 1763 1378 1831 ltodullo,
1395 1763 1442 1833 qui
1467 1761 1501 1816 de
1521 1758 1599 1829 regui
1614 1752 1815 1828 gubernaculo

117 1851 261 1905 sustentari
277 1864 331 1907 non
363 1866 443 1922 posse
463 1863 639 1912 censuerunt.
661 1859 718 1913 lloc
738 1871 847 1928 quoque
863 1858 938 1914 norit
979 1862 1051 1916 iuter
1065 1875 1094 1916 se
1110 1859 1263 1924 decertant,
1288 1854 1405 1925 amplius
1424 1849 1532 1922 lustitia
1551 1847 1663 1914 lateret,
1683 1857 1800 1914 parsque

116 1943 206 1992 saneta
235 1940 358 1997 Romana
384 1943 516 2009 Ecclesia,
538 1946 611 2013 quod
638 1943 768 2015 praelatus
794 1945 938 2002 lleiuricus
978 1948 1152 2020 ⁵“iujustior
1176 1948 1282 2004 ratione
1296 1944 1402 2000 devicta
1418 1949 1445 1998 et
1459 1938 1532 1996 beati
1547 1937 1620 1993 Pelii
1635 1933 1799 1990 ³⁰⁰²⁰l³l³¹⁰

115 2023 214 2082 doruno
229 2031 386 2097 apostolico
410 2032 592 2102 iureiurando
610 2032 764 2097 allirmavit,
781 2035 854 2104 quod
872 2034 935 2090 nul·
979 2038 1138 2104 constricta,
1164 2035 1272 2092 lacilius
1298 2033 1410 2089 cederet
1424 2037 1453 2086 et
1466 2029 1500 2083 ab
1520 2024 1633 2082 interitu
1648 2022 1798 2078 animarum

114 2111 165 2168 lum
186 2117 296 2183 amodo,
313 2121 360 2188 qui
387 2119 421 2174 ad
451 2121 748 2191 liminaapostolorum
769 2124 936 2193 dequibus·
979 2136 1006 2182 et
1039 2140 1198 2196 corporum,
1232 2127 1288 2179 lteo
1322 2121 1499 2192 propitiante,
1535 2119 1666 2180 cessaret,
1698 2109 1799 2180 justior

112 2215 228 2273 cumque
244 2210 377 2263 terrarum
405 2208 474 2265 locis
501 2210 658 2278 tenderent,
683 2213 725 2267 vel
751 2214 811 2282 ipse
826 2213 867 2268 vel
882 2210 935 2266 ali·
978 2230 1043 2272 roro
1059 2228 1123 2285 pars
1140 2214 1258 2284 amplius
1273 2212 1308 2266 de
1328 2211 1383 2265 lieo
1398 2205 1560 2272 conlideret,
1577 2207 1604 2258 et
1618 2199 1712 2270 atljuta
1726 2197 1799 2254 beati

105 2291 169 2360 quis
198 2305 297 2349 eorum
326 2309 396 2364 quos
421 2299 611 2367 constringere
640 2307 734 2368 posset
763 2300 934 2369 prohiberet.
979 2306 1051 2360 Petri
1067 2299 1278 2360 auctoritatem
1297 2307 1325 2355 et
1344 2291 1612 2365 omniumjustitiam
1627 2287 1800 2358 diligentium

105 2381 228 2446 Qualiter
244 2389 338 2438 autem
355 2385 473 2453 juratam
490 2385 562 2441 illam
580 2389 791 2456 promissionem
807 2391 928 2446 observa·
978 2407 1125 2458 corrsensu,
1152 2392 1186 2448 de
1214 2389 1329 2446 vitatoria
1356 2386 1469 2442 omniuo
1495 2383 1620 2451 sl>efflet
1635 2385 1662 2432 θῑ
1677 2382 1800 2431 ῃθυῑΓΉῃ

75 2505 77 2510 -
102 2471 182 2535 verit,
213 2471 301 2526 uobis
320 2474 474 2528 tacentibus
503 2475 561 2544 ipsa
585 2486 676 2532 rerum
699 2477 802 2532 iudicia
826 2477 938 2534 mauile·
976 2482 1010 2514 ἰ’
1024 2489 1137 2538 mortem
1159 2481 1278 2536 timeret.
1308 2475 1362 2533 Sed
1386 2475 1450 2544 quia
1473 2465 1647 2542 pervenitad
1663 2461 1800 2532 uosll¹¹⁰d

99 2562 185 2612 stant.
200 2559 280 2628 Ergo
297 2567 398 2629 praeter
412 2560 486 2616 illam
507 2576 569 2632 qnae
584 2570 612 2619 et
626 2563 660 2618 alt
674 2566 796 2634 antiquis
810 2567 936 2622 Patribus
978 2570 1082 2626 inimici
1096 2571 1145 2630 liei
1160 2577 1188 2626 et
1213 2568 1261 2624 lilii
1286 2564 1390 2623 diaboii
1414 2560 1525 2633 quidum
1545 2555 1618 2628 apud
1641 2566 1690 2609 tos
1705 2556 1801 2607 cottila

98 2652 126 2700 et
146 2651 277 2700 avestra
300 2648 446 2703 sanctitate
469 2649 497 2703 in
525 2649 682 2720 hujusmodi
712 2653 936 2721 prevaricatores
977 2659 1154 2715 interdictum
1169 2657 1330 2727 apostolicae
1354 2651 1429 2709 sedis
1455 2648 1618 2720 pradictum
1635 2645 1800 2722 corrreutum

101 2733 281 2805 promulgata
311 2741 353 2790 est
380 2739 544 2794 senteutiam
566 2737 608 2805 ⁸³⁸,
633 2739 858 2813 archiepiscopus
881 2744 935 2799 llo-
978 2745 1172 2818 procurentlw
1196 2747 1225 2800 in
1249 2745 1356 2799 irritum
1371 2741 1483 2803 ducere,
1500 2743 1528 2792 et
1551 2747 1605 2791 riou
1623 2728 1729 2802 iustitia
1751 2727 1798 2783 sed

103 2821 235 2892 quatinus
269 2823 402 2892 majorum
430 2825 554 2896 exempla
582 2835 703 2895 secutus,
729 2829 866 2899 adiunctis
881 2831 933 2886 sibi
976 2837 1105 2906 superbia
1120 2850 1152 2891 ac
1177 2834 1262 2890 totius
1278 2834 1354 2902 regati
1370 2827 1541 2884 desolatione
1556 2836 1620 2878 suas
1633 2817 1799 2888 cupiditates

108 2911 247 2980 episcopis
277 2923 391 2967 numero
418 2922 533 2982 septem,
553 2915 678 2985 quibus
697 2917 792 2973 eadem
826 2918 933 2988 iujuriae
975 2919 1460 2993 anheleutimplereethristianam
1480 2908 1796 2984 religionemdestruere

109 3000 177 3054 ratio
207 2997 270 3064 luit,
300 3012 350 3068 pro
376 2999 536 3058 defensione
559 3004 685 3059 ecclesie
708 3005 761 3061 sibi
780 3008 933 3062 commissae
975 3027 1118 3069 monemus
1136 3026 1185 3068 vos
1203 3017 1278 3068 etex
1307 3016 1384 3079 parte
1413 3004 1485 3062 beati
1511 3000 1584 3058 Petri
1609 2995 1814 3069 precipimus,

111 3087 271 3156 praedictum
287 3091 384 3154 virum,
413 3090 459 3159 qui
477 3091 675 3158 parrochianus
688 3091 763 3148 illius
778 3101 830 3158 est,
846 3079 962 3150 tradi-G
974 3107 1003 3157 ut
1018 3101 1118 3157 ratibus
1143 3101 1247 3156 nultum
1271 3097 1400 3154 auxilium
1420 3093 1453 3126 ³⁸⁸
1469 3089 1616 3162 praebeatis
1632 3099 1720 3155 neque
1740 3083 1795 3138 illis

110 3175 147 3231 dit
161 3177 290 3232 Sethauae
309 3177 337 3231 in
352 3177 492 3234 interitum
521 3180 612 3235 carnis
640 3195 700 3236 cuna
725 3183 860 3239 universis
874 3185 932 3240 suis
973 3189 1191 3248 communicetis.
1217 3191 1246 3244 ln
1269 3185 1400 3257 predicta
1424 3183 1496 3239 euim
1511 3180 1610 3236 sinodo
1627 3177 1684 3245 jam
1699 3185 1795 3230 omnes

111 3265 301 3335 complicibus.
326 3268 393 3322 ltem
408 3267 526 3324 domnus
540 3269 688 3339 episcopus
708 3271 930 3344 illirtzeburgen·
972 3280 1005 3312 ἰ’
1018 3278 1310 3337 excommnuicationis
1334 3281 1362 3331 et
1379 3271 1561 3330 anathematis
1587 3271 1652 3322 sunt
1684 3261 1794 3318 vinculi»

110 3353 145 3408 sis
164 3363 302 3426 praesente
317 3363 345 3411 et
359 3363 526 3425 cooperante
552 3358 627 3414 sedis
653 3361 813 3429 apostolice
840 3362 931 3432 legato
973 3369 1107 3437 innodati,
1137 3375 1165 3422 et
1193 3377 1222 3423 ur
1244 3365 1344 3421 nullam
1368 3361 1510 3418 victoriam
1535 3355 1642 3427 possint
1656 3352 1792 3414 obtinere,

111 3441 208 3500 domno
237 3444 398 3501 Bernhardo
428 3459 523 3503 omues
545 3447 609 3503 illos
623 3449 869 3517 anathematizavit,
883 3453 930 3520 qui
974 3458 1045 3514 beari
1074 3457 1106 3488 ⁵⁵⁰
1129 3457 1204 3512 Petri
1224 3458 1360 3524 potestate
1388 3454 1453 3505 suut
1475 3443 1609 3514 obligati,
1638 3443 1667 3493 ut
1697 3437 1792 3492 salteru

110 3537 168 3588 ιιῑιι
195 3532 237 3589 vel
259 3532 377 3591 consilio
393 3535 419 3590 in
446 3534 931 3607 hocculpabiltselllierssssb(1⁰0⁶
973 3547 1062 3601 coacti
1090 3541 1305 3603 confundantur,
1321 3544 1378 3593 eta
1398 3539 1485 3590 morte
1509 3531 1661 3586 animarum
1684 3535 1793 3580 suarum

110 3619 244 3678 illeasua
264 3623 332 3678 sede
363 3622 517 3693 prohibitus
545 3631 597 3680 est.
629 3626 713 3694 Cujus
736 3625 932 3694 prohibitionis
974 3633 1188 3688 ntemplatione
1217 3621 1338 3699 propriae
1360 3623 1390 3655 ⁸⁵¹
1421 3621 1517 3691 patriae
1547 3613 1795 3672 concremantes

109 3718 273 3769 auctornon
300 3712 421 3768 incertus
436 3719 496 3775 est;
513 3714 560 3784 qui
575 3714 657 3769 etiam
677 3715 705 3769 iu
719 3715 843 3783 ejusden
857 3713 932 3770 sedis
972 3727 1074 3787 autem,
1103 3719 1202 3774 iratres
1230 3713 1376 3778 carissimi,
1409 3710 1444 3766 de
1472 3721 1514 3763 me
1543 3704 1574 3736 ⁸³¹
1603 3700 1678 3758 nullo
1711 3697 1794 3754 modo

110 3798 224 3865 ciuitate,
259 3801 289 3855 in
319 3814 372 3869 qua
396 3814 465 3870 pene
486 3814 566 3857 neruo
599 3815 653 3857 uon
681 3803 933 3859 excommunicatus
973 3809 1116 3872 dubitetis,
1131 3805 1206 3876 qnod
1232 3805 1340 3874 injuste
1369 3799 1441 3870 parti
1464 3797 1585 3852 scienter
1604 3787 1794 3860 aliquomodo

109 3893 156 3950 est,
172 3888 397 3960 frequentissime
423 3898 556 3947 moratur.
585 3892 656 3947 Ecce
684 3891 932 3947 audiritsauctitas
973 3898 1083 3955 faveam,
1112 3897 1196 3967 Magis
1223 3893 1295 3950 enim
1333 3904 1383 3961 pro
1418 3893 1507 3944 vestra
1543 3882 1631 3939 salute
1664 3877 1793 3934 desidero

110 3984 203 4046 restra,
220 3992 306 4049 quam
322 3980 414 4035 multis
429 3980 518 4035 modis
532 3979 573 4035 vir
588 3980 634 4035 ille
649 3994 710 4036 cum
730 3981 787 4036 suis
802 3978 932 4050 dampna·
974 3993 1087 4042 mortem
1102 3985 1206 4052 subire,
1231 3992 1312 4053 quam
1339 3980 1423 4035 totius
1447 3973 1542 4032 munifi
1555 3969 1670 4044 8¹⁰si³¹¹¹
1687 3965 1722 4022 ιι]
1737 3980 1795 4023 *¹⁰⁵⁹

109 4070 149 4122 tus
162 4069 197 4124 sit
211 4078 240 4125 et
254 4082 322 4124 vore
351 4069 551 4139 dampnandus.
578 4071 713 4140 liogannes
730 4083 795 4140 ergo
814 4083 863 4126 vos
883 4083 932 4139 per
974 4084 1044 4132 trum
1061 4075 1201 4132 interitum
1228 4073 1360 4142 arripere.
1377 4067 1453 4136 Quod
1478 4065 1502 4120 si
1516 4062 1601 4132 aliliUi
1626 4058 1661 4114 (ιθ
1675 4056 1794 4113 ‘mmm

109 4167 202 4213 nomen
227 4157 337 4214 Domini
353 4160 441 4214 nostri
459 4160 523 4214 iesu
542 4158 654 4222 Christi,
670 4165 698 4214 et
712 4173 762 4229 per
776 4173 838 4214 enm
853 4161 932 4228 eujus
973 4165 1080 4232 confisi,
1097 4165 1197 4220 litteris
1219 4161 1261 4217 vel
1285 4158 1377 4216 verbis
1405 4155 1485 4212 aliter
1503 4152 1581 4209 robis
1600 4145 1792 4208 iudicaverint,

109 4244 188 4302 ricem
212 4248 309 4319 agitis,
339 4255 369 4302 ut
383 4247 406 4302 si
419 4247 473 4316 jam
495 4246 610 4318 prolatis
623 4248 652 4303 in
667 4249 777 4304 eosdem
806 4248 932 4304 homiues
974 4253 1146 4309 nullomodo
1162 4253 1202 4307 eis
1216 4250 1248 4282 ⁵⁶¹
1270 4245 1463 4317 acquiescatis.
1479 4244 1563 4297 beura
1578 4237 1651 4293 enim
1667 4235 1794 4290 timemus

109 4335 247 4391 sententiis
262 4334 370 4404 aliquid
399 4334 586 4403 superaddere
613 4339 796 4393 necessarium
812 4352 866 4393 non
884 4352 932 4407 pu·
974 4347 1002 4396 et
1026 4353 1076 4410 pro
1098 4339 1157 4408 ejns
1180 4337 1213 4369 ἰι
1235 4349 1328 4393 amore
1353 4331 1466 4388 cottidie
1492 4325 1648 4396 affligimur.
1678 4328 1705 4376 θῑ
1730 4318 1792 4374 ιιθθ

110 4422 177 4488 tatis,
188 4425 243 4481 hoc
260 4432 354 4480 tamen
368 4424 522 4480 tirmissime
540 4425 720 4494 prohibeatis,
737 4439 770 4482 ue
785 4426 828 4482 vel
842 4426 870 4481 iu
881 4400 1128 4498 hachuperbtam
1158 4435 1185 4483 et
1210 4425 1411 4482 oblectamenta
1439 4413 1525 4472 seculi
1559 4405 1790 4481 parvipendimus,

109 4519 196 4568 ειιιιιι
211 4515 281 4570 sede
298 4511 339 4568 rel
363 4513 466 4569 alicubi
489 4515 523 4568 ad
548 4514 768 4570 communionem
792 4515 931 4585 recipian—
973 4519 1037 4587 quia
1053 4518 1108 4572 cito
1123 4515 1196 4587 apud
1212 4528 1273 4570 euru
1289 4505 1427 4568 consolari
1440 4502 1629 4559 indubitanter
1643 4494 1790 4551 credimus.

111 4603 159 4668 tur,
180 4603 343 4674 priusquam
362 4601 488 4658 ecclesiis
512 4616 581 4673 quas
604 4602 736 4659 laeserunt
750 4603 929 4668 satislaciaut,
971 4607 1202 4676 omnipotenso
1230 4600 1388 4658 misericors
1417 4597 1497 4658 Deus,
1527 4588 1575 4660 qui
1604 4586 1674 4643 ultra
1703 4595 1790 4653 spem,

111 4701 140 4745 ne
153 4705 219 4762 grex
233 4692 317 4749 robis
331 4693 493 4748 commissus
521 4692 638 4762 amplius
653 4693 687 4748 ab
702 4693 743 4749 eis
763 4694 931 4749 contamine-
973 4694 1044 4750 ultra
1059 4695 1186 4749 meritum
1214 4690 1360 4745 miseretur
1383 4693 1411 4742 et
1425 4681 1584 4738 consolatur
1598 4689 1649 4732 uos
1663 4674 1691 4729 iu
1707 4670 1792 4727 tribu·

111 4783 159 4846 tur,
175 4789 202 4838 et
218 4796 253 4838 ne
283 4782 432 4852 pessimum
452 4782 520 4838 illud
535 4780 699 4838 fermentum
715 4791 799 4838 totam
815 4797 929 4838 massam
972 4783 1074 4839 latione
1103 4787 1207 4846 nostra,
1238 4779 1344 4849 aperiat
1371 4776 1561 4831 terrestrum
1590 4767 1618 4822 in
1644 4764 1707 4833 lege
1730 4773 1790 4824 sua,

110 4877 274 4942 ιῡιιιῐῐιιιῑ·
298 4890 311 4921 ³
971 4881 1000 4928 et
1012 4871 1044 4904 ιι·
1058 4871 1086 4926 in
1102 4869 1250 4942 preceptis
1271 4866 1329 4923 suis
1353 4863 1496 4921 confirmet
1509 4871 1568 4924 vos,
1585 4860 1614 4911 ut
1628 4849 1792 4909 auctoritate

789 4988 898 5044 VARlAE
927 4988 1117 5046 LECTIONES.

142 5098 173 5130 ¹⁸
186 5100 352 5158 altariorum
371 5100 393 5155 l.
431 5100 602 5157 11ἰἰιιιιι
628 5101 648 5156 i.
676 5099 699 5157 ι.
737 5099 770 5132 ⁸⁸⁸
793 5102 865 5159 deest
883 5101 950 5160 ta.
975 5103 1104 5175 supplerit
1131 5098 1256 5158 Ecllmrt.
1294 5095 1326 5128 ι’·
1349 5096 1394 5151 Gr.
1420 5091 1605 5164 episcopuss.
1625 5083 1749 5156 deq-Vl,
1769 5081 1791 5134 1.

110 5166 139 5200 “’
159 5176 186 5230 et
208 5171 306 5230 clades
330 5175 361 5230 ιι.
399 5171 430 5204 ¹⁸¹
454 5179 482 5228 et
506 5187 558 5244 pax
581 5171 609 5226 h.
629 5174 660 5228 ιι.
699 5171 731 5204 ³⁸¹
755 5173 826 5230 decet
850 5173 876 5228 2.
915 5173 948 5206 ἰ’
972 5175 1044 5232 deest
1067 5175 1099 5230 ιι.
1136 5169 1216 5244 ιιι.
1240 5166 1393 5240 iniustitior
1411 5162 1483 5221 euim
1502 5173 1567 5232 pars
1586 5171 1609 5213 r.
1625 5158 1657 5213 R.
1695 5153 1793 5242 ⁵*pr-

111 5247 203 5300 testate
219 5246 250 5302 ιι.
292 5243 381 5314 ”lep
399 5258 488 5314 neque
513 5252 657 5347 utramque
680 5245 712 5300 ι.
750 5243 782 5276 ⁵⁸¹
798 5251 978 5318 procurarent
992 5248 1025 5303 ιι.
1062 5243 1095 5276 ¹⁸⁸
1108 5241 1275 5316 adjutorium
1289 5242 1321 5296 li.
1359 5236 1392 5269 ι’
1410 5250 1437 5293 o.
1454 5238 1527 5290 sunt.
1544 5245 1570 5288 e.
1591 5233 1619 5284 et
1632 5242 1657 5284 a.
1678 5239 1704 5282 ι.
1719 5241 1737 5282 ι.
1759 5226 1791 5281 ιι.

109 5309 138 5342 ”⁸
150 5321 210 5396 pot.
227 5315 256 5372 b.
272 5317 302 5372 P.
319 5322 384 5372 suut
399 5315 503 5386 altigati
520 5317 551 5371 li.
590 5311 610 5346 ⁸⁸
636 5314 890 5386 dpatrlaevestrac
904 5320 936 5375 ιι.
975 5315 1007 5349 ”¹
1022 5317 1103 5373 deest.
1124 5315 1147 5372 l.
1186 5311 1333 5368 ⁵³⁸illisli.
1371 5307 1484 5364 'roceo
1501 5304 1526 5358 1.
1562 5297 1793 5356 ⁸⁰⁸etcontiruet

109 5397 132 5440 v.
148 5399 176 5442 ιιι
195 5399 224 5456 p.
239 5401 264 5442 s.
283 5390 314 5444 li.

901 5461 1010 5517 NOTAE.

142 5571 202 5644 (lb)
215 5575 247 5632 lu
263 5575 382 5648 liegesto
397 5573 522 5648 Gregorii
536 5573 636 5631 littere
650 5571 711 5631 istae
726 5573 797 5631 datae
812 5575 942 5634 dicuutur
955 5577 1055 5648 Capuae
1072 5571 1131 5632 lial.
1146 5574 1209 5628 luu.
1226 5568 1284 5627 iud.
1305 5567 1328 5624 l.
1346 5565 1455 5640 (totu.)
