4024 6174
102 315 147 369 497
749 329 792 384 bit
811 331 918 386 unito
936 331 1109 387 sexoniuo.
1718 339 1773 392 divit

103 441 165 495 bavit
182 453 210 494 se
231 454 247 496 a
271 443 358 513 gratie
377 446 450 516 regis
469 460 525 503 non
544 449 650 516 abesse,
667 451 711 507 eni
731 459 838 509 secreta
852 453 1005 533 nonJAnisi
1033 469 1082 512 ens
1109 455 1231 512 thoracis
1262 454 1395 512 iortitudn
1423 456 1580 526 repulisset.
1611 459 1658 515 ilie
1683 467 1772 519 tannen

103 529 228 584 dubitaret
250 535 281 585 ιιι
307 539 387 589 antea
411 535 543 600 credere:
573 539 674 595 deinde
699 541 763 611 quia
791 545 910 612 speravit
950 545 985 599 ad
1005 559 1096 616 regem
1116 545 1250 618 pervenit,
1271 551 1298 602 et
1321 545 1347 602 ei
1369 545 1488 616 qualiter
1511 555 1574 602 aute
1599 547 1690 603 cubile
1714 552 1773 618 elus

102 633 127 674 se
149 617 289 688 legationis
311 620 394 691 hujus
416 623 511 680 labore
536 627 694 684 meriturum
717 630 910 701 delegatione
950 640 1096 705 susceptus
1120 638 1194 692 esset
1217 634 1359 691 indicavit.
1384 635 1432 691 Cui
1456 649 1505 692 rex
1528 637 1661 706 praecepit
1685 641 1725 703 ut,
1750 639 1772 694 si

102 717 221 776 prospere
244 715 356 777 peracta
380 725 515 781 reversus,
531 727 586 771 non
607 729 719 786 parvum
739 731 755 772 a
778 732 842 791 rege
858 719 908 776 de·
950 721 1084 793 deinceps
1105 725 1196 782 vivere
1220 723 1321 792 vellet,
1347 723 1400 781 boc
1423 724 1458 779 ab
1476 737 1510 780 eo
1530 723 1622 780 nullus
1645 739 1772 796 umquam

102 796 169 850 beret
190 795 316 867 accipere
339 798 523 869 beneficium
548 817 598 861 nec
622 805 682 862 haeu
697 807 780 864 etiam
798 809 909 864 minime
949 811 1043 867 sciret.

101 881 246 952 initcausa,
262 887 327 956 quia
348 887 467 946 libenter
489 891 584 951 aberat
603 908 618 950 a
642 895 728 954 curia.
744 897 830 969 igitur
843 911 909 968 per·
992 899 1022 952 15
1043 900 1174 956 ominibus
1197 900 1241 955 bis
1265 901 1344 956 mulis
1366 901 1419 957 boc
1445 902 1543 958 malurn
1568 903 1772 972 superaddidit,

101 972 178 1037 rexit,
208 985 260 1030 nec
287 975 377 1032 adbuc
404 979 471 1048 quid
499 981 534 1037 de
562 996 591 1038 se
621 983 786 1054 dispositum
814 985 910 1042 luisset
950 988 1025 1058 quod
1049 988 1150 1044 ceteris
1173 989 1302 1045 omnibus
1321 990 1453 1058 malisei
1474 991 1595 1061 antiquis
1617 989 1774 1048 iinmemen-

91 1059 232 1150 intellexit.
258 1063 323 1120 Post
343 1064 449 1136 aliquot
466 1082 533 1125 vern
557 1069 627 1139 dies,
648 1085 710 1129 cnm
725 1087 839 1144 vespere
857 1073 911 1130 de-
950 1083 1008 1132 tum
1032 1091 1087 1147 quo
1106 1077 1240 1148 vigerent,
1265 1083 1293 1132 et
1317 1078 1396 1134 novis
1417 1093 1473 1148 qno
1492 1083 1637 1151 surgerent
1655 1080 1774 1147 initium,

99 1149 219 1206 cibasset
246 1152 274 1207 in
293 1152 493 1224 diversorium,
517 1159 597 1227 jubet
618 1160 672 1216 sibi
694 1161 797 1219 bonurn
820 1162 909 1233 pareri
951 1165 1036 1222 dedit.
1053 1165 1207 1235 Episcopus
1224 1166 1296 1221 enim
1317 1180 1372 1222 ιιοιι
1392 1179 1443 1237 pro
1462 1167 1594 1237 qualitate
1614 1169 1774 1225 meritorum

98 1239 253 1296 convivium.
279 1244 402 1314 Cumque
427 1245 483 1315 iarn
510 1248 626 1305 comites
653 1252 714 1320 ejus
741 1251 909 1323 aliquantum
950 1254 1102 1311 seeundum
1125 1267 1261 1311 canonum
1285 1255 1397 1310 decreta
1416 1256 1570 1324 constituit,
1590 1257 1640 1312 sed
1663 1258 1686 1312 si
1712 1257 1775 1326 quis

99 1327 240 1396 bibissent,
270 1331 373 1388 exilivit
399 1333 512 1391 sclavus
536 1337 663 1407 quidem,
689 1339 752 1396 vilis
780 1355 909 1412 persona,
952 1345 1082 1412 majorem
1102 1343 1245 1412 pecuniam
1268 1341 1355 1409 dedit,
1374 1342 1417 1399 vel
1441 1344 1501 1414 ipse
1520 1346 1608 1415 major
1621 1347 1681 1416 ejus
1700 1345 1775 1416 dagl-

98 1423 121 1470 et
139 1437 145 1472 :
171 1435 184 1467 ι
210 1419 323 1486 Nescio,
339 1421 418 1490 dixit,
434 1424 501 1493 quid
515 1426 646 1498 estquod
661 1441 712 1498 ego
727 1437 819 1499 porto,
835 1429 910 1500 qnod
952 1431 1053 1488 tiorum
1068 1431 1194 1488 adulator
1208 1431 1323 1497 exstitit,
1339 1431 1384 1487 iric
1399 1431 1511 1503 dignior
1524 1433 1649 1503 quolibet
1669 1434 1776 1504 episcn

98 1505 239 1576 episcopus
251 1506 271 1538 ⁸⁰
289 1509 366 1578 eppo
389 1511 472 1567 miclri
492 1514 579 1580 dedit,
595 1521 625 1571 et
643 1523 673 1572 ut
696 1518 765 1588 regi,
780 1518 815 1574 ad
830 1533 911 1589 quent
953 1527 1017 1592 patu
1042 1519 1102 1577 inii.
1127 1523 1248 1591 Cumque
1267 1520 1350 1577 alicui
1370 1522 1411 1576 sie
1430 1521 1620 1592 episcopatum
1639 1523 1774 1591 dedisset,

97 1593 188 1650 missus
202 1596 292 1665 vadis,
306 1597 398 1655 darem
414 1604 558 1673 precepit.
575 1623 589 1656 u
605 1605 683 1672 Quod
707 1621 768 1662 curn
792 1607 845 1663 sibi
866 1608 912 1663 ilie
952 1609 976 1666 si
1000 1609 1026 1665 ei
1050 1609 1119 1665 nlius
1143 1609 1204 1680 plus
1227 1609 1316 1676 daret,
1331 1607 1373 1665 vel
1393 1611 1453 1679 ejus
1471 1611 1558 1681 magis
1575 1610 1697 1667 facinora
1716 1612 1776 1667 iau-

97 1685 234 1740 nonstrari
255 1693 375 1756 rogaret,
396 1690 512 1758 protulit
535 1693 646 1748 sclavus
669 1695 814 1765 epistolem
839 1695 913 1766 regis
954 1697 1043 1764 daret,
1067 1698 1143 1753 iilum
1167 1699 1288 1768 priorem
1311 1698 1389 1768 quasi
1412 1697 1603 1768 symoniacum
1632 1697 1698 1754 iecit
1726 1699 1776 1755 de·

95 1772 203 1844 imagine
227 1774 385 1846 sigillatam.
407 1777 456 1835 ille
479 1780 518 1836 nil
536 1790 659 1840 moratus
677 1783 795 1855 sigilium
818 1784 909 1856 tregit,
922 1778 1033 1857 Bpoui,
1054 1791 1081 1842 et
1101 1787 1183 1843 istum
1201 1786 1352 1843 seeundum
1377 1787 1456 1856 quasi
1480 1793 1603 1842 sanetum
1627 1785 1655 1841 in
1679 1784 1776 1842 endem

96 1859 218 1919 clericum
242 1878 332 1931 suum,
353 1866 419 1937 quid
443 1868 491 1925 iile
517 1868 618 1928 litterae
642 1872 752 1939 vellent,
775 1887 913 1944 exponere
954 1875 1017 1932 loeo
1044 1876 1214 1932 consecrari.
1244 1873 1321 1931 Unde
1350 1875 1466 1946 contigit
1492 1881 1522 1932 nl
1546 1875 1639 1931 multae
1653 1875 1778 1931 civitates

95 1952 143 2009 sibi
162 1960 306 2028 pracepit.
322 1960 445 2017 Clericus
461 1961 537 2032 legit,
554 1966 582 2017 et
596 1962 743 2032 exposuit;
763 1962 912 2019 bisantem
953 1964 982 2020 in
1000 1964 1057 2019 iliis
1079 1965 1250 2035 temporibus
1274 1965 1344 2020 duos
1363 1965 1510 2034 episcopos
1528 1964 1609 2020 simui
1631 1964 1776 2030 baberent,

95 2055 185 2099 sensus
204 2049 313 2104 eratin
337 2048 438 2106 litteris
460 2070 466 2106 :
496 2069 510 2101 u
528 2051 606 2106 Scias
625 2051 653 2106 in
673 2049 725 2108 bne
740 2057 767 2106 te
786 2051 912 2118 maxime,
954 2066 1071 2122 quorum
1090 2057 1188 2109 neuter
1210 2052 1334 2122 episcopi
1353 2051 1487 2108 vocabulo
1507 2052 1607 2124 dignus
1625 2057 1707 2108 esset.
1729 2053 1779 2107 ita·

13 2131 15 2138 ’
95 2131 178 2198 qualis
200 2137 305 2192 amicus
329 2139 411 2194 michi
435 2139 488 2205 sis,
515 2152 597 2210 posse
620 2143 789 2205 monstrare,
813 2139 837 2194 si
860 2139 914 2196 boc
953 2140 1168 2210 venbergensem
1187 2140 1209 2171 ⁸⁸
1237 2140 1442 2210 episcopatum,
1472 2144 1526 2195 tam
1551 2140 1634 2196 rebus
1656 2140 1779 2196 exterius

94 2217 214 2276 eneceris
238 2229 269 2280 ut
291 2227 344 2282 iste
363 2241 440 2283 meus
463 2230 576 2285 nuntius
600 2242 748 2299 numquam
771 2229 800 2284 iu
824 2241 914 2284 meum
954 2228 1066 2285 divitem
1077 2242 1158 2299 quarn
1173 2228 1344 2298 sapientibus
1358 2228 1485 2298 personis
1499 2229 1574 2283 intus
1583 2229 1777 2295 venerabilem,

95 2319 204 2376 reguum
229 2315 317 2381 possit
336 2329 477 2380 remeare:
500 2317 573 2388 quod
588 2322 679 2374 utrum
695 2317 714 2348 ⁸¹
731 2323 836 2372 aeterno
851 2330 914 2372 car·
953 2318 1063 2376 cuidam
1078 2318 1205 2389 mangoni
1220 2317 1312 2384 dedit,
1332 2318 1416 2374 imnrn
1432 2330 1481 2387 pro
1496 2316 1681 2372 inestimabili
1696 2331 1779 2389 pecu·
1835 2347 1838 2356 ι

90 2408 148 2452 rere
164 2399 208 2454 vei
225 2401 320 2468 potius
333 2402 436 2459 eidcias
454 2412 552 2473 morte,
568 2405 652 2461 nicbii
673 2412 737 2476 puta
756 2405 877 2462 dilierre.
899 2426 912 2456 ι
955 2412 1000 2465 nia
1022 2408 1157 2475 vendidit,
1186 2407 1234 2478 qui
1257 2405 1357 2463 meiius
1379 2406 1485 2462 sciebat
1507 2418 1634 2462 nummos
1661 2412 1779 2462 monetae

88 2485 201 2542 litteris
220 2489 318 2558 itaque
340 2493 511 2563 consumptis
528 2494 586 2565 igni
600 2496 659 2564 ipse
674 2496 756 2551 iaetus
770 2495 914 2551 itersuum
955 2497 1103 2568 cujuslibet
1126 2496 1273 2563 aestimare,
1300 2509 1381 2566 quarn
1405 2500 1509 2551 textum
1533 2492 1682 2564 cujuslibet
1705 2493 1779 2560 libri,

85 2575 207 2645 peregit,
239 2575 403 2647 legationem
426 2581 577 2652 prudenter
598 2583 730 2653 implevit,
752 2597 808 2640 nou
832 2595 916 2653 parvo
955 2600 990 2643 ne
1005 2587 1093 2642 dicatu
1109 2587 1263 2657 intelligere
1277 2585 1320 2641 vel
1336 2597 1486 2655 exponere,
1502 2583 1598 2640 saitem
1618 2582 1781 2655 regulariter

89 2677 204 2720 munere
220 2666 341 2724 donatus
354 2670 446 2737 rediit,
462 2671 575 2730 domino
589 2685 639 2728 suo
654 2674 712 2744 regi
728 2672 829 2744 regalis
843 2671 916 2728 dona
956 2674 1146 2746 pronuntiare.
1162 2675 1212 2741 Qui
1228 2679 1285 2730 turn
1300 2673 1328 2729 in
1344 2687 1424 2729 sacro
1439 2671 1532 2728 oidcio
1547 2671 1648 2742 vigiliae
1663 2670 1781 2742 pascalis

91 2754 221 2821 portavit.
956 2763 1071 2834 primam
1096 2777 1129 2818 ex
1152 2776 1228 2819 more
1252 2762 1399 2819 lectionem
1419 2774 1513 2817 coram
1532 2759 1704 2831 sapientibus
1722 2759 1780 2816 cie·

129 2840 171 2895 ii.
197 2843 239 2899 De
260 2845 379 2914 quodam
402 2847 500 2904 intimo
524 2849 611 2919 ipsius
634 2849 812 2916 consiliario,
837 2851 916 2919 cvvjus
956 2852 1022 2908 ricis
1050 2850 1268 2922 pronuntiavit:
1298 2869 1312 2900 ιι
1341 2851 1424 2906 Τιιιι
1452 2853 1544 2905 autern
1564 2848 1736 2904 erat'inanis
1754 2852 1782 2903 et
1810 2878 1812 2886 .
1887 2855 1890 2862 '

94 2930 255 2988 vocabulum
269 2934 341 2990 sicut
359 2935 474 2992 aliorum
490 2937 637 2994 multorum
652 2944 752 3009 sponte
766 2943 914 3008 pretereo,
955 2929 1055 2994 vacca!
1078 2957 1091 2989 e
1112 2940 1174 3008 ipse
1197 2938 1336 3004 nimirum,
1356 2937 1422 2992 iicet
1445 2936 1535 3006 bipes,
1557 2949 1639 2992 vacce
1658 2935 1739 2992 bruta
1754 2941 1783 2990 et

95 3031 148 3074 rem
163 3023 307 3092 comperi,
332 3037 412 3094 quarn
432 3025 538 3083 idcirco
553 3027 598 3083 bic
618 3027 721 3097 placuit
734 3027 834 3093 inseri,
850 3027 914 3096 quia
955 3025 1029 3083 omui
1058 3026 1195 3097 probitate
1223 3032 1325 3081 ιιιιιιιι
1353 3026 1414 3095 ipse
1442 3029 1553 3092 temen,
1578 3022 1702 3094 quamvis
1729 3035 1782 3079 nec

94 3107 144 3164 duo
160 3121 216 3165 non
233 3111 345 3168 minima
359 3114 484 3171 eontinet
497 3116 525 3171 in
544 3131 574 3172 se
593 3117 666 3187 regis
677 3115 753 3183 vitia,
769 3129 831 3185 quae
850 3099 1007 3172 suntsssuo
1022 3129 1073 3172 nee
1092 3113 1228 3181 ecclesiae,
1254 3127 1335 3184 quam
1360 3113 1420 3182 ipse
1444 3112 1523 3182 quasi
1542 3111 1691 3183 regendam
1706 3125 1783 3168 acce·

95 3196 219 3254 videlicet
242 3198 393 3256 crudelitas
417 3209 445 3258 et
468 3202 585 3260 luxuria.
611 3205 661 3260 liic
684 3219 746 3262 curn
763 3218 819 3262 non
841 3211 914 3260 esset
955 3210 1127 3276 perat„aurn
1144 3205 1270 3274 parceret
1285 3206 1314 3257 ut
1328 3201 1444 3273 gratiern
1463 3200 1537 3271 regis
1551 3200 1701 3268 obtineret,
1720 3201 1781 3270 ipso

95 3291 204 3343 ortus·a
227 3289 356 3356 διιοιιιι,
382 3291 460 3348 duxit
484 3306 596 3349 uxorem
615 3297 705 3349 natam
732 3293 766 3350 de
784 3294 913 3359 &unuin
956 3307 1020 3364 rege
1038 3291 1203 3349 consiliante
1218 3291 1378 3360 deponitur,
1395 3295 1423 3344 et
1438 3289 1615 3360 episcopatus
1628 3287 1676 3343 alii
1690 3287 1782 3354 datur,

96 3373 221 3446 virginem
247 3383 304 3434 tam
326 3377 474 3436 formosam
497 3395 615 3452 corpore
638 3397 719 3452 quam
742 3389 770 3438 et
793 3382 914 3439 nobilem
956 3395 1012 3439 non
1027 3383 1074 3453 qui
1088 3381 1143 3436 vita
1158 3384 1186 3435 et
1200 3379 1335 3448 sapientia
1354 3378 1391 3433 sit
1414 3377 1577 3445 episcopatu
1596 3374 1717 3443 dignior,
1732 3373 1782 3429 sed

95 3475 200 3532 genere.
228 3468 291 3522 Rex
308 3467 367 3538 ipse
386 3483 445 3525 enm
465 3470 506 3527 illi
529 3485 544 3525 a
567 3471 728 3542 perentibus
746 3474 806 3542 ejus
829 3474 915 3542 impe·
957 3471 1005 3541 qui
1019 3471 1093 3540 regis
1107 3467 1273 3538 liagitiorurn
1288 3466 1376 3534 maior
1391 3464 1418 3519 in
1433 3463 1562 3518 omnibns
1576 3461 1673 3516 luisset
1692 3473 1785 3516 assen-

96 3555 187 3622 trsvit,
212 3570 264 3613 rex
285 3557 344 3626 ipse
363 3559 467 3628 nuptiis
481 3559 615 3626 interluit,
631 3560 680 3617 sed
695 3559 808 3616 dubium
824 3568 915 3616 utrum
956 3563 1040 3614 tator.

97 3644 174 3713 nugis
187 3658 240 3715 pro
262 3646 358 3714 sponsi
378 3647 484 3704 bonore
502 3649 579 3704 veli·
603 3663 653 3718 pro
677 3663 771 3706 amore
794 3662 914 3718 sponsae.
995 3647 1038 3702 16,
1063 3646 1139 3700 inter
1161 3643 1222 3698 baec
1248 3640 1339 3696 omnia
1359 3639 1415 3708 jam
1438 3637 1557 3692 abeunte
1586 3635 1783 3700 adolescentia,

96 3731 213 3789 Nondum
240 3734 292 3790 ille
318 3734 492 3805 desponsatae
518 3736 540 3768 ⁸⁸
566 3736 707 3808 virginalis
731 3737 872 3808 pudicitiae
896 3735 917 3766 ⁸⁸
958 3748 1022 3791 mox
1045 3739 1075 3789 ut
1097 3731 1275 3787 ddalbertum
1304 3728 1478 3782 Brernensem
1502 3724 1664 3794 episcopum
1688 3727 1786 3778 nactus

96 3820 222 3887 pudorem
237 3822 381 3892 deposuit,
398 3837 460 3880 cum
484 3838 533 3880 rex
556 3825 630 3881 omni
656 3826 762 3895 pudore
777 3825 915 3896 deposito,
959 3828 1001 3879 est
1016 3818 1221 3884 consiliarium,
1246 3815 1334 3886 ipsius
1353 3812 1530 3870 suasionibus
1548 3811 1633 3882 caepit
1647 3812 1675 3868 in
1691 3810 1785 3867 deser-

97 3913 123 3962 ιι
135 3923 192 3965 eam
211 3911 270 3968 sibi
286 3911 320 3966 ad
342 3911 442 3968 lectum
465 3927 544 3969 suum
568 3913 700 3980 mitteret,
723 3914 811 3984 ipsum
830 3927 917 3985 spon·
959 3911 1030 3968 tis-⁸¹
1044 3910 1114 3966 iocis
1128 3908 1199 3965 altos
1217 3911 1245 3962 el
1268 3911 1367 3960 natura
1385 3901 1506 3959 munitos
1525 3906 1634 3957 montes
1647 3913 1783 3970 quaerere,

97 4009 150 4052 snm
174 4000 316 4069 petivit.»
340 4002 407 4058 Cum
430 4015 482 4058 nec
506 4002 588 4058 ullam
612 4016 680 4070 rem,
700 4002 845 4070 divitiiis,
866 4016 918 4060 uec
959 4001 1039 4058 etin
1063 3998 1107 4055 ivis
1130 3993 1289 4067 hujusmodi
1312 3990 1426 4049 castella
1449 3990 1595 4059 fabricare,
1621 4003 1684 4059 que
1708 3988 1732 4045 si
1756 3989 1783 4044 in

98 4084 177 4155 ipsam
191 4089 280 4146 vitam
293 4089 373 4147 vobis
395 4104 515 4161 uuquam
533 4090 614 4148 velim
640 4105 754 4163 negare,
776 4091 837 4148 bec
859 4091 918 4148 sola
961 4090 1030 4146 iocis
1052 4083 1275 4156 competentibus
1297 4086 1422 4148 starent,
1452 4080 1550 4150 ingens
1578 4091 1663 4150 reguo
1691 4077 1784 4136 druna-

100 4187 140 4230 res
154 4183 194 4232 est
212 4192 300 4249 quam
323 4191 374 4234 nee
397 4193 446 4236 vos
473 4180 554 4236 decet
572 4193 586 4235 a
606 4193 650 4235 me
671 4187 775 4250 petere,
798 4194 848 4238 nec
867 4195 918 4252 ego
959 4182 1081 4234 mentum
1106 4172 1186 4231 simul
1215 4175 1244 4228 ct
1271 4175 1461 4228 ornamentum
1485 4167 1506 4199 ι’
1533 4167 1634 4223 locent.
1663 4168 1783 4234 Quorum

98 4264 168 4322 vobis
182 4281 299 4338 possum
310 4268 472 4325 concedere.
486 4289 500 4322 u
513 4270 580 4336 lien,
592 4282 706 4340 maguus
720 4269 917 4336 dissimulator,
960 4269 1077 4340 primum
1096 4269 1124 4321 et
1148 4262 1294 4319 marimum
1318 4257 1486 4327 iiartesburg
1509 4254 1657 4325 appellavit
1678 4273 1684 4308 :
1709 4255 1784 4354 qnod

98 4351 215 4412 dolorem
230 4371 316 4428 quem
330 4356 352 4388 *⁶
370 4357 399 4412 in
413 4357 497 4414 eorde
512 4371 638 4429 maguum
653 4358 759 4426 babuit,
775 4371 827 4414 uec
841 4359 915 4415 vultu
961 4360 1000 4414 lta
1014 4355 1078 4412 lorti
1093 4365 1172 4411 muro
1187 4356 1216 4407 et
1229 4349 1353 4406 turribus
1371 4352 1399 4402 et
1417 4343 1506 4415 portis
1523 4343 1645 4398 exterius
1659 4341 1785 4407 munivit,

99 4454 145 4498 nec
167 4445 261 4502 verbis
285 4445 416 4502 ostendit.
441 4447 506 4503 Post
529 4461 584 4504 uon
608 4446 709 4504 multos
732 4453 823 4504 autent
845 4419 1000 4514 dieleita
1018 4443 1157 4515 regalibus
1179 4437 1304 4496 edificiis
1326 4435 1400 4491 intus
1422 4430 1585 4489 adornavit.
1610 4428 1785 4530 taleltnona·

101 4543 155 4588 cnm
179 4534 227 4590 ille
249 4537 307 4606 jem
332 4549 446 4591 suemus
469 4536 554 4592 nichil
578 4535 631 4591 sibi
657 4535 776 4604 timeret,
798 4551 846 4593 rex
863 4535 920 4593 iere
962 4535 1076 4591 sterium
1100 4529 1213 4599 inipso
1237 4523 1411 4590 construxit,
1435 4519 1505 4576 tales
1529 4524 1698 4620 ornatusqrn
1726 4529 1787 4586 ipso

100 4621 182 4678 nediu
201 4631 289 4681 nocte
308 4625 382 4679 misit
405 4624 439 4680 ad
464 4638 536 4692 euro,
561 4625 726 4696 precipiens
740 4630 771 4682 nt
791 4625 868 4682 solus
886 4625 921 4681 ad
963 4619 1130 4679 monasterio
1145 4617 1301 4683 collocavit,
1322 4613 1391 4670 tales
1409 4617 1437 4667 et
1456 4614 1497 4666 tot
1516 4606 1636 4710 clericus
1653 4605 1719 4662 rliue
1738 4619 1789 4661 un-

101 4723 127 4764 se
140 4715 258 4770 veniret.
277 4712 325 4771 ilie
339 4715 473 4784 quamvis,
494 4729 570 4772 more
592 4717 665 4788 regis
686 4717 809 4786 cognito,
829 4723 923 4773 certus
963 4713 1047 4783 dique
1062 4707 1249 4780 congregavit,
1266 4705 1306 4760 uti
1321 4701 1341 4734 ι’
1360 4701 1467 4771 aliquot
1482 4695 1654 4769 episcopales
1676 4694 1753 4750 loeus
1766 4693 1788 4724 ⁸⁰

101 4807 169 4856 esset
191 4802 271 4873 quod
295 4802 325 4858 in
353 4803 413 4874 ipsa
437 4809 518 4861 noane
535 4804 605 4860 mori
629 4804 790 4873 debuisset,
819 4811 921 4873 umen,
964 4803 1038 4859 omni
1064 4812 1115 4856 suo
1143 4801 1276 4867 apparatu
1304 4791 1488 4862 equiparare
1509 4787 1542 4854 ⁸¹,
1575 4783 1682 4886 aliquot
1705 4783 1787 4839 etiam

102 4901 152 4956 quo
171 4891 336 4960 jubebatur,
358 4891 427 4960 ivit;
460 4893 510 4949 sed
538 4894 615 4963 prins
642 4893 757 4951 ioricam
787 4894 923 4965 triplicem
964 4887 1182 4948 transcenderet.
1205 4879 1340 4953 Quicquid
1364 4881 1478 4934 ornatus
1496 4872 1676 4931 ecclesiastici
1690 4885 1788 4974 qnem-

102 4977 194 5036 subtus
218 4981 342 5038 tunicam
366 4982 468 5040 induit.
491 4985 614 5053 Cumque
637 4983 671 5038 ed
689 4982 854 5041 vestibulum
873 4999 923 5040 cu·
965 4981 1033 5038 libet
1052 4978 1212 5048 episcopum
1231 4970 1318 5042 magis
1335 4967 1467 5023 decorum
1479 4963 1591 5019 videbat
1604 4961 1717 5029 babere,
1731 4975 1789 5060 sive

104 5065 162 5123 bilis
185 5071 256 5142 regii
281 5072 411 5141 venisset,
437 5086 502 5128 ecee
524 5072 579 5128 duo
603 5072 687 5144 gladii
711 5072 744 5129 ad
764 5074 820 5130 drvo
839 5072 925 5130 latera
967 5071 1108 5142 praecepto
1132 5064 1189 5120 sive
1213 5059 1343 5131 precibus
1369 5059 1522 5123 acceptum,
1547 5065 1598 5108 suo
1621 5055 1788 5106 monasterio

104 5155 158 5224 ejus
180 5157 278 5226 aidini.
302 5162 331 5216 in
356 5160 453 5217 mediis
467 5162 526 5232 ejus
540 5161 692 5218 visceribus
710 5161 763 5220 sibi
783 5161 927 5219 obviarent
966 5160 1095 5218 studebat
1126 5152 1262 5212 conferre.
1293 5149 1390 5203 cetere
1418 5157 1483 5200 vero
1511 5141 1622 5198 castella
1650 5151 1706 5195 non
1733 5145 1788 5195 tem

783 5307 897 5362 VARIAE
915 5305 1108 5364 LECTlONES.

105 5423 349 5551 ι·ῗιιιθιίιιῗιίιῗεῐ1δίε
372 5429 450 5552 Epfo
468 5425 515 5528 2³⁸⁷
535 5426 571 5508 '⁸¹
585 5426 739 5550 1ηαῖἯι
757 5441 804 5484 m
823 5429 846 5482 ¹⁸
883 5427 924 5552 ¹⁸¹
941 5420 1037 5552 anili.
1065 5423 1113 5550 dd„
1127 5417 1273 5548 ιίιίῗεῖρῧῗιῑῖ
1290 5417 1313 5473 ι’
1344 5411 1519 5540 ’ἰιιοιέιιιαῗἰυίθ
1536 5407 1787 5551 illequippleursstrnetll

104 5510 396 5635 equiperamiggenem
432 5541 438 5554 .
531 5501 569 5554 rin
603 5539 610 5564 ,
645 5536 651 5550 .
744 5505 870 5555 ornatutn
901 5537 909 5554 .
997 5511 1063 5552 vnn
1103 5538 1109 5550 .
1282 5530 1288 5543 .
