4034 6152
211 279 265 336 999
819 249 987 328 99999919
1005 271 1049 326 nn
1068 265 1281 327 9999999999.
1450 299 1454 305 1
1829 271 1900 326 1000

210 407 294 474 Quem
310 405 404 472 postea
424 400 514 456 locum
538 398 596 454 suis
613 397 754 453 illustrans
768 395 880 452 scholiis
895 396 1030 451 blariacus
1037 394 1231 464 Aapostolicae
1273 391 1440 449 mandalum.
1473 392 1496 445 A
1532 403 1585 460 qua
1622 390 1733 460 quidem
1769 393 1897 452 Ecclesia

212 474 360 541 Victorius,
380 471 573 527 hachahebat
593 489 600 524 ι
624 467 834 523 9191991999
849 472 924 535 99999
942 468 1029 522 999991
1071 473 1100 522 99
1126 466 1192 522 9919
1216 465 1373 534 quicunque
1402 460 1540 528 dissentit,
1575 474 1664 517 «non
1693 469 1736 518 999
1767 478 1799 520 99
1831 482 1898 524 vera

211 543 370 615 Hieronymi
389 548 513 613 tempore
536 541 617 597 etiam
635 539 745 594 Oriente
761 536 873 593 caelibes
890 535 973 594 luisse
988 551 1031 592 sa·
1072 537 1232 602 catholicus,
1258 531 1487 605 quemadmodum
1514 532 1611 588 heatus
1629 534 1667 588 ait
1685 533 1857 604 Ambrosius,
1880 557 1894 590 9

211 632 275 674 9999
293 615 423 672 Ecclesiae
443 613 593 676 ministros,
609 617 637 665 99
656 623 711 665 999
727 609 900 680 conjugatos,
917 617 947 663 ut
961 608 1030 663 dici·
1071 614 1101 663 ut
1131 606 1289 678 Arnulphus
1318 605 1401 660 etiam
1430 603 1524 686 nobis·
1542 604 1671 726 sugerius
1699 607 1894 676 protitebatur,

211 695 276 755 iur;
292 694 320 742 et
333 689 443 743 Graecos
468 688 530 752 post
553 681 580 736 id
605 687 722 750 tempus,
747 680 849 749 spretis
866 680 1029 745 canonibus,
1071 679 1350 748 capite17,numero
1370 675 1398 742 6,
1418 681 1446 729 99
1464 679 1554 744 capite
1587 675 1614 742 7,
1635 688 1750 732 numero
1769 677 1811 731 12.
1826 680 1894 746 Qui-

211 758 322 828 nuptias
340 757 425 812 sacris
440 752 599 808 ministeriis
614 751 766 807 miscuisse.
778 752 843 818 Qua
860 765 905 806 999
919 751 1030 805 991999
1070 749 1122 805 bus
1135 751 1231 819 utique
1259 748 1350 803 verbis
1377 745 1535 814 Arnulphus
1563 745 1720 802 Orationem
1750 747 1896 807 indicabat

211 836 308 886 sancto
321 826 421 883 Basilio
435 828 617 888 asseveratur,
641 828 671 877 ut
694 822 723 876 in
742 820 858 890 epistola
877 822 911 877 ad
930 823 1029 891 Grego·
1069 821 1206 877 Ambrosii
1225 819 1259 874 de
1279 818 1356 874 obitu
1376 817 1464 886 Satyri
1488 815 1580 871 fratris
1602 816 1656 882 sui,
1680 831 1734 887 qua
1753 821 1893 888 oratione,

211 902 280 958 rium
297 899 363 970 (9199
389 895 481 964 polius
500 892 697 964 Paregorium).
718 894 776 948 1199
799 892 888 961 ipsum
902 897 1030 948 asserunt
1070 893 1163 947 sinon
1178 889 1349 955 adverbum,
1366 894 1440 943 99999
1460 894 1550 942 tamen
1565 887 1657 957 quoad
1676 889 1716 943 991
1738 891 1894 960 ueritatem,

212 972 293 1028 etiam
312 967 447 1024 Eusebius
459 965 531 1020 libro
546 965 635 1034 primo
650 965 687 1020 119
702 963 935 1019 demonstratione
950 976 1031 1018 evau-
1070 963 1177 1017 axioma
1200 960 1268 1016 illud
1291 970 1449 1028 expressum
1474 965 1526 1013 999.
1551 957 1610 1013 11119
1629 959 1702 1014 9919
1728 960 1763 1016 19
1782 963 1893 1033 Satyro,

210 1040 308 1114 getica,
323 1038 454 1094 blaximus
469 1037 497 1091 in
508 1035 650 1105 responsis
664 1034 698 1089 ad
714 1034 832 1089 Thalasii
846 1034 1028 1100 Quaestiones,
1072 1040 1252 1102 posteaquam
1268 1029 1400 1086 divinitus
1410 1034 1438 1084 et
1447 1028 1584 1084 maritimo
1595 1027 1738 1101 naufragio
1747 1033 1897 1089 incolumis

210 1110 327 1180 Ephrem
347 1110 431 1179 Syrus
444 1108 473 1162 iu
493 1107 608 1176 epistola
628 1105 744 1175 quadam
759 1105 792 1160 991
808 1103 971 1160 9999919999
982 1104 1028 1174 qui
1070 1108 1208 1159 enatasset
1222 1104 1250 1158 in
1266 1101 1352 1167 littus,
1368 1101 1428 1156 1999
1446 1099 1589 1166 habemus,
1615 1101 1752 1158 Ambrosii
1768 1105 1894 1172 ejusdem

211 1175 1028 1245 1199199991199999999199999999991,1999191919-
1070 1188 1118 1231 ore
1138 1173 1347 1230 commendata:
1381 1190 1394 1220 ι
1426 1169 1573 1252 Advocavit
1591 1169 1626 1225 ad
1654 1185 1684 1227 99
1711 1173 1894 1244 episcopum,

210 1253 385 1308 niuscontra
403 1249 546 1316 catharos,
572 1255 599 1304 99
626 1246 682 1302 alii.
699 1266 714 1298 u
739 1249 876 1302 llactenus
894 1247 1030 1301 ldarianus
1069 1259 1121 1301 nec
1140 1245 1222 1300 uttam
1241 1255 1331 1299 veram
1361 1246 1464 1312 putant
1492 1241 1546 1297 nisi
1574 1241 1730 1299 99991191
1754 1247 1892 1315 gratiam;

210 1323 357 1379 victorius.
1070 1320 1302 1385 percontatusque
1326 1327 1359 1368 ex
1383 1325 1417 1367 99
1441 1317 1483 1367 999
1505 1317 1653 1367 utrumnum
1680 1328 1737 1369 cum
1763 1317 1896 1388 episcopis

244 1394 334 1450 Llllll.
349 1391 419 1459 Quid
434 1397 525 1447 autem
543 1393 617 1444 vetat
630 1388 776 1458 quominus
786 1387 860 1443 inter
878 1387 1030 1456 illasapos·
1069 1385 1214 1452 catholicis,
1231 1385 1279 1440 hoc
1302 1389 1340 1439 esi
1367 1384 1557 1438 9991199999
1582 1381 1713 1449 Ecclesia,
1733 1390 1894 1444 9999991999.

211 1465 301 1520 9911999
330 1463 404 1518 sedis
431 1460 569 1516 Ecclesias
600 1466 784 1528 computatam
816 1460 1029 1527 interpretemur
1070 1459 1102 1513 Et
1121 1455 1240 1513 fortean
1259 1455 1287 1511 191
1304 1455 1427 1510 1999999
1447 1455 1479 1535 in
1498 1454 1646 1508 schismate
1669 1456 1793 1525 regionis
1817 1459 1894 1514 illius

210 1539 292 1592 etiam
306 1548 367 1590 esse
391 1531 631 1596 Mediolanensem,
651 1531 708 1585 siue
726 1531 789 1599 quia
805 1529 865 1585 1999
878 1527 1028 1584 99999199
1070 1527 1186 1584 ecclesia
1198 1533 1266 1582 erat.
1283 1523 1391 1581 Lucifer
1410 1537 1482 1579 enum
1497 1538 1526 1578 se
1541 1530 1661 1580 anostra
1675 1531 1742 1582 tunc
1757 1530 1895 1599 temporis

210 1604 368 1676 Hieronymi
392 1602 556 1660 seutentiam
578 1615 641 1656 uere
665 1600 748 1656 tuerit
766 1615 799 1656 999
823 1599 878 1655 11119
892 1613 956 1666 999,
972 1600 1028 1654 9199
1069 1598 1261 1655 9999991999
1276 1597 1416 1659 119199999,
1440 1601 1484 1676 et,
1499 1608 1655 1664 quanquam
1674 1597 1794 1666 999119
1814 1614 1895 1656 exsu-

209 1679 305 1732 991999
320 1675 384 1745 quia
399 1672 552 1729 19991991
568 1686 628 1727 cum
646 1672 769 1726 antistite
783 1685 833 1727 suo
846 1670 990 1726 Ambrosio
1000 1670 1028 1724 in
1071 1670 1163 1735 lasset,
1184 1674 1212 1724 et
1230 1667 1294 1722 119191
1313 1681 1371 1722 999
1386 1664 1545 1734 reliquisset
1564 1665 1699 1731 19999199,
1715 1681 1771 1724 999
1788 1673 1893 1739 putarit

210 1763 239 1803 re
259 1753 312 1801 tam
336 1747 422 1816 gravi,
451 1751 560 1813 tamque
579 1742 748 1797 solemnibus
771 1743 875 1797 iirmata
895 1741 1024 1807 decretis,
1038 1719 1161 1796 Btamen
1181 1738 1313 1809 (Satyrus,
1334 1744 1362 1792 99
1372 1751 1441 1820 ,999
1454 1749 1487 1791 co
1505 1737 1675 1806 Ambrosius)
1691 1739 1772 1796 119199
1788 1755 1851 1798 esse
1866 1743 1894 1797 in

210 1817 366 1873 nullatenus
394 1830 410 1869 a
442 1815 516 1870 999119
541 1811 1028 1883 999999119919119199999919919
1068 1811 1226 1867 schismate.
1238 1810 1303 1864 Nam
1314 1816 1342 1864 99
1355 1821 1379 1862 99
1390 1807 1639 1933 119999ἱ9119999
1651 1815 1791 1878 tenerent,
1803 1819 1897 1868 tamen

210 1889 392 1944 dissenserit?
409 1885 507 1952 Quanti
531 1883 655 1953 proiecto
671 1884 832 1938 Ambrosius
855 1897 913 1938 eam
933 1883 1027 1938 sedem
1069 1896 1133 1952 erga
1153 1882 1201 1936 1191
1216 1879 1365 1935 Ecclesiam
1381 1883 1514 1960 non'teue
1535 1885 1598 1944 ant;
1623 1879 1701 1949 culus
1716 1882 1897 1950 patiebantur

210 1959 316 2022 1999919,
332 1957 373 2012 991
389 1971 422 2011 999
436 1969 469 2012 99
489 1955 551 2010 1999
566 1955 737 2023 99999199199
748 1953 929 2024 dignoscitur,
945 1968 1026 2022 quem
1068 1953 1143 2008 uelut
1158 1952 1291 2021 quosdam
1306 1957 1382 2004 artus
1396 1947 1491 2014 199919,
1512 1955 1540 2004 99
1555 1950 1675 2005 membra
1688 1951 1817 2008 lacerari.
1834 1956 1897 2010 Ete

210 2031 264 2086 hoc
287 2031 347 2098 ipso
371 2026 442 2082 libro
458 2031 556 2096 quarto
575 2025 707 2080 iunuebat
721 2026 817 2080 Petrus
832 2024 963 2090 bamiaul,
979 2037 1028 2079 ca·
1069 2025 1124 2079 919
1140 2037 1201 2078 999
1222 2027 1337 2093 9999999
1357 2020 1505 2074 Ecclesiam
1521 2019 1646 2075 Christus
1669 2035 1766 2090 passus
1793 2025 1842 2090 sit,
1868 2033 1896 2081 et

209 2101 266 2169 pite
284 2099 326 2164 10,
342 2111 455 2153 999999
475 2096 515 2162 13,
531 2094 707 2160 etArnulius,
718 2096 807 2164 999199
821 2094 862 2160 17,
874 2108 988 2150 999999
998 2093 1025 2160 4,
1068 2095 1169 2150 Christi
1180 2106 1282 2161 999999
1291 2091 1413 2147 Ecclesia
1423 2091 1469 2157 sit,
1480 2103 1535 2146 non
1545 2091 1655 2146 ridetur
1663 2091 1697 2146 ab
1707 2092 1751 2148 1919
1766 2095 1895 2152 exhiberi

209 2171 311 2240 quique
325 2171 483 2224 continetur
501 2167 623 2236 eiusdem
646 2166 783 2222 Ambrosii
802 2166 873 2221 libro
892 2167 1026 2221 999919119
1067 2166 1176 2221 Christo
1192 2163 1295 2226 tides,a
1310 2161 1411 2233 quibus
1423 2169 1571 2216 evacuatur
1584 2163 1644 2231 ejus
1658 2163 1760 2233 passio,
1778 2179 1896 2237 corpus·

207 2239 386 2296 sacramentis
398 2239 488 2307 capite
510 2237 533 2292 l.
550 2240 587 2293 119
603 2237 803 2292 consuetudine
818 2237 857 2292 ibi
873 2235 1027 2291 disserebat
1068 2250 1122 2304 que
1132 2234 1304 2291 distrahitur.
1318 2253 1332 2285 u
1343 2234 1376 2288 Et
1386 2233 1445 2288 1999
1455 2231 1567 2301 quidem
1577 2233 1606 2288 19
1616 2237 1747 2304 presenti
1757 2238 1829 2292 satis
1839 2238 1895 2293 sint

203 2312 316 2368 19999911
343 2310 540 2378 baptizatorum
565 2308 661 2378 pedes,
681 2307 826 2363 Mediolani
846 2309 1027 2363 communiter
1068 2321 1083 2362 9
1102 2304 1253 2377 9999991919
1266 2310 1423 2361 sauciorum
1442 2305 1600 2374 Hieronymi
1614 2304 1695 2360 simul
1710 2310 1738 2362 et
1751 2307 1894 2365 Ambrosii

208 2396 241 2438 99
265 2389 390 2450 9999999
418 2381 527 2446 usitata,
548 2393 609 2434 cum
628 2379 739 2448 inquit:
761 2397 775 2430 9
790 2380 850 2434 tlon
870 2379 1027 2448 ignoramus
1068 2377 1244 2432 testimoniis.

207 2453 281 2523 quod
314 2451 436 2507 Ecclesia
458 2452 580 2506 itomaua
608 2449 678 2504 hanc
711 2449 938 2505 consuetudinem
970 2461 1026 2504 non
1104 2446 1241 2514 bll.Quod
1253 2446 1375 2517 proxime
1385 2445 1660 2515 subsequitursancti
1671 2449 1829 2518 Augustini,
1842 2449 1894 2506 hac

208 2524 319 2589 haheat,
335 2523 407 2591 cujus
422 2527 508 2591 ippum
526 2521 552 2574 iu
577 2519 693 2574 99991199
715 2520 846 2590 sequimur
862 2523 887 2574 el
904 2520 1025 2591 sormam.
1068 2520 1096 2574 in
1116 2519 1184 2573 urhe
1199 2518 1233 2573 ab
1255 2520 1373 2585 ipsomet
1382 2517 1526 2573 Ambrosio
1538 2518 1678 2587 baptizati,
1689 2520 1892 2588 testimonium,

209 2595 284 2649 itanc
299 2600 390 2647 tamen
403 2590 629 2646 consuetudinem
641 2591 798 2654 nonhabet,
810 2590 1025 2659 utpedeslavet.
1068 2603 1101 2645 ex
1116 2591 1175 2658 ejus
1189 2587 1311 2644 seeundo
1325 2588 1360 2642 de
1375 2587 1538 2643 adulterinis
1552 2589 1677 2659 coniugis
1695 2589 1780 2656 libro,
1801 2594 1893 2662 capite

207 2664 276 2719 vide
290 2676 367 2734 ergo,
388 2675 422 2718 ne
440 2660 512 2717 iortc
527 2668 641 2730 propter
650 2661 851 2716 multitudinem
867 2660 1023 2716 declinarit.
1067 2659 1112 2728 20,
1129 2659 1320 2728 depromptum
1336 2664 1388 2725 est,
1405 2675 1419 2709 u
1439 2660 1509 2714 istos
1526 2659 1637 2729 (inquit)
1653 2661 1701 2730 qui
1715 2662 1825 2718 9191199
1849 2679 1895 2720 99-

208 2735 277 2790 Sunt
287 2741 377 2789 tamen
388 2733 434 2801 qui
448 2732 541 2787 dicant
555 2740 583 2787 et
597 2745 727 2788 excusare
743 2738 888 2798 conentur,
899 2731 1026 2800 quiahoc
1068 2731 1223 2787 9911999199
1235 2741 1289 2784 999
1300 2735 1398 2798 putant
1408 2729 1459 2784 nisi
1472 2731 1605 2798 peccandi
1616 2729 1766 2800 licentiam,
1779 2735 1892 2803 quando

209 2819 265 2861 non
279 2806 308 2860 in
327 2803 458 2874 mysterio
480 2801 635 2859 iaciendum
657 2809 708 2868 cst,
734 2815 789 2858 non
809 2803 835 2857 in
852 2801 1024 2872 baptismate,
1067 2808 1212 2865 terremus,
1238 2813 1273 2856 ue
1292 2799 1455 2855 adulterinis
1470 2801 1606 2871 conjugiis
1624 2801 1756 2858 haerendo
1775 2812 1892 2873 percant

208 2888 263 2932 nou
274 2876 302 2931 in
318 2874 538 2945 regeneratione,
550 2873 599 2929 9991
615 2875 693 2942 quasi
703 2873 805 2942 hospiti
819 2873 903 2942 pedes
919 2872 1025 2927 lavandi
1067 2873 1095 2927 in
1111 2878 1254 2936 aeternum,
1266 2871 1387 2926 solemus
1397 2873 1437 2926 eis
1447 2885 1602 2941 proponere
1612 2873 1693 2928 etiam
1704 2875 1893 2931 commenticia

206 2953 280 3002 sunt.
299 2946 380 3002 Aliud
400 2953 442 3001 est
456 2944 627 3009 humilitatis,
642 2944 716 2999 aliud
731 2943 965 2999 sanctificationis.
978 2945 1027 2998 119-
1067 2943 1229 3008 clcricorum,
1241 2942 1287 3010 qui
1299 2941 1460 3010 plerumque
1478 2942 1511 2997 ad
1531 2943 1654 2998 eamdem
1675 2946 1812 3000 sarcinam
1828 2948 1895 3002 suh·

209 3019 293 3086 nique
306 3016 369 3070 audi
394 3017 457 3084 quia
473 3015 631 3084 mysterium
651 3022 692 3068 cst
712 3021 740 3068 99
754 3014 944 3069 sanctiticatio.
964 3014 1184 3100 Nisiceundam
1201 3012 1349 3082 capiuntur
1362 3013 1451 3079 inviti,
1462 3027 1578 3082 eamque
1588 3022 1744 3083 susceptam
1755 3029 1847 3086 usque
1858 3019 1891 3072 ad

209 3086 296 3141 199999
311 3086 357 3141 tihi
367 3086 459 3156 pedes,
469 3100 521 3139 nou
534 3083 641 3140 habebis
653 3098 754 3138 mecum
765 3089 877 3155 portem.
892 3085 950 3139 1199
959 3083 1023 3138 19199
1066 3084 1188 3140 debitum
1198 3083 1289 3150 linem,
1299 3084 1415 3138 Domino
1425 3083 1581 3153 adiuuante,
1593 3087 1759 3158 perducunt.¹
1771 3088 1894 3144 11191999

208 3156 282 3222 1199,
299 3169 354 3210 999
368 3154 442 3224 quod
466 3154 537 3210 alios
555 3154 764 3222 reprehendam,
789 3155 837 3209 sed
860 3168 921 3209 mea
935 3152 1025 3209 911919
1065 3168 1132 3225 ergo
1148 3153 1301 3222 9199119911,
1317 3154 1340 3209 91
1356 3160 1446 3209 99999
1460 3153 1494 3208 91
1514 3155 1568 3211 hoc
1584 3157 1757 3212 subeundum
1773 3161 1894 3229 populo-

114 3279 118 3287 .
207 3229 268 3296 ipse
293 3224 492 3281 commendem.
517 3228 550 3280 lu
572 3224 689 3279 9991999
703 3226 778 3294 cupio
792 3225 865 3295 sequi
878 3225 1025 3280 Ecclesiam
1066 3239 1125 3280 rum
1145 3225 1274 3280 violentia
1300 3226 1488 3294 caperemini?
1508 3227 1606 3282 Nonne
1630 3235 1791 3296 susceptum
1815 3238 1891 3287 caste

207 3300 361 3362 1199999999,
376 3294 426 3351 991
449 3303 539 3351 tamen
555 3301 583 3350 et
606 3308 657 3350 nos
671 3295 797 3350 homines
816 3309 926 3350 sensum
941 3295 1023 3350 habe·
1065 3296 1243 3351 custodiretis
1251 3293 1383 3361 osticium,
1396 3303 1510 3365 repente
1522 3298 1647 3353 conversi
1657 3299 1691 3353 ad
1700 3299 1893 3368 impetrandas

206 3367 368 3430 9991199,
388 3365 463 3436 quod
477 3366 543 3421 alibi
562 3366 665 3421 rectius
683 3373 816 3432 servatur,
837 3372 865 3421 et
879 3379 930 3422 nos
948 3372 1024 3421 recte
1064 3366 1137 3421 uires
1150 3381 1167 3422 a
1180 3366 1306 3432 1199199,
1322 3366 1357 3422 19
1372 3366 1473 3436 quibus
1483 3380 1620 3437 nunquam
1632 3375 1711 3424 autes
1727 3373 1893 3440 cogitastis?

206 3439 418 3495 custodimus.»
442 3439 581 3492 Hactenus
606 3437 776 3492 Ambrosius.
801 3438 884 3505 Quem
913 3437 1024 3506 quidem
1065 3436 1207 3504 sedilios,
1227 3437 1365 3506 inquiunt,
1382 3437 1472 3494 honor
1489 3437 1635 3507 plurimum
1651 3441 1823 3498 consolatur.
1841 3445 1894 3500 lle·

206 3511 297 3566 locum
318 3509 475 3564 examinans
489 3507 622 3564 Barouius
636 3508 664 3563 in
679 3508 1023 3576 ejusdemsancliAmbro·
1066 3508 1252 3578 spondemus:
1280 3509 1313 3562 Et
1341 3521 1389 3564 999
1418 3509 1501 3564 91999
1524 3509 1642 3579 9991199
1668 3511 1842 3569 moderetur.
1863 3516 1891 3571 Si

205 3580 240 3636 sil
259 3581 328 3648 Vita,
348 3579 382 3634 ad
402 3593 502 3634 annum
517 3579 618 3634 Christi
634 3580 856 3634 trecentesimum
866 3579 1025 3649 octuagesi-
1066 3579 1138 3634 enim
1158 3578 1211 3635 hoc
1235 3577 1313 3632 multi
1336 3579 1384 3638 1191
1403 3581 1522 3634 91919991
1546 3588 1660 3649 repente
1684 3587 1768 3652 atque
1795 3585 1893 3656 iuopi-

205 3665 277 3706 mum
293 3657 430 3720 quartum,
454 3651 482 3705 iu
498 3651 557 3706 1999
572 3650 654 3705 999199
682 3649 831 3705 disseruit:
848 3667 862 3700 u
878 3650 1023 3714 19999999,
1065 3657 1164 3705 999999
1177 3647 1335 3718 199991999
1350 3657 1539 3720 susceperant,
1549 3657 1693 3720 sperantes
1706 3667 1737 3709 se
1751 3654 1893 3712 illustrius

204 3729 236 3778 ut
260 3721 364 3791 aliquid
389 3721 479 3777 obiter
497 3721 621 3778 dicamus
643 3720 678 3776 de
706 3720 832 3790 eoquod
855 3725 962 3788 9999999
989 3719 1023 3774 91
1065 3721 1094 3775 19
1109 3720 1211 3776 Christi
1232 3719 1393 3776 haereditate
1407 3720 1522 3791 lutgere,
1534 3729 1638 3791 quanto
1652 3725 1739 3794 magis
1747 3739 1800 3780 vos
1813 3727 1893 3782 adul·

203 3794 338 3863 jejunium
353 3790 473 3857 sabbati,
484 3798 511 3846 99
522 3791 591 3847 91199
605 3791 712 3860 aliquos
727 3791 797 3846 91999
811 3790 1023 3857 ecclesiasticos,
1067 3791 1136 3846 teria
1150 3791 1272 3846 cavendo
1291 3792 1381 3847 vivere
1406 3793 1582 3849 continenter
1595 3793 1712 3860 debetis,
1734 3803 1893 3854 metuentes

208 3864 259 3919 etsi
278 3864 387 3920 diverso
415 3862 498 3916 modo
516 3862 550 3916 ah
580 3876 630 3916 usu
663 3863 793 3918 itomanae
826 3861 956 3917 Ecclesiae
976 3875 1025 3918 eos
1066 3875 1122 3917 non
1135 3862 1164 3916 in
1178 3874 1263 3932 regno
1277 3862 1325 3917 1191
1341 3863 1431 3918 91999
1444 3863 1547 3930 199999,
1562 3863 1611 3920 991
1626 3863 1654 3919 19
1669 3865 1807 3936 gehennae
1820 3869 1892 3940 igni·

206 3934 366 3989 Ambrosius
380 3933 544 3998 observavit,
558 3931 586 3987 id
601 3933 711 4002 quidem
726 3945 781 3988 non
794 3946 828 3988 eo
842 3931 933 3987 animo
947 3931 1023 3997 iecit,
1066 3933 1118 3988 bus
1131 3933 1229 3988 ardere
1240 3938 1252 3987 1
1265 3933 1330 3987 llaec
1345 3939 1427 4002 atque
1442 3934 1598 4003 hujusmodi
1617 3936 1668 4003 919,
1684 3945 1715 3992 ut
1729 3951 1889 4008 possumus,

207 4004 296 4072 quasi,
316 4016 382 4059 suos
404 4008 509 4057 tantum
529 4003 658 4072 probans,
683 4004 745 4059 illos
764 4003 929 4072 despiceret.
954 4003 1024 4058 Audi
1066 4002 1192 4067 dicimus,
1218 4003 1275 4072 qui,
1296 4016 1408 4073 quoquo
1423 4005 1534 4061 99199
1557 4019 1587 4061 99
1611 4006 1832 4077 discedentibus,
1848 4013 1889 4066 991

205 4074 271 4142 quid
292 4075 350 4143 1999
366 4073 535 4144 proilteatur,
549 4087 610 4128 cum
622 4073 656 4130 19
671 4088 703 4129 ea
721 4088 752 4130 re
770 4087 854 4144 agens
873 4073 955 4138 (libro
965 4080 1024 4129 ter·
1068 4081 1182 4143 propter
1208 4072 1373 4130 adulterium
1397 4074 1517 4132 11919919
1540 4077 1704 4148 conjugibus
1726 4080 1796 4146 suis,
1820 4081 1890 4138 alias

206 4145 245 4200 lio
260 4146 297 4200 119
312 4144 491 4200 sacramentis
505 4145 595 4213 999199
612 4144 636 4215 1)
650 4144 711 4200 1999
725 4145 763 4199 919
779 4165 785 4200 :
803 4163 817 4196 u
837 4147 897 4200 Non
917 4145 1024 4214 ignora·
1065 4142 1282 4210 voluntducere,
1293 4151 1392 4200 etcum
1402 4147 1592 4215 prohibentur,
1604 4147 1792 4206 infirmitatem
1807 4154 1890 4208 nobis

206 4229 266 4272 mus
284 4215 358 4286 quod
374 4215 495 4271 Ecclesia
505 4216 627 4270 Romana
642 4216 711 4271 hanc
726 4214 952 4271 consuetudinem
967 4227 1023 4271 nou
1065 4215 1156 4270 carnis
1170 4223 1323 4284 opponunt.
1341 4218 1515 4287 9119191999,
1531 4219 1761 4288 quemadmodum
1776 4224 1888 4294 Augus-

204 4286 304 4342 habeat
322 4287 437 4358 (lavandi
456 4285 563 4342 scilicet
578 4284 663 4356 pedes
682 4301 770 4359 nuper
784 4287 935 4356 baptizatis)
951 4286 1024 4355 cuius
1065 4287 1115 4341 tini
1135 4291 1259 4354 tempore
1279 4287 1306 4340 in
1326 4287 1448 4343 Ecclesia
1467 4291 1562 4344 Latina
1586 4288 1680 4346 cleriei
1701 4297 1889 4350 communiter

204 4363 292 4429 ippum
314 4359 343 4412 iu
360 4356 477 4413 omuibus
502 4358 634 4428 sequimur
660 4363 685 4412 et
711 4359 864 4428 termam.»
887 4358 921 4411 Et
939 4357 1260 4426 pauloDcontinentiam
1277 4357 1483 4426 profiterentur,
1501 4367 1673 4430 «sperantes
1695 4377 1725 4418 se
1749 4363 1887 4421 illustrius

204 4435 267 4498 post
288 4449 294 4484 :
317 4447 330 4476 9
350 4431 383 4483 ln
395 4427 512 4484 99991199
526 4429 601 4501 cupio
615 4429 687 4499 sequi
705 4427 851 4484 Ecclesiam
865 4429 1018 4504 itomanam,
1063 4428 1091 4483 in
1103 4427 1204 4484 Christi
1223 4427 1385 4484 haereditate
1400 4429 1515 4500 fulgere.
1532 4449 1546 4484 9
1562 4432 1639 4487 Sicut
1657 4433 1729 4488 enim
1749 4441 1827 4491 caste
1847 4437 1885 4492 ri·

202 4505 257 4554 etc.
272 4497 412 4568 Ejusmodi
431 4500 502 4556 enlm
518 4500 619 4554 rituum
634 4499 789 4565 varietates,
806 4499 887 4554 modo
907 4497 1021 4554 99919911-
1061 4497 1150 4554 vendo
1161 4499 1205 4553 hic
1212 4499 1240 4553 in
1250 4500 1332 4554 terris
1341 4498 1465 4556 altiorem
1477 4515 1558 4571 quam
1568 4503 1707 4574 conjugati
1719 4505 1887 4574 9991991999·

202 4584 243 4626 99
262 4569 325 4625 1191
344 4576 372 4625 99
397 4569 539 4625 charitatis
571 4571 662 4625 unitas
689 4571 850 4635 retineatur,
876 4575 903 4624 99
922 4571 1020 4624 Sancta
1061 4576 1107 4625 tur
1121 4568 1299 4640 perfectionis
1312 4570 1436 4640 gradum,
1451 4573 1493 4628 sic
1507 4573 1588 4628 ctiam
1604 4572 1632 4627 in
1648 4587 1735 4644 reguo
1749 4576 1885 4634 999199-999

201 4642 324 4697 Romana
338 4640 470 4706 Ecclesia,
490 4640 642 4710 apostolica
660 4640 750 4706 sedes,
767 4645 797 4695 ut
815 4646 902 4695 mater
921 4647 948 4694 99
967 4653 1021 4694 ma·
1062 4639 1309 4710 999991199919999
1324 4643 1503 4698 beatitudinis
1517 4643 1630 4714 gradum
1646 4651 1809 4715 exspectare
1822 4651 1886 4718 jure

201 4713 286 4782 gistra
306 4712 426 4768 omnium
442 4712 625 4766 Ecclesiarum
640 4719 831 4781 cognoscatur,
852 4709 920 4765 nihil
935 4711 1021 4780 impe·
1061 4711 1160 4766 merito
1175 4716 1312 4780 poterant.

202 4783 281 4838 diunt
296 4784 443 4852 quominus
457 4796 553 4838 omnes
566 4783 651 4838 simus
669 4784 697 4837 in
712 4782 831 4837 Christo.
854 4803 867 4832 u
1097 4783 1161 4837 titt.
1178 4783 1265 4850 Supra
1284 4781 1584 4853 quadringentesimum
1608 4791 1698 4842 autem
1713 4788 1818 4844 christi
1832 4803 1884 4844 au·

237 4855 304 4910 llll.
319 4855 399 4910 Certe
418 4860 520 4920 autern,
540 4853 599 4909 vice
624 4853 652 4907 in
672 4853 840 4909 contrarium
868 4865 957 4918 99999,
977 4865 1020 4906 sa·
1061 4866 1125 4908 num
1137 4853 1277 4922 trigesimo
1285 4855 1698 4925 Augustinusadsuperosabiit,
1706 4872 1768 4914 eum
1779 4859 1884 4930 alioqui

201 4937 277 4981 crum
288 4925 355 4980 Novi
366 4924 532 4980 testamenti
542 4923 724 4979 ministerium
739 4937 794 4980 non
804 4928 863 4979 erat
872 4922 1018 4991 ejusmodi,
1060 4925 1883 4998 lileronymusejusdemsaeoulivigesimo,Ambrosiusautem

200 5001 232 5050 ul
245 4995 390 5052 Ambrosio
405 4995 492 5050 videri
503 5000 597 5065 posset
608 4994 673 5050 alibi
684 4996 786 5050 rectius
796 5009 876 5064 quam
888 4995 915 5048 iu
926 4992 1021 5048 Ecclc-
1060 4994 1212 5063 superioris
1221 4994 1509 5066 saeculi'nouagesimo
1529 5000 1645 5068 septimo
1661 5002 1882 5068 precessissent.

200 5067 241 5122 sia
256 5069 377 5123 Romana
396 5073 543 5134 servatum,
554 5071 639 5136 utque
655 5070 802 5136 propterea
821 5073 897 5122 recte
912 5065 945 5119 ab
958 5065 1018 5133 ipso
1096 5066 1173 5121 Lllll.
1185 5067 1244 5132 Quo
1259 5066 1461 5123 certiusautem
1472 5068 1590 5137 idipsum
1604 5084 1655 5139 pro
1665 5070 1788 5128 Ecclesia
1800 5074 1882 5128 etiam

200 5137 282 5193 aliter
301 5152 382 5208 quam
406 5138 433 5192 ln
460 5136 506 5192 illa
529 5137 662 5192 custodiri
685 5143 789 5206 posset.
801 5137 872 5192 Alibi
888 5136 960 5191 enlm
981 5132 1020 5204 (ct
1060 5136 1883 5212 constetdrientali‚eccenobisallosetidoneospereadem

199 5208 272 5278 apud
293 5223 395 5278 paucos
414 5221 491 5273 sane,
516 5213 547 5262 ut
567 5208 622 5277 jam
642 5206 767 5276 vidimus)
792 5207 861 5263 illud
880 5220 933 5262 una
956 5219 1018 5260 cum
1060 5212 1184 5276 tempora
1195 5213 1289 5274 testes,
1305 5220 1337 5263 ac
1352 5215 1475 5264 sanctum
1487 5211 1514 5265 in
1529 5211 1625 5281 primis
1633 5213 1806 5282 Gregorium,
1816 5213 1881 5269 fidei

199 5281 365 5336 matrimonii
386 5293 435 5335 usu
455 5278 623 5345 serrabatur,
643 5278 692 5333 sed
719 5283 814 5335 contra
829 5291 923 5334 sacros
937 5289 1018 5345 apos·
1059 5279 1460 5349 conversationis,integritatis
1470 5282 1649 5364 etsapieutiae
1658 5283 1757 5340 merito
1768 5283 1881 5340 1999999

200 5351 319 5406 totorum
335 5357 363 5407 et
376 5351 480 5407 Nicaeni
507 5349 618 5407 concilii
638 5363 767 5417 9999999,
788 5357 883 5405 contra
898 5347 1018 5418 singula·
1059 5355 1155 5404 sancto
1180 5349 1279 5404 Basilio
1302 5349 1490 5420 dignissimum
1513 5351 1882 5423 (9999991199999199191-

199 5433 256 5476 rem
271 5421 343 5477 tilam
359 5423 427 5478 tanti
438 5421 583 5478 ministerii
599 5422 784 5492 praestantiam
795 5427 823 5475 et
832 5419 1016 5484 sanctitatem,
1059 5419 1138 5475 nensi
1154 5417 1310 5476 celebratur
1322 5421 1350 5475 ln
1361 5422 1443 5478 Libro
1458 5423 1738 5492 aduersushacresesl,
1750 5432 1779 5480 et
1790 5439 1805 5481 9
1815 5440 1881 5482 999·

199 5496 296 5547 contra
309 5506 480 5549 communem
494 5499 651 5548 sanctorum
667 5495 776 5548 Patrum
795 5504 969 5555 consensum,
985 5502 1017 5544 ao
1055 5491 1152 5560 jugato
1167 5491 1327 5560 episcopum
1341 5493 1504 5563 Nyssenum,
1518 5494 1566 5563 qut
1580 5495 1686 5564 syuodo
1701 5494 1742 5551 itti
1755 5496 1883 5552 adfuerat

199 5560 319 5632 denique
338 5567 434 5621 contra
461 5563 549 5634 ipsius
571 5563 712 5621 Ecclesia
730 5565 860 5620 Romanae
887 5559 1017 5629 sedisque
1057 5562 1380 5632 Constantinopolitanae,
1413 5577 1494 5635 quam
1515 5578 1629 5622 numero
1654 5565 1880 5624 incelebratum
