4160 6196
227 321 276 378 163
774 312 921 368 tutunus
938 309 1146 372 bacularisc.
1167 305 1333 365 huruuua.
1853 298 1908 357 164.

223 446 312 502 donec
326 439 401 514 quod
416 438 525 497 canitur
544 436 668 505 tutatum
683 435 717 492 ad
737 448 817 506 quam
836 433 1164 506 processionemhsuisli,
1194 431 1312 498 Dcmloe,
1336 440 1418 500 quem
1437 425 1658 509 praelalusdicit
1678 424 1906 508 hdlleaedictus,

222 516 331 574 dicatur
345 505 551 582 'responsorium
570 507 708 572 Ducetdil
723 507 755 562 de
768 505 849 562 celis.
866 508 896 562 ln
921 509 1039 564 statione
1079 511 1136 564 ant.
1153 504 1231 576 impii
1245 515 1333 573 super,
1354 512 1435 582 quam
1449 496 1578 581 praelatus
1600 497 1653 553 sibl
1679 495 1796 554 delatam
1812 496 1900 580 adra-

223 585 348 644 ecclesiae
376 583 474 654 incipit
506 587 662 652 praecentor
689 577 893 647 responsorium
932 577 1040 634 Verbum
1080 589 1151 636 cono
1167 579 1276 632 cantum
1291 578 1388 644 agente
1410 575 1532 639 incipiat.
1553 569 1628 624 Tunc
1647 576 1691 624 eat
1709 581 1851 650 processio
1866 568 1899 622 ad

223 673 297 725 coro,
318 662 377 712 tres
390 656 418 711 tu
434 652 540 724 pulpito
562 664 669 709 versum
684 649 777 706 dicant
791 651 822 704 Ia
842 649 982 721 principio.
998 649 1039 706 hd
1079 647 1176 713 altare,
1204 645 1313 702 interim
1339 641 1470 713 praelarus
1484 642 1571 723 majus
1585 639 1670 724 attare
1691 646 1719 696 et
1739 639 1900 724 matutinale

223 729 365 788 introitum
393 725 471 782 chori
500 723 629 794 praelatus
655 721 690 776 im
713 725 778 775 onal
817 721 994 792 antiphonam
1025 735 1039 775 a
1080 720 1214 785 incenset,
1230 720 1325 787 postea
1340 713 1425 772 altare
1440 713 1512 768 beau
1528 710 1678 780 Stephana,
1699 709 1777 770 liutto
1796 709 1901 781 psalmo

223 805 336 859 cantore
350 797 403 854 sibi
426 795 543 852 delatam
567 793 650 849 Hodie
669 735 784 848 efectus
806 796 884 848 aolus
907 797 955 860 eal,
977 797 1042 862 post
1079 790 1246 855 Benedictus,
1275 791 1303 843 et
1320 784 1480 868 antiphona,
1496 783 1621 866 sequitur
1645 783 1733 864 oratio
1759 785 1801 838 lla
1815 781 1899 864 roim,

223 873 283 930 haee
302 869 441 942 praelatus,
457 865 634 938 pronuntiato
657 876 748 930 uersu,
767 863 829 934 ipse
842 863 970 920 inuocauit
989 879 1039 931 me,
1081 873 1235 933 quesumus,
1268 859 1387 924 Domine,
1416 856 1544 910 diacona:
1565 853 1753 910 benedicamus
1779 853 1899 910 Eurotae.

222 944 297 1000 dicat
324 939 476 1006 orationem
503 940 554 1000 lla,
583 947 737 1005 pommus,
767 935 926 1006 omnipoleus
957 936 1036 990 beas.
1080 933 1111 988 lu
1125 933 1215 989 reditu
1230 930 1265 985 dc
1279 927 1423 1010 Natirilale
1439 925 1569 984 memoria
1589 923 1696 980 Verbum
1720 939 1782 1007 carc
1801 929 1900 1008 [celum

221 1015 297 1070 Tunc
321 1010 446 1082 pulsetur
467 1007 621 1063 classicum.
648 1003 771 1061 Officium
799 1007 869 1060 Puer
890 1009 967 1062 malm
990 1011 1039 1070 est,
1080 1010 1128 1062 est.
1154 1001 1173 1061 l
1196 1000 1351 1058 Benedictus
1374 1013 1418 1069 par
1445 999 1522 1054 acuit.
1538 998 1576 1052 ile
1604 996 1684 1078 beata
1710 997 1792 1078 ltarra
1821 996 1900 1065 Vacuo

221 1084 315 1156 Euris,
329 1083 399 1138 Deus
413 1085 517 1136 meatur
541 1077 662 1137 omnium.
688 1075 779 1134 Gloria
802 1077 830 1132 in
853 1075 967 1132 eccelsia
985 1079 1039 1135 Deo
1080 1074 1167 1132 uerbo
1183 1071 1202 1136 i
1217 1075 1279 1129 Post
1295 1075 1410 1144 portam.
1435 1069 1527 1149 Oratio
1542 1069 1622 1136 Deus,
1639 1082 1683 1138 pur
1700 1066 1803 1134 salus,
1823 1079 1901 1124 cero·

225 1155 345 1224 utribus
366 1152 394 1207 in
420 1150 514 1221 cappis
537 1147 644 1206 sericis.
668 1147 762 1203 Oratio
784 1147 909 1204 Concede.
935 1148 1039 1213 Lectio,
1080 1145 1173 1208 ierarii
1188 1143 1354 1215 subjungant
1367 1140 1567 1196 Benedicamus.

222 1229 332 1298 PlOllii
345 1223 393 1280 12⁰⁶
411 1222 475 1278 idi!
492 1217 614 1292 P⁰lll¹i³2
630 1218 659 1274 1¹¹
673 1231 760 1288 eappa
778 1217 866 1275 serica
880 1218 908 1273 5¹1
933 1219 1039 1289 bulliit⁰
1115 1233 1238 1291 Officium
1258 1230 1292 1288 ad
1313 1230 1422 1286 missam
1437 1229 1540 1284 Etenim
1553 1227 1684 1284 sederunt.
1706 1217 1783 1288 275
1804 1227 1896 1298 Euris,

222 1315 339 1392 legatur,
366 1325 420 1382 qua
443 1309 520 1365 finita
542 1311 635 1363 statim
658 1305 800 1376 Epistola:
818 1298 895 1367 272
914 1306 1039 1378 Muttito·
1081 1305 1205 1363 Conditor
1232 1317 1247 1359 α
1270 1301 1378 1358 duobus
1401 1301 1430 1357 in
1453 1298 1851 1426 cappisloaalclumssgistola
1869 1297 1898 1358 ia

220 1387 270 1454 rie,
287 1391 340 1440 etc.
355 1380 488 1438 Graduale
503 1393 519 1434 a
534 1379 642 1436 duabus
656 1376 684 1434 in
703 1378 799 1447 cappis
812 1377 840 1432 in
854 1377 961 1449 pulpito
976 1392 1041 1434 can·
1081 1377 1187 1448 pulpito
1215 1375 1262 1432 Ste
1280 1373 1363 1430 haum
1381 1370 1471 1444 plenus
1493 1375 1580 1440 prolia
1603 1374 1628 1426 el
1652 1369 1744 1440 [orlatu-
1774 1385 1814 1424 ae.
1835 1371 1899 1424 Gra·

222 1465 297 1514 tetur
316 1454 449 1520 Viderunt,
479 1456 507 1507 et
530 1449 718 1517 reincipiatur.
738 1447 862 1517 Alleluia,
883 1450 946 1506 Dies
973 1465 1039 1505 sau·
1080 1449 1172 1516 duale,
1201 1389 1326 1512 Alassio,
1360 1449 1388 1499 et
1423 1441 1598 1514 Evangellum
1626 1440 1753 1496 similitor
1779 1440 1809 1496 in
1841 1438 1901 1512 pul·

222 1528 360 1600 clipcolus
375 1523 477 1580 ibidem
493 1521 607 1577 utribus
621 1522 649 1576 in
664 1519 768 1590 cappis.
783 1521 930 1590 Sequentia
945 1519 1040 1578 Christi
1081 1519 1150 1589 pito,
1168 1522 1222 1574 etc.

222 1599 360 1662 hodierna,
373 1593 483 1652 interim
498 1592 552 1649 duo
568 1591 602 1648 de
616 1591 766 1660 majoribus
779 1591 865 1662 signis
885 1592 1037 1662 pulsentur.
1115 1591 1156 1646 hd
1181 1591 1325 1658 vesperas,
1345 1590 1402 1641 ant.
1425 1585 1519 1641 lecum
1540 1583 1706 1668 prinicipium,
1731 1581 1801 1710 masal.
1824 1583 1900 1640 llicit

257 1667 372 1736 Quando
386 1664 519 1721 festivitas
532 1663 594 1730 ista,
615 1663 657 1718 rel
672 1662 725 1719 alia
739 1663 844 1731 Duplex
858 1662 887 1720 in
899 1664 1041 1722 [lominica
1080 1662 1215 1728 Domitius,
1239 1665 1305 1726 etc..
1322 1661 1352 1713 ut
1376 1670 1468 1725 supra,
1493 1655 1643 1725 capitulum
1666 1655 1730 1736 Slep
1767 1669 1824 1710 aas.
1840 1655 1901 1725 ao

222 1740 354 1804 occurrit,
370 1736 487 1808 primum
507 1733 554 1788 liat
576 1747 647 1804 aqua
670 1733 815 1790 benedicta
838 1734 872 1790 ab
893 1734 1235 1825 hebdom-Burnum,
1259 1729 1375 1800 hymnus
1396 1725 1624 1810 hemmerami
1645 1725 1737 1808 Gloria
1750 1731 1776 1808 el
1792 1725 1899 1794 haume,

223 1811 312 1877 dario,
340 1807 445 1877 etipse
470 1805 561 1862 statim
589 1804 705 1874 incipiat
729 1805 857 1872 Tertiam,
886 1821 949 1876 quae
974 1805 1038 1862 durn
1080 1811 1137 1860 ant.
1166 1805 1308 1874 Patelccla
1330 1804 1400 1866 sual,
1424 1796 1493 1868 psal.
1509 1796 1673 1866 Macerioni,
1695 1805 1806 1853 interim
1830 1810 1900 1866 prae·

223 1881 332 1948 canitur
342 1878 417 1935 vadit
431 1890 493 1934 cum
507 1889 585 1946 aqua
608 1873 700 1946 bajulo
715 1889 764 1945 per
778 1875 913 1944 oillcinas,
929 1877 1041 1933 etsoli-
1080 1874 1151 1932 latus
1177 1874 1265 1943 majus
1291 1870 1376 1928 altare
1405 1876 1433 1926 et
1460 1867 1619 1928 matutinale
1645 1867 1899 1951 incensct30ratio

222 1958 265 2018 tas
287 1951 407 2020 complet
430 1947 627 2014 observantias,
653 1950 747 2015 postea
771 1947 800 2003 in
815 1947 929 2005 chorum
945 1948 1040 2005 horam
1079 1949 1121 2002 bc
1135 1944 1219 2012 aclis
1242 1943 1361 2009 Domine,
1382 1955 1536 2012 quesumus,
1552 1941 1685 2004 cantores
1708 1945 1764 1996 tres
1787 1953 1815 1994 rn
1839 1953 1901 1996 ca-

222 2021 349 2090 ilniturus
363 2020 518 2077 revertitur.
538 2020 568 2074 ln
583 2015 684 2074 talibus
698 2016 776 2074 iestis
794 2032 890 2076 omncs
909 2021 956 2090 qui
971 2019 1041 2076 mis-
1080 2017 1124 2089 pis
1151 2014 1339 2096 Emediccmus
1363 2011 1485 2095 Domino.
1509 2013 1584 2094 lunc
1603 2010 1762 2094 sacerdotes
1786 2017 1843 2068 tres
1865 1953 1900 2092 lfa

222 2109 267 2152 sas
286 2107 341 2150 non
366 2097 477 2148 cantant
500 2089 534 2145 ad
554 2090 773 2146 communionem
788 2090 900 2158 vadunt,
917 2091 1040 2160 exeeptis
1079 2087 1237 2146 senioribus
1251 2085 1286 2142 ad
1299 2082 1400 2157 gratim
1414 2097 1442 2138 1n
1455 2095 1550 2153 cappis
1565 2088 1707 2152 incipiant.
1724 2083 1779 2154 nl
1798 2087 1898 2152 penul,

222 2164 339 2236 illisqui
359 2177 410 2234 pro
433 2161 524 2232 aliqua
545 2160 703 2218 rationabili
724 2173 806 2218 causa
825 2161 953 2218 consulto
969 2176 1039 2233 prae·
1079 2160 1139 2216 Fiat
1153 2157 1294 2230 processio
1310 2155 1344 2216 ari
1371 2153 1456 2210 altare
1471 2153 1544 2212 beati
1566 2153 1690 2218 loannis,
1713 2167 1768 2224 quo
1803 2152 1902 2224 praia-

222 2236 277 2294 lato
292 2235 480 2299 seahstinent,
496 2232 536 2288 sic
550 2232 631 2287 eliam
641 2233 669 2287 in
685 2231 811 2293 omuibus
826 2233 984 2293 Dominicis,
1079 2237 1124 2288 tus
1139 2231 1274 2286 ineenset.
1299 2231 1318 2291 l
1347 2227 1470 2297 Cumque·
1482 2223 1644 2295 complesset,
1668 2228 1687 2288 l
1715 2223 1796 2280 Valde
1816 2223 1900 2280 bouc-

256 2305 411 2363 Notandum
434 2311 524 2360 autem
550 2303 624 2373 quod
653 2302 763 2374 quando
787 2303 918 2373 quaelibet
936 2303 1040 2361 testivi-
1079 2302 1179 2358 raudus
1202 2305 1250 2369 est,
1270 2312 1352 2370 quem
1367 2296 1441 2353 dicat
1456 2311 1526 2353 uuus
1540 2295 1575 2353 de
1589 2293 1789 2352 sacerdotibus.
1807 2296 1900 2355 Oratio

221 2381 307 2433 tatum
325 2375 476 2448 duplicium
504 2375 532 2430 in
556 2374 658 2444 quibus
676 2374 806 2445 praelatus
824 2376 933 2432 missam
956 2375 1040 2432 debet
1079 2371 1227 2430 Ecclesiam
1241 2376 1321 2438 luam,
1340 2367 1499 2424 sacerdotes
1514 2367 1681 2451 subjungant
1700 2367 1899 2450 Emedicomus.

221 2449 372 2517 celebrare,
396 2449 425 2504 in
455 2445 594 2502 [lominica
622 2446 754 2512 occurrit,
779 2446 936 2503 benedictio
956 2461 1040 2516 super
1079 2445 1110 2501 ln
1126 2443 1216 2502 reditu
1239 2441 1267 2498 in
1292 2439 1406 2498 chorum
1421 2439 1455 2496 de
1474 2439 1620 2494 Nauvrtale
1634 2452 1765 2498 memoria
1780 2437 1901 2496 Gaudea-

221 2518 353 2578 lectorem
380 2516 623 2575 hebdomadarium
648 2516 682 2572 ad
715 2516 824 2572 missam
852 2516 1038 2574 matutinalem
1079 2531 1146 2572 mas.
1172 2516 1210 2570 ile
1236 2513 1316 2570 beata
1343 2510 1425 2568 Maria
1454 2510 1584 2567 memoria
1611 2508 1689 2566 Alma
1710 2509 1900 2580 uedemplmis.

222 2589 343 2648 dabitur.
371 2591 401 2645 In
424 2587 572 2646 refectorio
599 2586 681 2644 lectio
704 2589 738 2644 Ia
764 2587 905 2671 percipio,
938 2589 1039 2645 deiude
1079 2587 1181 2652 iPoal
1199 2590 1315 2657 partum,
1340 2581 1428 2640 oratio
1449 2584 1529 2648 Deus,
1553 2581 1597 2652 uui
1619 2579 1722 2646 eduis,
1742 2579 1901 2638 ceroferarii

221 2675 312 2718 sermo
346 2661 404 2715 Vra
430 2657 575 2730 spiritualis
610 2657 730 2730 Aquila,
761 2663 789 2714 et
820 2659 866 2716 ahi
897 2673 1040 2718 sermones
1079 2657 1279 2714 Benediccmus.

222 2745 272 2802 per
295 2731 473 2858 septimanam
497 2733 679 2798 assumantur,
706 2741 768 2786 curu
784 2743 853 2801 opus
867 2727 960 2798 iuerit,
977 2737 1040 2802 post
1116 2729 1154 2784 ite
1168 2734 1263 2784 sancto
1284 2727 1389 2808 loanue
1413 2723 1515 2808 duplos
1538 2721 1637 2806 testum
1660 2722 1751 2793 agitur
1773 2721 1900 2794 simplex,

220 2799 495 2874 Euangeiadierum.
1081 2799 1156 2871 quod
1185 2799 1287 2854 dicitur
1308 2802 1399 2852 tertiae
1432 2795 1582 2868 drgnrrtatrs.
1608 2791 1712 2850 Eodem
1739 2793 1821 2850 modo
1850 2809 1901 2864 per

255 2874 310 2930 ud·
328 2875 461 2944 vesperas
490 2873 568 2944 signa
596 2871 667 2929 sicul
698 2872 727 2927 in
759 2871 851 2944 vigilia
880 2872 1038 2942 pulsantur,
1081 2871 1172 2927 omnia
1187 2871 1259 2926 sicut
1273 2871 1396 2950 notatum
1421 2872 1462 2922 est
1477 2867 1505 2921 in
1524 2864 1595 2922 testo
1611 2865 1685 2921 beati
1699 2865 1840 2948 stephani,
1860 2865 1903 2948 sic

221 2951 349 3008 cantores
379 2946 492 3002 chorum
530 2949 646 3014 reguum
681 2946 778 3000 cautor
810 2944 1041 3002 hebdomadarius
1081 2943 1163 2998 eliam
1178 2941 1212 2997 de
1228 2938 1424 2996 innocentibus
1438 2936 1513 2994 etde
1535 2941 1630 2993 sancto
1647 2936 1750 2993 Thema
1767 2949 1826 2992 sine
1846 2935 1902 2992 dri-

222 3034 313 3092 dexffl
346 3033 423 3090 0110„-
450 3031 565 3101 prumam
593 3031 771 3102 anppponam
804 3023 882 3095 273
915 3031 1039 3101 incipiat,
1081 3012 1198 3069 terentia
1226 3011 1396 3068 observatur.
1426 3007 1500 3080 (Post
1527 3006 1645 3078 Laudes)
1685 3007 1731 3062 liat
1761 3009 1901 3078 processio

221 3104 329 3160 seilicet
356 3123 363 3158 :
398 3105 491 3158 Tecum
519 3101 605 3172 prium
623 3104 689 3170 iura,
724 3117 765 3170 ps.
798 3103 875 3158 llicit
905 3093 1163 3164 caeremoiis
1179 3100 1214 3157 ad
1235 3098 1320 3156 altare
1335 3097 1424 3155 sancti
1438 3096 1560 3163 domnia,
1586 3097 1625 3152 ibi
1646 3097 1788 3153 incensato
1811 3095 1901 3163 altari,

221 3173 298 3230 Altus
328 3176 424 3230 cantor
455 3171 561 3229 sinistri
592 3118 671 3228 chori
695 3171 874 3243 antiphonam
893 3173 1041 3230 secundam
1082 3181 1111 3230 et
1129 3173 1204 3228 dicto
1220 3169 1324 3242 psalmo
1348 3169 1514 3238 Benedictus,
1530 3169 1638 3224 dicatur
1652 3169 1740 3224 oratio
1755 3165 1902 3249 Ecclesiam

221 3243 337 3314 incipiat
350 3243 567 3313 redemptionem,
591 3241 660 3313 psal.
681 3240 849 3314 conuolare
868 3243 929 3302 alla
944 3243 1040 3302 distri·
1081 3249 1162 3300 tuom.
1188 3241 1351 3300 Sacerdmes
1375 3247 1502 3297 cantores
1517 3239 1683 3310 subjungant
1701 3239 1899 3295 Beaedtcomua.

221 3316 352 3382 buentur,
372 3320 400 3369 et
418 3311 548 3370 finiantur
566 3326 663 3370 omnes
679 3327 740 3369 eum
756 3321 911 3383 pneumate.
928 3315 1042 3384 capno-
1081 3316 1119 3370 be
1142 3315 1287 3371 Nativitalc
1310 3313 1451 3378 memoria,
1477 3311 1511 3367 de
1535 3316 1630 3366 sancto
1645 3309 1784 3380 stephano
1799 3323 1900 3366 memo-

222 3386 278 3445 lum
301 3400 363 3442 eum
383 3397 470 3456 cappa
493 3390 520 3441 et
541 3385 630 3440 cereis
652 3385 781 3454 pralatns
795 3384 869 3442 dicat
882 3383 1038 3455 multifarie.
1082 3386 1132 3451 ria,
1148 3385 1182 3442 ilc
1197 3385 1275 3440 beata
1285 3383 1368 3440 bieria
1380 3382 1521 3450 memoria,
1533 3380 1692 3439 ceroferarii
1700 3381 1898 3438 Bmedicemus.

222 3456 370 3529 pluium
383 3469 456 3523 caro,
475 3459 603 3512 cantores
620 3456 750 3526 adiuncto
764 3457 817 3514 sibi
833 3457 914 3513 lertio
930 3462 1041 3514 cantent
1116 3455 1155 3514 ad
1172 3457 1305 3527 vesperas
1328 3459 1384 3510 aut.
1414 3456 1506 3510 Tecum
1525 3453 1692 3524 principiam,
1721 3459 1786 3520 etc,
1802 3459 1833 3508 ut
1856 3467 1902 3508 su·

221 3526 622 3599 lncappis.l1ynnuslsolis
640 3526 1040 3598 crluscardiae.i.Tcupuam
1081 3541 1140 3598 pra,
1165 3527 1314 3597 capitulum
1343 3525 1393 3592 Qui
1419 3526 1488 3580 timei
1507 3526 1597 3592 ileum,
1620 3526 1695 3595 nir
1716 3524 1812 3592 rmdia,
1827 3523 1903 3594 hum-

219 3615 339 3672 spoasus.
371 3598 555 3668 Antiphonem
591 3597 677 3654 Hodie
707 3598 842 3668 carulas,
881 3599 969 3668 primo
1012 3606 1040 3656 et
1081 3613 1133 3654 nus
1160 3597 1292 3655 Essaltet.
1317 3601 1337 3664 pl
1370 3595 1450 3651 Valde
1477 3595 1655 3662 honorandus,
1684 3601 1740 3652 aut.
1767 3595 1800 3650 ln
1818 3595 1900 3650 medic

221 3679 359 3742 postremo
388 3669 518 3740 praelatus
546 3669 601 3725 inci
622 3669 654 3736 it,
683 3676 711 3725 el
741 3675 799 3728 tola
816 3670 943 3737 canitur,
968 3671 1037 3740 psal.
1079 3668 1217 3727 Ecclesiae.
1246 3669 1339 3725 Oratio
1373 3665 1529 3724 Ecclesiam.
1573 3669 1705 3723 cantores
1736 3665 1902 3736 subjungant

219 3743 384 3813 Mauaipieal.
407 3741 517 3797 interim
542 3684 673 3810 prelatus
697 3742 784 3810 majus
801 3741 887 3797 altare
902 3742 1037 3810 incenset,
1079 3741 1278 3798 Beoedicamus.
1296 3741 1371 3795 Tunc
1386 3745 1442 3794 tres
1463 3738 1497 3794 dc
1514 3737 1681 3807 junioribus,
1697 3737 1902 3806 acceptiscap·

220 3827 271 3882 per
291 3818 529 3882 caeterarumque
548 3811 646 3866 altaria
664 3811 807 3868 incensum
821 3817 957 3882 portetur.
973 3815 1040 3869 Ora·
1079 3813 1123 3883 pis
1146 3812 1252 3878 soricis,
1281 3811 1316 3867 ad
1343 3810 1444 3880 gradus
1462 3809 1595 3878 incipiant
1618 3809 1637 3877 rb
1658 3807 1759 3876 Dipsas
1773 3824 1790 3863 a
1805 3807 1899 3876 diuais,

183 3902 189 3914 ’
219 3881 259 3939 tio
275 3882 402 3949 Concede,
422 3895 577 3950 armamus.
597 3883 729 3937 cantores
744 3881 837 3938 dicant
851 3883 1038 3940 lleaedicamus
1079 3888 1107 3938 et
1121 3882 1168 3939 fiat
1182 3883 1323 3952 processio
1339 3881 1372 3936 ad
1388 3881 1473 3936 altare
1493 3881 1694 3946 Innocentium,
1710 3878 1783 3949 quod
1800 3879 1900 3948 prata·

220 3953 340 4008 Mutae.
367 3953 463 4008 Statim
483 3957 540 4007 tres
563 3951 673 4006 diaconi
705 3953 735 4007 in
767 3951 862 4021 cappis
887 3954 981 4010 rubeis
1004 3954 1038 4010 ad
1079 3955 1123 4010 tus
1138 3950 1308 4013 insensati
1331 3951 1480 4023 Accipiunt.
1506 3948 1691 4018 titulamini,
1713 3949 1802 4006 oratio
1823 3952 1900 4016 Erus,

220 4021 322 4093 gradus
350 4022 483 4091 incipiant
514 4022 719 4091 responsorium
749 4022 863 4090 Soucle;
892 4031 958 4080 tunc
995 4031 1039 4081 eat
1079 4025 1152 4094 cujus
1179 4023 1316 4090 lodicum,
1341 4031 1469 4080 cantores
1494 4023 1692 4078 benedicamus.
1713 4023 1743 4078 ln
1759 4021 1849 4078 reditu
1866 4020 1900 4075 de

220 4093 361 4164 processio
376 4091 410 4149 ad
426 4091 511 4148 altare
534 4092 622 4148 sancti
646 4093 787 4162 slcpuanl,
804 4093 933 4164 praelatus
948 4100 1037 4152 autem
1078 4095 1225 4150 Nativitale
1249 4094 1390 4160 memoria,
1416 4093 1450 4149 de
1476 4099 1572 4150 sancto
1599 4093 1738 4164 Stephano
1759 4092 1900 4160 memoria,

220 4165 351 4220 incenset¹
372 4163 477 4228 altare;
511 4162 621 4219 diaconi
655 4169 767 4220 cantent
794 4179 902 4223 versum
933 4167 966 4220 ill
995 4169 1038 4222 lac
1079 4165 1114 4221 de
1130 4165 1304 4222 beatablaria
1318 4165 1459 4220 memoria.

216 4235 386 4308 propitiatus.
411 4236 525 4290 Versum
540 4232 632 4290 Gloria
656 4235 896 4303 statueremus
915 4236 950 4292 de
976 4237 1038 4292 dia·
1114 4239 1158 4302 (ln
1183 4237 1249 4308 lesio
1273 4237 1471 4298 innocentium.)
1495 4236 1523 4290 tn
1546 4235 1684 4292 madibus
1703 4234 1844 4306 processio
1865 4233 1899 4290 all

219 4305 298 4364 conis
319 4305 402 4373 dicat,
431 4306 543 4363 Oratio:
565 4307 606 4361 lla
627 4303 712 4375 codis,
740 4307 849 4364 diaconi
872 4307 1039 4379 subjungant
1078 4307 1164 4364 altare
1180 4308 1278 4364 eodem
1294 4307 1377 4364 modo
1392 4321 1447 4377 quo
1462 4320 1555 4376 supra.

218 4375 406 4436 Beacdlcaraus
432 4377 553 4434 murino.
584 4378 683 4434 Postea
714 4377 810 4435 redeat
844 4380 985 4448 processio
1009 4380 1071 4472 inD
1115 4379 1155 4435 hd
1186 4380 1328 4449 vesperas.
1358 4380 1490 4434 cantores
1522 4376 1729 4434 hebdomadarii
1766 4375 1896 4446 adjuncto

218 4449 333 4508 chorum
352 4448 488 4508 cantando
515 4447 697 4519 inmolata}
724 4450 787 4505 Post
832 4452 1036 4516 calamorum
1079 4450 1132 4506 sibi
1156 4451 1239 4508 tertio
1267 4450 1295 4505 in
1320 4450 1415 4534 cappis
1441 4449 1538 4505 sericis
1565 4449 1599 4503 ad
1632 4449 1733 4519 gradus
1768 4446 1902 4517 incipiant

217 4523 298 4590 Deus,
313 4521 358 4592 uui
374 4509 468 4578 solutis
486 4525 599 4586 almae,
616 4521 696 4590 pueri
708 4521 742 4576 ad
757 4465 859 4592 aragus
871 4522 1035 4594 subjungant
1078 4519 1192 4592 nudo
1211 4521 1317 4579 Chrmli.
1333 4523 1392 4577 Erat
1406 4520 1546 4592 processio
1561 4519 1595 4575 ad
1610 4519 1900 4588 allarebeatiThomac

158 4645 159 4652 ,
217 4591 415 4656 Benedicamus.
448 4590 489 4648 hu
518 4590 733 4648 cantatorium
770 4593 921 4664 antiphona
952 4594 1039 4653 illise-
1078 4591 1177 4650 eodem
1191 4591 1274 4650 modo
1287 4606 1343 4663 quo
1357 4591 1461 4650 dictum
1476 4595 1519 4648 est
1533 4591 1567 4646 de
1582 4591 1654 4646 aliis.

216 4678 286 4748 rere,
307 4664 420 4734 ete.,h
467 4677 519 4746 nus
543 4605 670 4719 Sassralcr
691 4663 790 4720 uuam.
810 4661 830 4723 l
854 4664 960 4722 Custodi
977 4679 1035 4733 uos,
1116 4665 1240 4736 (lalmlo
1256 4665 1288 4722 S.
1310 4662 1439 4734 uulua.)
1456 4663 1496 4720 hd
1512 4661 1620 4720 Laudes
1639 4661 1685 4718 tat
1703 4660 1847 4732 processio
1865 4659 1900 4716 ad

217 4735 408 4804 antiphonae
432 4733 511 4802 elata,
536 4732 655 4790 Verium.
1078 4736 1174 4802 altare,
1190 4736 1263 4791 sicut
1275 4749 1369 4805 supra.

256 4815 336 4892 274
354 4824 391 4878 he
409 4825 437 4880 S.
457 4822 597 4894 Stephano
618 4821 719 4894 duplex
733 4820 832 4880 festum
847 4823 963 4893 simplex
977 4825 1037 4896 agi·
1114 4815 1193 4886 277
1214 4825 1244 4880 la
1267 4823 1359 4894 uigilia
1382 4821 1554 4893 Epiphania,
1574 4835 1649 4883 nona
1662 4834 1724 4879 oum
1739 4819 1849 4880 duobus
1863 4819 1898 4876 tle

219 4894 273 4947 tur.
294 4891 481 4950 invitatorium
499 4909 516 4950 α
534 4894 624 4952 tribus
641 4896 702 4952 sine
721 4895 817 4965 cappis
840 4895 947 4962 sericis,
963 4896 1036 4951 dhri-
1077 4893 1228 4965 majoribus
1241 4895 1328 4967 signis
1342 4892 1476 4976 pulsetur.

217 4966 284 5027 alum
302 4964 400 5018 uulua.
421 4965 541 5034 Hymnus
557 4968 634 5032 beas,
651 4970 753 5022 luorum
771 4965 890 5023 militam.
901 4967 932 5020 tn
947 4967 1035 5037 primo
1113 4967 1279 5024 solemnitas
1301 4965 1462 5036 Epiphaniae
1477 4979 1539 5024 cum
1556 4979 1653 5038 magna
1675 4963 1828 5021 reverentia
1856 4975 1900 5018 oe

218 5042 366 5100 nocturno,
395 5039 451 5088 ant.
478 5037 576 5091 Beatus
603 5036 763 5108 Stephanus,
797 5050 879 5108 quam
914 5037 1037 5108 imponat
1078 5034 1209 5104 lebralur,
1239 5037 1304 5109 quia
1327 5038 1355 5093 in
1379 5037 1439 5106 ipsa
1462 5037 1546 5093 multa
1569 5043 1738 5094 sacramenta
1767 5033 1899 5092 recolun-

218 5104 351 5164 dlaconus
372 5108 481 5162 cantum
497 5119 581 5176 agens
595 5107 691 5178 majori
710 5108 738 5164 in
759 5107 844 5164 choro
864 5107 961 5164 dextro
974 5115 1037 5179 post
1078 5113 1132 5166 tur.
1148 5110 1251 5166 Altaria
1264 5121 1375 5178 quoque
1386 5107 1475 5164 omnia
1490 5115 1631 5180 parantur,
1648 5107 1726 5178 signa
1742 5106 1897 5176 pulsantur,

218 5177 348 5247 priorem.
369 5175 438 5247 psal.
454 5178 552 5232 Beatus
574 5178 636 5245 uir„
656 5178 805 5251 antiphona
827 5179 845 5233 2
867 5181 1035 5248 Constitutus,
1077 5183 1204 5250 utsupra
1219 5180 1322 5236 dietum
1338 5183 1389 5246 est,
1407 5185 1508 5250 practer
1521 5179 1556 5236 ad
1570 5179 1725 5246 liulutinas,
1742 5185 1809 5234 tuno
1823 5176 1896 5233 euim

216 5260 298 5317 quam
324 5249 441 5319 imponit
462 5245 532 5304 allus
546 5246 679 5308 diaconus
697 5252 726 5308 in
742 5251 855 5309 sinistro
875 5251 961 5309 choro
976 5266 1035 5308 ma·
1077 5251 1111 5305 ad
1136 5251 1297 5307 excitandos
1322 5249 1421 5306 iratres
1439 5264 1495 5308 non
1517 5251 1642 5322 pulsatur
1665 5249 1824 5314 classicum,
1849 5245 1898 5304 sed

214 5319 289 5389 lori„
310 5325 363 5378 eto.
394 5320 513 5377 Primum
536 5321 742 5388 responsorium
766 5321 915 5394 Stephanus
938 5327 1035 5387 aulem,
1076 5321 1133 5379 duo
1147 5321 1254 5378 minora
1276 5321 1363 5393 signa.
1387 5323 1482 5378 Omnia
1506 5321 1650 5380 luminaria
1673 5333 1735 5392 que
1751 5321 1825 5378 cium
1839 5333 1898 5380 ma·

217 5385 417 5474 prodeuntem
432 5392 487 5450 duo
501 5389 665 5461 aigradus;
681 5393 907 5452 similiteromnia
922 5407 1036 5465 respon·
1074 5393 1120 5462 jus
1134 5393 1220 5450 altare
1234 5399 1309 5458 sunt,
1332 5395 1454 5464 exeeptis
1478 5393 1567 5452 trihus
1587 5393 1677 5451 cercis
1700 5393 1748 5463 qui
1768 5395 1834 5448 suut
1852 5403 1899 5448 oo·

216 5471 291 5521 sorta
315 5459 373 5521 brui
397 5468 425 5519 el
442 5461 500 5520 bini
517 5465 638 5530 cantant,
657 5467 734 5534 prior
749 5467 861 5535 ponitur
875 5465 910 5528 ad
928 5469 1035 5522 sentum
1077 5477 1135 5520 ram
1158 5463 1248 5531 altari,
1272 5464 1471 5522 accenduntur.
1491 5469 1560 5522 Ante
1583 5463 1693 5536 singula
1714 5463 1822 5528 altaria,
1842 5460 1900 5520 siu·

215 5531 432 5603 responsorium,
460 5533 534 5592 sicul
551 5545 661 5604 semper
678 5535 707 5591 in
731 5535 888 5608 duplicibus
903 5536 991 5605 lestis,
1008 5540 1037 5592 et
1076 5534 1140 5664 {ula
1173 5535 1318 5594 luminaria
1348 5542 1498 5608 ponuntur.
1531 5535 1574 5594 hd
1604 5538 1740 5606 vesperas
1770 5537 1902 5592 cantores

215 5603 250 5666 ad
265 5617 367 5671 nouam
388 5602 545 5673 lectionem,
562 5609 617 5664 ele.
640 5605 676 5661 lle
693 5607 776 5664 mum
789 5607 936 5668 mudomus.
953 5605 1037 5670 leo*
1097 5607 1284 5665 ebdomadarii
1307 5607 1421 5667 chorum
1448 5613 1548 5682 regunt
1571 5607 1599 5664 in
1624 5607 1720 5678 cappis
1744 5605 1824 5663 albis.
1842 5603 1900 5662 Pri-
