4106 6178
740 320 745 329 .
803 266 972 323 GUthEtlll
992 264 1184 320 orsinhusrs
1203 264 1351 321 biONhClll
1434 305 1438 310 .

1070 388 1273 450 hPraevalidus
1283 387 1382 445 fortem
1396 400 1488 444 sermo
1507 387 1604 458 procul
1620 386 1720 460 effugat
1735 389 1859 456 hostem,

636 399 665 453 V.

393 513 512 582 llpmoce
530 507 563 562 de
580 509 671 562 sancto
691 499 840 560 Secundino
861 497 905 569 (3).

365 619 485 682 Christe,
505 617 563 671 Rex
581 623 686 682 regum,
708 608 826 681 pretium
845 606 964 680 plorum,

366 710 475 771 Nostra,
496 703 543 773 qui
558 701 640 772 digne
656 698 705 754 tibi
721 696 864 753 militantis

367 801 422 854 Res
434 788 582 850 Secundini
598 788 721 845 canimus
739 787 886 853 secundas,

476 883 542 937 Vota
557 877 689 935 secunda.

367 977 453 1046 Hujus
466 972 602 1042 insignem
616 966 809 1035 celebremque
827 964 919 1020 vitam.

365 1063 479 1122 Nobiles
493 1073 595 1126 mores,
610 1061 718 1113 veteres
732 1053 886 1125 triumphos

365 1155 432 1210 blira
450 1153 581 1208 virtutum
597 1147 704 1203 noviter
718 1153 827 1201 suarum

474 1239 585 1296 Prodita
604 1235 729 1308 pandunt

366 1332 445 1389 Falsa
459 1329 622 1386 iromentem
638 1323 730 1395 jaculo
746 1321 852 1378 doloris

367 1419 489 1477 Perculit
503 1429 580 1483 vero,
594 1414 669 1470 videt
682 1411 728 1466 hic
743 1415 859 1474 reatum,

367 1509 486 1567 Punitet
504 1505 571 1561 dicti
584 1526 592 1572 ;
606 1517 655 1560 sua
669 1500 848 1571 poenitentem

475 1599 560 1652 Poena
579 1591 721 1661 relinquit.

368 1691 451 1759 cujus
470 1685 610 1742 oblectant
624 1681 742 1736 animam
758 1683 869 1748 tepores

371 1779 446 1834 Veris
461 1774 568 1839 aeterni,
588 1769 662 1827 soret
681 1775 709 1824 et
723 1765 826 1836 quietis

367 1872 439 1923 hura
450 1863 582 1927 coelestis,
598 1859 695 1928 nequit
708 1857 791 1926 hujus
803 1859 879 1910 artus

475 1952 594 2008 Flamma
609 1960 720 2003 nocere.

367 2043 500 2100 Omnibus
514 2036 645 2095 membris
661 2047 730 2105 pene
745 2032 890 2098 destituto,

368 2137 451 2201 Quem
468 2142 547 2186 suum
563 2131 669 2182 tantum
684 2126 795 2192 potemt
809 2119 880 2176 tueri

367 2225 426 2290 tus,
443 2231 541 2289 preces
554 2212 673 2270 lundens
688 2209 807 2266 celerem
822 2205 945 2263 reiundlt

476 2307 581 2377 Lingua
598 2301 724 2358 salutem.

370 2395 486 2455 Praesuli
501 2398 577 2451 tauto
596 2403 712 2448 vacuare
731 2387 803 2442 iacta

373 2490 439 2544 vota
455 2489 606 2540 tentantem
621 2477 750 2536 valetudo
765 2475 853 2532 nectit

372 2575 496 2645 sospites
510 2583 621 2643 gressus
638 2566 733 2623 eadem
749 2563 855 2636 paranti

478 2660 589 2717 Solvere
604 2656 695 2713 solvit.

372 2751 500 2810 Fimbriis
519 2746 599 2820 pallae
614 2742 773 2802 decorantis
791 2755 866 2797 aram

371 2845 473 2899 Cereus
488 2838 586 2895 mistus
599 2835 711 2907 penitus
725 2837 881 2895 crematur;

372 2928 499 2987 Fimbriae
518 2940 582 2984 vero
598 2922 667 2980 nihil
681 2921 800 2980 ustionis

479 3016 686 3087 Perpetiuntur.

373 3107 510 3180 Splendor
523 3110 654 3172 eternus,
666 3101 752 3157 decus
766 3105 794 3156 et
808 3096 964 3167 triumphus

373 3199 440 3253 Cum
455 3201 595 3250 coaeterno
613 3191 664 3247 tibi
680 3192 714 3246 sit
729 3191 858 3255 Parente,

374 3289 462 3356 hique
477 3295 539 3339 cum
558 3293 637 3336 sacro
653 3279 765 3350 pariter,
781 3287 910 3346 superna,

482 3370 614 3437 Flumine,
634 3367 739 3423 Proles.

252 3486 275 3541 q
290 3468 360 3523 Ecce
374 3460 557 3526 secundinus,
578 3457 684 3514 coelestl
699 3455 765 3513 sede
785 3453 898 3525 potitus,

287 3555 396 3613 Transit
413 3552 448 3638 ab
463 3552 515 3607 hac
528 3550 595 3617 vita,
610 3561 674 3604 rere
693 3546 783 3602 bonus
802 3542 934 3599 israelita.

288 3648 366 3703 Nunc
389 3642 492 3699 chorus
514 3635 633 3695 exsultet
660 3633 826 3706 psalmisque
849 3637 980 3702 sequatur
1003 3643 1074 3686 euu-

288 3733 407 3800 Trausit,
423 3735 478 3788 etc.
999 3718 1072 3789 [tem.

253 3842 276 3898 q
290 3825 375 3894 Euge.
391 3819 440 3876 liei
459 3816 533 3889 regis
551 3814 643 3871 cultor
657 3812 740 3880 bone,
756 3825 833 3867 serre
848 3808 948 3875 tidelis,

289 3912 372 3969 Multa
386 3921 469 3979 supra
484 3905 560 3974 ielir,
576 3905 641 3974 quia
655 3915 738 3973 supra
752 3915 839 3972 pauca
851 3898 957 3955 tidelis!

254 4001 374 4071 puupla
389 4001 558 4069 representa
576 3994 628 4050 tibi
648 3991 747 4049 tradita
766 3991 888 4062 quinque
907 3988 1019 4044 talenta.

329 4123 461 4144 ........
480 4084 555 4152 quia,
576 4089 630 4138 etc.

646 4186 687 4240 vt.

404 4299 437 4353 lc
455 4293 558 4351 leodem
571 4292 656 4348 suncti
669 4290 781 4350 Martini
794 4288 917 4361 episcopi.

251 4413 361 4468 Gemma
380 4402 566 4466 secerdotum,
579 4398 651 4454 votis
665 4396 762 4453 assiste
777 4400 897 4463 tuorum,

291 4499 324 4554 ut
335 4499 467 4551 resonent
481 4487 588 4546 meritis
606 4487 714 4542 cantica
726 4484 808 4555 digua
824 4485 888 4540 tuis.

255 4590 337 4644 Facta
350 4581 551 4652 triumphorum
566 4577 742 4635 celebrantur
758 4574 859 4644 ubique
874 4577 994 4641 tuorum,

291 4679 358 4734 Cum
377 4671 474 4730 rutilas
489 4669 578 4742 primo
593 4667 644 4724 sub
659 4666 723 4724 lidei
738 4664 830 4721 titulo.

255 4772 340 4835 Quem
356 4763 426 4834 tegis
440 4761 469 4817 in
488 4759 570 4815 terris
597 4761 661 4813 tuus
683 4761 726 4811 est
748 4768 832 4824 super
852 4751 954 4809 aethera
974 4753 1074 4808 testis:

291 4856 357 4910 Pars
376 4846 527 4918 chlamydis
539 4845 682 4902 bominum
696 4842 813 4900 loenerat
826 4841 986 4898 aethereum.

255 4947 297 5004 lit
316 4943 387 4998 latro
402 4936 533 5009 praelatus
547 4935 678 4991 virtutum
693 4946 786 5004 preco
800 4941 919 4999 tuarum,

287 5029 431 5089 Coelestem
447 5021 581 5096 profitens
594 5022 629 5077 ad
644 5027 692 5078 tua
709 5021 792 5078 rerba
808 5020 899 5076 tidem.

289 5177 323 5246 β)
339 5177 432 5231 Exstat
447 5170 519 5244 apud
533 5167 640 5240 Ughelli
656 5167 673 5223 i.
695 5164 714 5220 i.
734 5164 789 5220 col.
808 5163 885 5218 1342.

1866 265 1937 319 1292

1138 477 1259 534 Ellebori
1276 476 1369 534 clades
1387 477 1414 532 vi
1429 478 1522 547 precis
1535 477 1627 534 omnis
1641 478 1728 534 abest.

1103 568 1180 636 Quod
1193 567 1275 625 luerit
1290 567 1361 625 latro
1376 568 1518 626 teterrima
1533 569 1630 639 pandit
1644 570 1745 642 imago,

1138 659 1186 714 cui
1202 658 1283 714 datur
1297 658 1460 729 obsequium
1474 658 1603 730 martyris
1613 665 1697 729 atque
1711 659 1808 715 decus.

1104 747 1218 802 Maxima
1232 754 1276 803 ter
1294 747 1453 804 barathrum
1472 749 1560 804 virtus
1582 748 1702 804 evicerat
1719 755 1820 814 atrum,

1139 837 1306 892 Criminibus
1325 851 1437 908 pressos
1449 838 1566 893 suscitat
1580 842 1662 908 atquc
1682 851 1755 893 reos.

1105 927 1172 980 bum
1187 926 1277 981 crucis
1300 940 1375 981 arma
1399 939 1502 993 mores,
1518 931 1573 982 stat
1592 926 1671 997 plebs
1685 933 1715 982 ut
1730 940 1812 982 saxea
1832 925 1934 988 tmolus,

1140 1015 1196 1070 Nec
1211 1014 1264 1070 nisi
1280 1015 1391 1084 quaudo
1404 1015 1480 1072 voles
1494 1015 1620 1086 quolibet
1634 1017 1675 1071 ire
1691 1022 1793 1086 potest.

1105 1103 1141 1158 Te
1156 1103 1302 1168 subeunte,
1321 1117 1397 1160 suam
1413 1104 1495 1174 pinus
1513 1105 1647 1162 vertendo
1667 1106 1785 1170 ruinam,

1140 1192 1170 1247 ln
1186 1205 1240 1261 qua
1255 1199 1331 1261 parte
1343 1191 1394 1248 luit
1408 1206 1463 1249 non
1479 1195 1596 1260 ruitura,
1616 1195 1680 1249 ruit.

1105 1282 1187 1352 lgneu
1205 1281 1247 1336 vis
1258 1280 1369 1353 refugit,
1386 1283 1451 1339 dum
1465 1282 1582 1340 dammis
1596 1283 1694 1340 obvius
1708 1283 1785 1348 exis;

1140 1370 1226 1426 Ardet
1241 1376 1269 1426 et
1283 1371 1327 1426 his
1340 1371 1419 1438 solis,
1436 1378 1478 1428 est
1496 1372 1543 1429 ubi
1554 1373 1642 1442 jussa,
1661 1372 1740 1428 locis.

1107 1457 1189 1514 Plebc
1203 1456 1362 1527 reluctanti,
1376 1459 1536 1516 uoeleslibus
1549 1461 1657 1518 obsitus
1670 1461 1754 1516 armis

1142 1547 1306 1604 harmonicae
1321 1554 1408 1605 totum
1428 1549 1516 1605 diruis
1533 1549 1601 1606 aedis
1616 1562 1696 1619 opus.

1108 1636 1145 1690 Te
1164 1649 1275 1706 quoque
1291 1636 1356 1693 dum
1374 1637 1467 1708 gladio
1483 1638 1552 1707 petit
1566 1650 1637 1693 unus
1651 1642 1679 1692 et
1693 1637 1763 1692 alter
1781 1635 1892 1706 iniquo,

1075 1701 1099 1759 Β
1143 1725 1192 1781 ille
1207 1726 1273 1792 ruit,
1288 1725 1409 1796 gladium
1424 1727 1516 1797 perdit
1529 1726 1576 1782 hic
1590 1741 1605 1782 e
1620 1727 1755 1782 manibus.

1106 1815 1177 1880 Quot
1192 1829 1275 1885 prece
1290 1815 1340 1871 das
1358 1815 1448 1871 salvos
1462 1815 1567 1872 morbis
1585 1821 1614 1872 et
1637 1815 1762 1871 daemone
1776 1815 1897 1885 captos!

1142 1903 1293 1973 Leprosum
1307 1909 1406 1960 curant
1420 1903 1513 1960 oscula
1528 1903 1587 1961 sola
1606 1909 1662 1960 tua.

1107 1991 1269 2046 innumeros
1283 1991 1362 2061 pellit
1374 1991 1522 2063 languores
1537 1991 1644 2048 fimbria
1655 1992 1739 2047 vestis
1759 2010 1765 2046 :

1144 2079 1246 2134 Febres
1265 2079 1360 2136 charta
1374 2079 1451 2151 fugat
1465 2085 1530 2136 suut
1545 2079 1591 2136 ubi
1606 2081 1710 2150 scripta
1724 2086 1781 2136 tua.

1109 2169 1139 2222 ln
1159 2167 1272 2222 nimium
1288 2167 1356 2224 diris
1370 2167 1528 2224 confractus
1547 2167 1670 2224 membra
1691 2167 1789 2233 ruinis,

1145 2255 1232 2312 illitus
1243 2263 1385 2328 unguento
1399 2269 1497 2328 sospes
1511 2271 1541 2313 es
1555 2257 1691 2328 angelico.

1111 2344 1201 2400 Uteris
1215 2345 1357 2416 angelicis,
1372 2346 1514 2401 hominum
1529 2344 1678 2417 parcendo,
1695 2343 1824 2414 loquelis,

1145 2433 1272 2493 vultibus
1284 2434 1414 2492 aethereis
1428 2449 1461 2490 ac
1474 2434 1525 2490 tibi
1539 2435 1709 2505 conspicuis.

1109 2523 1187 2591 Quod
1203 2521 1268 2579 lacit
1282 2524 1384 2581 invitus
1397 2525 1486 2581 hostis
1501 2524 1551 2581 tibi
1566 2523 1660 2594 prodit
1675 2525 1787 2594 iniquus
1803 2544 1809 2578 :

1145 2613 1206 2668 Nou
1220 2620 1247 2670 te
1259 2610 1330 2670 lacta
1348 2612 1446 2682 latent,
1461 2627 1536 2685 scepe
1547 2612 1637 2669 lutura
1654 2621 1757 2683 patent.

1110 2703 1177 2758 Cum
1192 2701 1311 2757 trahitur
1324 2702 1426 2758 tunioae
1446 2701 1496 2757 tibi
1506 2700 1593 2757 forma
1607 2702 1726 2758 videnda
1740 2700 1844 2772 iugosae
1865 2702 1930 2768 (sir).
2044 2689 2045 2704 ¹

1146 2791 1207 2846 hlox
1221 2791 1360 2847 euanescit
1376 2811 1383 2845 ε
1399 2804 1444 2846 ars
1458 2789 1586 2846 simulata
1601 2791 1682 2860 perit.

1111 2881 1253 2950 Purpureo
1272 2879 1410 2936 Christum
1429 2880 1561 2936 mentitur
1575 2885 1606 2935 ut
1618 2879 1708 2936 hostis
1719 2880 1832 2944 amictu,

1146 2970 1244 3036 Notus,
1261 2976 1291 3024 ut
1306 2969 1412 3036 umbra,
1428 2969 1484 3025 tuis
1497 2967 1600 3024 labitur
1614 2982 1649 3024 ex
1662 2968 1761 3025 oculis.

1080 3026 1208 3129 Glingna
1221 3056 1385 3114 sacramenti
1399 3059 1464 3114 dum
1477 3064 1579 3114 tractas
1597 3057 1670 3114 dona
1685 3056 1809 3127 superui,

1147 3147 1243 3202 biviuo
1258 3147 1400 3218 proprium
1414 3148 1515 3203 emicat
1531 3147 1595 3218 igne
1610 3153 1702 3216 caput.

1114 3239 1179 3292 bum
1195 3251 1275 3292 sacer
1289 3249 1424 3307 expansas
1438 3233 1563 3291 sustollis
1576 3234 1611 3290 ad
1627 3235 1729 3291 aethera
1743 3233 1856 3304 palmas,

1148 3328 1305 3383 cernuntur
1318 3322 1433 3396 gemmis
1446 3323 1560 3379 brachia
1574 3324 1647 3380 nuda
1663 3323 1728 3394 tegi.

1114 3417 1192 3471 Hunc
1207 3414 1257 3470 tibi
1271 3414 1402 3470 uirtutum
1421 3412 1559 3469 cumulum
1579 3413 1632 3469 lert
1650 3412 1730 3483 copia
1744 3425 1861 3478 morum,

1149 3506 1223 3572 Quos
1236 3503 1324 3572 liquet
1338 3503 1486 3558 humanum
1501 3502 1672 3558 transiluisse
1686 3501 1809 3558 modum.

1114 3591 1192 3648 Unde
1207 3602 1297 3661 potes,
1317 3591 1447 3658 moriens,
1460 3603 1547 3661 prope
1561 3590 1655 3646 dicere
1673 3587 1750 3646 solus
1763 3589 1792 3644 iu
1806 3589 1935 3646 bostem:

1152 3701 1166 3730 ι
1184 3682 1215 3736 ln
1230 3694 1273 3736 me
1288 3678 1425 3736 funestum
1443 3678 1481 3734 nil
1500 3680 1624 3749 reperire
1637 3678 1720 3734 mles.
1742 3697 1756 3731 o

1115 3772 1151 3826 Te
1162 3771 1236 3826 cauit
1250 3770 1279 3825 in
1294 3768 1382 3838 cuciis,
1394 3768 1429 3824 de
1441 3782 1560 3840 corpore
1574 3767 1685 3838 quondo
1700 3767 1819 3834 recedis,

1151 3861 1310 3915 sauctorum
1326 3871 1457 3914 numerus
1473 3858 1668 3930 angelicusque
1679 3855 1792 3913 chorus.

1115 3948 1199 4005 Obvia
1214 3954 1272 4005 totu
1285 3948 1361 4004 venit
1375 3947 1497 4004 coelestis
1511 3947 1587 4004 curia
1602 3946 1695 4018 Regis,

1152 4039 1185 4092 Et
1199 4037 1280 4093 datur
1294 4036 1353 4106 ipse
1374 4037 1454 4103 Deus,
1470 4034 1559 4106 palma
1583 4035 1694 4101 decora,
1710 4034 1807 4091 decus.

1116 4126 1223 4183 Nobilis
1237 4125 1265 4181 in
1284 4125 1366 4182 terris
1380 4124 1488 4182 accedit
1502 4124 1590 4202 gloria
1604 4125 1745 4191 membris,

1152 4217 1217 4282 Quae
1232 4215 1300 4272 solis
1313 4219 1446 4285 superant
1460 4213 1619 4270 irradiando
1628 4213 1722 4284 jubar.

1118 4304 1162 4360 Sic
1177 4316 1265 4370 sacer,
1281 4309 1405 4370 ornatus,
1421 4303 1462 4360 sic
1473 4304 1548 4360 omni
1562 4307 1640 4373 parte
1655 4302 1761 4368 beatus,

1154 4393 1203 4449 llic
1217 4401 1245 4449 et
1261 4393 1289 4450 lu
1302 4393 1419 4450 excelsis
1433 4393 1546 4462 premia
1559 4392 1642 4464 digna
1656 4392 1746 4448 metis.

1115 4484 1276 4551 Quaesumus
1299 4482 1376 4551 inde,
1399 4483 1490 4551 Pater,
1520 4481 1621 4553 quibus
1643 4495 1674 4538 cs
1695 4494 1770 4552 spes,
1786 4485 1846 4536 esto
1863 4482 1943 4550 jura-

1839 4568 1940 4640 [men;

1151 4661 1186 4716 bt
1200 4660 1301 4732 quihus
1314 4659 1375 4731 ipse
1391 4659 1481 4727 times,
1496 4659 1548 4716 bos
1562 4657 1710 4716 refovendo
1724 4658 1797 4715 ride.

1118 4751 1178 4806 Non
1199 4749 1273 4819 piget
1287 4748 1387 4816 aetatis,
1402 4761 1458 4805 nou
1473 4747 1558 4805 taedet
1572 4747 1601 4806 in
1615 4747 1683 4804 orbe
1699 4747 1812 4814 laboris,

1153 4839 1250 4894 viuere
1264 4837 1288 4894 si
1303 4836 1396 4906 liceat,
1412 4842 1439 4894 te
1452 4837 1523 4894 duce
1538 4836 1736 4909 dumsigeant.

1117 4927 1193 4985 velle
1208 4928 1286 4984 sitin
1302 4927 1380 4984 coelis
1398 4927 1449 4984 tibi
1464 4939 1525 4995 uos,
1540 4925 1665 4994 hlartiue,
1681 4927 1764 4995 tueri,

1154 5018 1215 5074 bier
1229 5017 1277 5074 ubl
1291 5030 1408 5089 queque
1426 5016 1503 5076 voles
1516 5017 1621 5090 absque
1635 5015 1730 5074 labore
1749 5021 1841 5087 potes.

1081 4350 1107 4410 D
