4034 6152
202 259 269 314 1059
625 281 626 286 1
723 250 751 305 S.
772 249 917 306 thxhhl
934 248 1073 305 nuntiis
1091 247 1349 304 SlLVAE-hntoltls
1820 251 1892 307 lfflO

199 395 246 450 bat
264 390 477 457 correctionem,
496 385 547 444 sed
565 384 646 458 paulo
675 388 739 453 post
766 382 909 452 repetebat
927 383 1020 454 vigilia
1030 380 1191 446 Aomnibus
1209 379 1318 437 scilicet
1340 393 1403 450 quas
1429 378 1484 436 sibi
1509 379 1641 438 voluisset
1664 397 1815 455 suggerere
1829 386 1894 456 Spi-

200 488 228 539 er
242 479 386 538 essuriem,
1062 469 1132 524 ritus
1146 474 1279 526 sanctus?
1298 467 1349 536 Qui
1373 468 1396 524 41
1416 469 1532 539 vulgari,
1549 469 1634 526 idest
1653 472 1777 528 Romana
1797 471 1893 544 lingna

236 570 282 626 37.
311 568 365 626 Sed
398 564 503 622 liberali
529 561 612 620 vultu.
639 587 677 602 —
703 562 769 618 Erat
796 566 886 618 tamen
912 558 1023 616 decoris
1063 555 1234 627 loqueretur,
1254 557 1376 613 omnium
1396 557 1510 615 aliarum
1533 563 1678 629 putaretur
1696 560 1822 629 inscius;
1838 575 1892 618 nec

200 659 288 732 gratia
302 661 442 722 uenustus,
462 653 581 708 discreta
596 651 682 708 macie
700 651 768 706 satis
782 650 928 706 admodum
947 648 1023 705 colo·
1063 647 1172 714 mirum,
1196 651 1255 702 4141
1283 646 1403 717 denique
1431 646 1459 702 in
1487 647 1615 705 omnibns
1643 647 1797 706 liberaliter
1823 650 1894 705 edn-

201 764 259 807 rns.
274 749 334 804 Non
350 743 530 801 obumbrabat
549 739 646 796 faciem
671 740 731 811 ejus
753 739 867 811 aliquod
890 736 1024 795 extermi-
1063 743 1151 792 catus.
1167 737 1195 792 81
1209 749 1275 792 1414
1289 736 1451 804 Teutonica,
1475 737 1597 794 enitebat
1616 737 1782 808 perfectius;
1803 739 1895 795 4114

201 839 287 904 41441,
302 834 351 892 sed
371 832 480 888 assidua
499 830 622 887 hilaritas
641 835 672 886 ut
695 829 822 886 edentem
837 829 875 884 ita
898 832 926 885 et
948 827 1024 897 jeju·
1063 826 1130 894 tina,
1160 827 1188 882 in
1218 826 1292 883 nulla
1320 827 1433 884 omnino
1462 827 1625 885 absolutius.
1660 830 1809 886 Testantnr
1837 831 1895 887 hoc

203 933 311 984 4441441
327 921 510 992 componebat
524 919 665 976 decorum.
682 917 802 974 Canities
821 931 882 972 eum
902 915 1023 972 candore
1063 929 1144 986 quarn
1164 914 1257 987 plures
1271 916 1330 986 ejus
1344 915 1481 988 epistolae,
1499 932 1561 988 quae
1576 916 1690 975 directae
1704 917 1740 974 ad
1754 919 1896 989 plurimos

202 1017 281 1073 niveo
292 1011 453 1078 exornabat,
466 1015 493 1067 41
507 1009 582 1066 14141
595 1008 684 1064 1111411
698 1005 1023 1078 superroseosamlctus,
1064 1005 1184 1062 omnium
1199 1005 1336 1063 habentur
1356 1006 1567 1064 liberalissimae.
1595 1008 1652 1064 Nec
1680 1009 1753 1066 enim
1783 1009 1896 1066 litteras

200 1119 279 1164 coma
295 1101 394 1173 capitis
421 1113 505 1171 super
532 1103 623 1155 441441
643 1097 786 1168 puniceam
804 1095 956 1151 relucebat.
972 1094 1024 1162 Qui
1064 1095 1131 1150 satis
1149 1094 1302 1152 liberaliter
1320 1107 1376 1152 non
1396 1101 1506 1166 poterat
1524 1095 1643 1164 nescire,
1668 1097 1716 1168 qui
1740 1097 1817 1154 inter
1835 1097 1896 1153 alas

199 1195 223 1252 si
239 1210 273 1252 ex
287 1193 409 1250 millibus
424 1191 530 1248 electus
543 1188 650 1256 luisset,
667 1200 723 1244 nou
737 1184 891 1252 candidior,
908 1196 963 1241 non
978 1197 1025 1240 ru·
1064 1183 1207 1242 scholares
1221 1186 1344 1242 nutritus
1362 1191 1391 1241 et
1405 1184 1530 1242 eruditus
1557 1184 1609 1242 luit
1634 1201 1696 1243 cum
1720 1187 1896 1244 consobrino

200 1283 349 1343 1114441141
364 1281 429 1353 eligi
449 1281 595 1353 potuisset.
1064 1289 1115 1332 suo
1138 1274 1236 1333 Carolo
1264 1275 1449 1346 imperatore,
1474 1282 1502 1334 et
1525 1281 1703 1347 posteaquam
1727 1276 1834 1333 saeculo
1851 1291 1898 1332 re·

236 1373 282 1430 ³8.
291 1372 433 1445 1111111414
451 1371 478 1428 iu
496 1385 641 1428 441144.-
654 1369 829 1440 celerarius
843 1380 900 1425 non
914 1366 1025 1424 estlau·
1065 1363 1211 1436 nuntiarit,
1226 1364 1294 1422 satis
1309 1363 1434 1422 studiose
1457 1379 1488 1422 se
1501 1364 1598 1422 babuit
1616 1365 1644 1420 in
1663 1365 1818 1422 monastica
1833 1379 1898 1421 4111

201 1464 261 1523 1411
276 1463 384 1520 144144.
406 1463 536 1528 Persona,
558 1464 586 1516 et
600 1458 755 1526 nobilitate,
776 1464 803 1515 et
826 1457 972 1530 sapientia,
996 1462 1025 1514 et
1065 1455 1182 1514 ditione.

201 1555 359 1620 honestate,
379 1564 435 1608 non
458 1550 634 1620 discrepabat
656 1548 769 1618 abipsa
788 1547 934 1604 ministerii
953 1553 1023 1605 arte.
1100 1547 1145 1603 43.
1186 1547 1280 1617 Vipeus
1312 1545 1484 1604 musitio-
1505 1547 1550 1604 814
1578 1546 1663 1618 igitur
1691 1544 1833 1618 perlectus
1867 1550 1898 1604 in

200 1642 342 1712 Siquidem
358 1653 403 1696 res
417 1639 549 1696 Ecclesia
563 1651 643 1708 quam
660 1637 763 1708 optime
777 1636 955 1707 disposuerit,
984 1643 1026 1706 14-
1066 1645 1183 1708 utraque
1216 1636 1388 1708 disciplina,
1420 1634 1545 1694 saeculari
1573 1635 1703 1692 videlicet
1728 1641 1756 1693 et
1773 1636 1897 1702 111144,

200 1730 319 1787 stabitur
337 1727 464 1795 corbeia,
484 1727 606 1797 quandin
629 1726 776 1795 supererit.
792 1725 833 1781 lbi
849 1731 908 1782 erat
926 1726 1056 1796 portusB
1067 1727 1195 1784 omnibus
1209 1726 1301 1783 omnia
1321 1725 1419 1795 iactus,
1439 1731 1583 1796 sequester
1601 1731 1661 1782 erat
1678 1724 1753 1782 inter
1770 1739 1855 1798 reges
1870 1735 1900 1782 et

203 1831 364 1892 pauperum,
393 1822 537 1887 respectus
565 1815 693 1882 divitum,
714 1814 812 1871 domus
835 1820 957 1871 materna
981 1827 1026 1872 or·
1066 1815 1217 1887 principes,
1233 1815 1351 1886 maiores
1374 1821 1404 1871 et
1426 1815 1558 1881 minores,
1583 1812 1759 1884 aequissimus
1781 1814 1813 1869 in
1837 1828 1899 1870 414-

202 1909 367 1980 phanorum,
383 1911 411 1962 41
426 1907 485 1976 ejus
508 1903 634 1974 exemplo
654 1903 745 1960 adhuc
766 1908 894 1975 superest
917 1905 1025 1961 eunctis
1066 1905 1158 1973 nibus,
1180 1907 1233 1961 1144
1259 1905 1372 1974 placens
1386 1909 1414 1960 et
1428 1903 1598 1960 hominibus.
1612 1902 1764 1960 Consilium
1778 1917 1847 1960 1414
1868 1905 1898 1960 14

203 1996 362 2069 petentibus
376 1994 521 2066 retugium.
537 1995 598 2050 lt'on
612 1992 689 2049 dives
708 1992 866 2063 indonatus,
887 2006 942 2049 non
962 2007 1026 2064 pan·
1066 2008 1099 2051 eo
1118 1993 1227 2065 vigebat
1242 1995 1327 2051 totius
1342 1995 1450 2066 patriae,
1465 1997 1493 2050 et
1511 1993 1578 2050 licet
1605 1992 1714 2050 unicum
1739 1994 1803 2063 ejus
1821 1999 1898 2048 esset

203 2101 253 2158 per
268 2085 376 2142 redibat
395 2085 543 2152 irrogatus.
568 2080 686 2138 caelibes
709 2082 784 2140 viros
807 2087 835 2138 et
857 2081 953 2139 viduas
971 2085 1024 2140 sti·
1066 2083 1234 2140 desiderium
1249 2083 1362 2142 dissolri
1381 2090 1410 2141 et
1427 2097 1490 2141 cum
1504 2082 1614 2141 Christo
1629 2097 1700 2148 esse,
1721 2088 1817 2138 tamen
1831 2097 1899 2154 pre-

202 2175 312 2248 pendils
325 2171 483 2228 destinabat
497 2169 667 2241 accipiendis
681 2184 732 2241 per
746 2170 868 2240 singulas
877 2169 965 2240 villas,
976 2171 1024 2242 qui
1065 2173 1144 2230 cibus
1158 2185 1271 2230 suorum
1286 2173 1401 2241 erictus,
1416 2171 1526 2244 imperii
1549 2185 1644 2242 pacem
1667 2177 1696 2228 et
1718 2172 1899 2229 honestatem

201 2265 304 2336 ubique
333 2262 402 2320 locis
420 2261 586 2333 opportunis
604 2261 773 2331 accipientes
791 2261 826 2317 ab
845 2275 878 2318 eo
897 2262 1024 2321 xenodo·
1065 2262 1231 2333 disponebat
1249 2263 1472 2334 circumquaque.

200 2353 307 2421 chium,
341 2349 522 2424 possidebant
550 2364 595 2407 res
626 2348 752 2407 ecclesia
780 2349 962 2407 communiter
993 2354 1025 2408 nt
1100 2351 1146 2405 44.
1162 2351 1279 2408 corbeie
1293 2352 1437 2409 84441144
1455 2350 1532 2406 initio
1554 2355 1580 2406 41
1595 2364 1762 2422 proprerene.
1778 2379 1815 2392 -
1828 2351 1898 2418 Qui·

200 2441 405 2514 patrimonium.
432 2440 589 2495 Thesaurus
620 2439 722 2510 quippe
755 2439 784 2494 14
817 2439 888 2496 44414
914 2440 967 2496 sibi
996 2443 1024 2496 41
1066 2439 1117 2496 bus
1145 2439 1299 2496 insistendo
1328 2441 1454 2510 peruenit
1471 2439 1617 2496 saxoniam
1646 2452 1707 2494 cum
1735 2439 1791 2494 hoc
1809 2439 1897 2494 etiarn

199 2531 257 2588 suis
276 2528 434 2600 parabatur,
457 2532 485 2583 41
504 2526 603 2583 domus
625 2527 674 2583 hei
697 2527 837 2598 sapienter
860 2542 875 2584 a
898 2529 1024 2598 sapiente
1065 2529 1209 2585 certaret
1235 2529 1358 2601 negotm.
1382 2528 1523 2586 11441441
1544 2527 1646 2600 negotii
1671 2527 1831 2598 41414414
1857 2526 1899 2583 ibi

177 2614 449 2677 'administrabatur
1005 2685 1008 2694 ,
1065 2616 1228 2688 religionem
1243 2617 1395 2674 theoricam
1410 2616 1561 2688 aliquando
1580 2629 1685 2687 ponere
1708 2616 1899 2674 decreverat:

234 2707 279 2765 39.
298 2705 424 2764 1111111111
448 2702 526 2760 ritem
544 2704 659 2774 peretur.
689 2734 725 2746 -
747 2708 884 2763 Caeterum
913 2707 1023 2764 habitus
1064 2704 1195 2776 adquam
1224 2707 1398 2764 statuendam
1427 2721 1477 2777 per
1504 2705 1651 2777 quemdam
1679 2719 1806 2775 puerrrm,
1845 2719 1901 2761 no-

196 2798 424 2855 vestimentorum
439 2796 499 2866 ejus
513 2793 558 2851 111
581 2801 640 2851 4141
658 2793 799 2852 4411141444
823 2810 874 2867 pro
899 2795 1022 2869 frigore,
1065 2793 1139 2852 mine
1158 2795 1351 2853 Theodradum
1380 2795 1456 2869 (l0),
1481 2794 1636 2852 48444414
1661 2794 1803 2850 Franciam
1826 2809 1898 2865 rege

197 2893 288 2945 lamen
304 2887 398 2959 potins
412 2885 535 2943 membra
548 2886 676 2942 muniens
695 2885 892 2957 qnamaliquid
908 2888 1023 2945 honoris
1064 2885 1224 2954 deductum,
1258 2893 1284 2943 et
1305 2887 1469 2944 monachum
1498 2886 1624 2944 corbeiae
1651 2883 1772 2950 lactum,
1800 2884 1898 2941 locum

197 2975 440 3047 autpretinsitatis
458 2974 590 3031 intexens.
610 2975 727 3032 Prorsus
745 2988 802 3032 uon
817 2976 915 3046 egebat
930 2977 1022 3049 aliqua
1064 2974 1220 3032 4111144411
1236 2991 1251 3032 4
1266 2976 1428 3047 parentibus
1442 2977 1502 3046 ejus
1524 2975 1642 3047 adeptus
1660 2972 1760 3032 luerat.
1780 2974 1842 3042 Quo
1865 2975 1899 3030 in

196 3065 323 3137 corporis
337 3065 549 3135 compositione,
574 3062 642 3119 nihil
667 3065 740 3120 enim
762 3065 815 3120 sibi
835 3065 930 3123 deerat
953 3065 1049 3137 pul-G
1062 3062 1125 3120 loco
1140 3064 1285 3122 ecclesiam
1301 3065 1498 3122 monachorum
1517 3065 1613 3122 usibus
1636 3069 1728 3134 aptam
1748 3061 1897 3120 41114414

197 3152 363 3211 41111411414
386 3152 525 3220 humanae,
541 3151 610 3206 nihil
638 3153 720 3208 etiam
748 3153 890 3210 interioris
908 3156 1017 3213 anime.
1061 3166 1267 3224 nonnumquam
1287 3154 1444 3226 disposuit;
1470 3153 1519 3212 sed
1542 3153 1608 3225 quia
1626 3152 1718 3210 locum
1742 3165 1798 3208 uon
1821 3153 1899 3208 satis

196 3245 315 3312 Aspectu
344 3247 403 3296 erat
422 3240 657 3312 incomparabilis,
676 3247 782 3298 statura
805 3257 948 3313 procerus,
972 3247 1015 3302 in·
1061 3246 1153 3310 aptum
1182 3241 1330 3308 intellexit,
1360 3257 1474 3313 crepera
1503 3255 1612 3312 semper
1639 3241 1773 3298 dilatione
1802 3241 1898 3297 inter-

194 3343 275 3386 cessu
294 3328 435 3399 virginalis
445 3344 453 3394 ;
470 3329 1019 3401 144414441444411144111444411441-
1060 3329 1146 3386 misit.
1161 3332 1245 3398 Quam
1266 3331 1427 3389 dilationem
1451 3331 1598 3403 protelavit
1615 3345 1703 3402 usque
1730 3330 1767 3387 ad
1795 3331 1895 3386 Caroli

196 3417 428 3485 44114144111411,
460 3425 488 3474 41
506 3432 597 3475 sermo
625 3433 762 3492 quemque
791 3421 948 3479 audientem
974 3424 1017 3479 sni
1060 3425 1188 3488 mortem,
1204 3425 1310 3491 etpost
1333 3421 1460 3479 carolum
1479 3421 1615 3492 usquead
1632 3419 1721 3476 exsilii
1745 3419 1789 3476 sui
1814 3420 1894 3476 rele-

193 3505 311 3564 iaciebat
326 3505 531 3564 memoriosum.
1059 3509 1208 3580 gallonem.
1224 3511 1319 3568 Exsilii
1347 3517 1439 3570 antem
1454 3517 1594 3583 tempore,
1611 3523 1730 3582 quaque
1750 3510 1795 3566 sui
1815 3511 1896 3579 juris

229 3595 276 3652 40.
295 3596 407 3652 beaute
430 3611 508 3669 quom
530 3594 668 3652 1411141141.
683 3599 796 3667 -lpse
820 3611 886 3656 1414
914 3605 1017 3657 1441414
1059 3597 1148 3668 14414,
1168 3600 1216 3670 qui
1230 3601 1308 3670 prius
1325 3602 1443 3671 accepit,
1461 3602 1489 3658 14
1503 3616 1552 3658 414
1572 3600 1672 3672 redigit
1688 3601 1842 3670 potestate:

195 3685 326 3743 memoria
354 3685 473 3742 liliorum
501 3684 620 3742 habebat
647 3686 676 3741 in
703 3687 855 3744 visceribus
874 3688 1015 3758 paternis,
1095 3687 1140 3745 45.
1156 3688 1210 3744 811
1224 3688 1344 3745 habehat
1371 3689 1411 3746 ibi
1439 3689 1584 3761 quemdam
1604 3689 1633 3745 in
1660 3688 1771 3745 Christo
1801 3687 1893 3745 lilinrn

195 3782 225 3833 nt
240 3788 296 3833 uon
311 3774 400 3832 solum
415 3788 507 3832 mores
530 3775 690 3846 inspiceret,
707 3776 756 3832 sed
775 3778 856 3834 etiam
872 3790 1017 3834 numerum
1059 3792 1118 3848 pree
1137 3779 1266 3836 omnihus
1280 3780 1334 3836 sibi
1354 3780 1498 3837 monachis
1520 3779 1693 3846 familiarem,
1717 3785 1746 3834 et
1769 3779 1894 3836 univoce

195 3871 223 3922 et
241 3865 352 3921 nomina
372 3878 467 3920 eorum
495 3863 605 3934 semper
629 3865 745 3922 haberet
763 3867 901 3939 descripta
914 3867 942 3925 in
958 3882 1017 3924 ma·
1060 3868 1242 3938 aequivocum.
1265 3869 1316 3925 llic
1341 3882 1376 3926 ne
1395 3870 1565 3926 subintraret
1584 3868 1685 3939 aliquis
1708 3867 1790 3936 alius,
1816 3881 1895 3939 prar-

193 3953 275 4008 nibus
293 3953 361 4021 suis,
381 3959 518 4023 quatenus
537 3967 593 4010 non
612 3955 666 4011 sibi
686 3955 827 4012 excideret
846 3969 897 4027 pro
916 3955 1017 4028 qulbus
1060 3956 1162 4012 dictum
1178 3957 1269 4014 locum
1284 3957 1432 4029 intercepit
1446 3956 1509 4015 loco
1528 3959 1597 4028 ejus.
1614 3958 1648 4012 Et
1665 3955 1800 4028 quiahoc
1823 3971 1891 4014 eum

193 4041 329 4098 rationem
349 4041 509 4098 redditurus
531 4049 604 4100 esset
622 4045 679 4100 1144
692 4051 721 4101 41
740 4058 790 4115 pro
814 4047 934 4117 quantis.
951 4045 1017 4103 ldeo
1060 4045 1266 4114 priusnoverat
1284 4045 1415 4114 14141444,
1435 4046 1523 4116 gratia
1543 4043 1649 4104 'amoris
1672 4044 1733 4113 ejus
1756 4058 1790 4100 ex
1813 4045 1890 4102 Cor-

193 4131 337 4186 maximam
365 4144 464 4202 gerens
490 4145 584 4188 curam
608 4146 713 4202 eorum,
734 4134 839 4190 nullum
867 4149 901 4191 ex
919 4135 961 4190 eis
988 4135 1017 4191 14
1058 4133 1165 4190 baianis
1179 4135 1335 4205 sumptibus
1353 4135 1450 4192 cellam
1470 4135 1509 4192 ibi
1523 4133 1609 4205 erupit
1623 4133 1770 4200 aedidcare,
1787 4135 1889 4204 erepit,

192 4219 365 4277 hebdomada
398 4219 573 4293 relinquebat
604 4221 802 4293 inallocutum,
838 4237 873 4280 ne
909 4224 1018 4282 scilicet
1060 4236 1111 4278 444
1138 4222 1265 4293 perfecit,
1287 4237 1433 4294 quousque
1452 4221 1888 4281 4414144414141114144144111

191 4308 321 4367 inimicus
339 4310 483 4367 inveniens
495 4317 634 4382 vacantes,
658 4312 761 4370 zizania
782 4312 1016 4385 superseminaret
1058 4313 1180 4382 Cumque
1194 4317 1354 4382 remeasset,
1375 4313 1522 4371 ordinabat
1535 4313 1559 4369 si
1584 4311 1650 4385 quid
1670 4325 1705 4367 411
1721 4311 1780 4367 4414
1802 4323 1893 4367 exor-

193 4399 324 4455 cordibns
338 4412 445 4456 eorum.
1022 4400 1183 4470 ndinatum
1198 4399 1304 4458 luisset.

227 4485 273 4540 41.
296 4487 486 4545 monesterium
503 4493 574 4544 recle
601 4489 715 4546 41111141.
736 4518 772 4530 -
785 4489 905 4548 Proinde
932 4505 1014 4562 quam
1093 4487 1139 4545 46.
1166 4491 1226 4557 Quo
1247 4495 1344 4546 tenore
1370 4489 1516 4547 saxoniam
1535 4488 1617 4546 modo
1637 4487 1770 4559 pervenit,
1787 4500 1892 4556 perae·

193 4575 290 4633 ellicax
310 4575 392 4634 luerit
418 4576 447 4633 14
473 4577 703 4648 dispositionibus
726 4579 911 4638 ordinationis
936 4595 1014 4648 444,
1060 4577 1140 4635 41444
1153 4578 1244 4636 locum
1257 4593 1293 4635 ex
1307 4579 1382 4636 omni
1399 4585 1477 4650 parte
1491 4577 1622 4648 inspexit,
1646 4578 1801 4648 inspectum
1825 4588 1890 4634 om·

191 4667 239 4737 qui
265 4680 347 4724 nosse
366 4665 494 4735 14114111,
519 4667 547 4723 14
570 4666 642 4724 11114
662 4667 709 4738 qni
728 4668 821 4725 dehis
840 4669 1015 4741 conscriptus
1061 4669 1127 4726 nino
1146 4667 1272 4725 inutilem
1286 4668 1431 4726 intellexit.
1448 4669 1603 4738 Suspensus
1621 4670 1681 4722 erat
1694 4669 1796 4732 mente,
1817 4668 1890 4736 quia

191 4761 233 4812 est
245 4754 318 4828 (39),
330 4756 422 4828 legere
438 4757 540 4827 poterit
554 4769 610 4814 non
623 4758 682 4814 sine
699 4758 796 4830 grandi
811 4758 992 4816 admiratione
1004 4780 1012 4829 ;
1058 4762 1178 4828 coeplum
1193 4757 1337 4829 religionis
1351 4771 1421 4829 opus
1440 4756 1551 4813 nolebat
1573 4755 1731 4812 dimittere:
1750 4759 1781 4809 et
1794 4755 1892 4823 aptio-

191 4845 238 4902 ubl
259 4846 341 4902 etiam
375 4845 525 4917 perspiciet
557 4860 638 4916 quam
670 4847 810 4918 sapienter
842 4863 858 4904 a
888 4849 1013 4919 sapiente
1057 4861 1115 4903 rem
1131 4846 1315 4916 nonhabens,
1332 4848 1406 4903 hunc
1421 4843 1887 4904 locuminhabllemridebatesse.

189 4933 323 5005 disposita
338 4932 421 4992 luerit
436 4934 535 4992 domus
552 4935 728 4993 Corbeiensls
741 4937 877 4994 ecelesiae.
1057 4935 1176 4992 Tandem
1192 4935 1225 4992 ad
1248 4949 1340 5009 regern
1359 4951 1389 4992 se
1409 4934 1536 5004 contulit,
1552 4941 1580 4992 et
1599 4940 1631 4990 ut
1647 4932 1738 4990 locum
1761 4931 1889 4990 411144-

226 5021 272 5078 42.
305 5024 465 5094 Liupuurum
493 5039 541 5080 1141
566 5025 1013 5096 1114411144,411111414141.-111
1058 5025 1140 5082 bilem
1161 5025 1213 5082 sihi
1230 5025 1347 5082 donaret
1361 5025 1467 5097 petivit.
1493 5026 1549 5081 Nec
1569 5031 1708 5081 momento
1722 5021 1804 5078 haesit
1822 5020 1886 5090 ille,

188 5113 255 5182 quid
270 5113 435 5170 laudandum
452 5114 480 5170 in
495 5127 529 5170 44
544 5115 646 5185 polius,
663 5129 724 5172 cum
739 5130 790 5172 nee
805 5117 897 5188 blopse
909 5118 1009 5187 minor,
1058 5115 1106 5170 sed
1120 5117 1180 5184 ejus
1192 5115 1319 5186 religiosa
1334 5117 1443 5187 gavisus
1465 5113 1616 5180 voluntate,
1640 5112 1807 5182 ubicumque
1833 5110 1886 5168 iu-

189 5216 240 5260 uec
254 5203 401 5262 Salomone
416 5203 500 5261 luerit
519 5201 635 5262 interior
654 5205 681 5261 14
692 5206 855 5264 ordinandis
873 5207 965 5276 rebus,
983 5213 1012 5265 et
1056 5204 1172 5272 veniret,
1188 5204 1351 5262 deliberarit
1365 5205 1416 5262 sub
1440 5206 1500 5276 ejus
1518 5203 1642 5275 optione.
1658 5200 1720 5269 luit,
1740 5199 1886 5270 quaesirtr,

226 5341 287 5417 (39)
300 5345 410 5402 Librum
426 5346 499 5403 hunc
516 5350 682 5404 statutorum
696 5347 844 5406 adalhardi
859 5349 1009 5420 appellant,
1054 5345 1241 5404 corbeiensis.
1261 5347 1398 5404 Gerardus
1418 5354 1564 5417 utrumqne
1579 5344 1687 5416 aceepit
1705 5343 1739 5399 ab
1764 5347 1886 5400 auctore

188 5413 223 5470 de
263 5417 737 5490 4414044411411441111441441114.
1054 5431 1202 5489 anonymo,
1238 5421 1267 5476 ui
1287 5419 1495 5476 translationem
1514 5419 1612 5474 811111
1631 5414 1780 5485 descripsit
1807 5413 1886 5471 14114

188 5555 194 5568 ⁸
223 5483 232 5557 (
270 5485 276 5556 l
294 5489 380 5557 liujus
392 5489 548 5547 theodredi
562 5503 618 5549 nou
632 5493 756 5549 meminit
770 5491 940 5561 Paschasius,
958 5507 1009 5549 nec
1053 5492 1153 5546 Verum
1168 5434 1243 5560 quoi
1257 5490 1309 5548 hac
1323 5491 1358 5548 de
1373 5505 1403 5548 re
1422 5491 1549 5561 scrispsit
1562 5488 1725 5546 Paschasius
1739 5488 1768 5543 in
1783 5456 1859 5542 libro
1875 5503 1885 5542 r

186 5561 317 5628 rncoeptae
333 5573 381 5628 per
399 5562 584 5620 adalhardum
603 5569 666 5620 ante
690 5564 817 5622 exsilium
840 5564 1010 5622 conditionis
1053 5565 1091 5618 114
1106 5562 1162 5618 1114
1176 5562 1260 5619 Walae
1275 5563 1383 5620 abbatis
1398 5562 1599 5634 praelereudum
1614 5566 1667 5617 est.
