4034 6152
136 313 205 370 loss
815 319 893 378 ulls
911 321 939 378 S.
958 321 1137 380 sumtum.
1751 321 1820 379 104⁰

168 437 214 497 35.
232 437 367 500 uinculo
381 439 417 497 od
434 439 491 511 elue
508 439 663 514 sepulcrum.
688 473 723 486 —
741 446 779 500 be
801 444 1056 509 manifestisArem
1070 447 1182 504 etlama
1200 447 1320 520 quodam
1335 445 1465 520 naufrago
1485 459 1520 504 ex
1544 459 1607 502 cera
1628 447 1818 518 compositam,

133 529 217 586 etiam
230 529 317 602 siguis
334 527 453 602 (3³),an
467 529 543 588 illius
556 531 689 590 tumulum
704 531 896 605 frequentibus
909 550 957 606 pa·
997 535 1126 607 sepulcro
1158 550 1317 608 appensam,
1338 535 1479 593 multoties
1504 533 1622 592 vidimus
1645 535 1694 605 qui
1721 549 1762 602 se,
1790 537 1820 594 ln

1 672 12 702 ,1
133 619 223 686 tratis,
239 619 376 676 silendum
401 631 456 676 uon
471 626 515 676 est
528 619 593 692 (34).
608 623 676 679 llam
697 623 749 679 riri
768 623 955 694 quamplures,
997 639 1097 698 magno
1120 626 1203 683 maris
1228 625 1388 684 discrimine
1407 624 1537 696 positum,
1562 622 1737 681 inuocatione
1760 626 1819 682 sola

133 720 243 765 necnon
262 709 403 776 mulieres,
428 708 529 766 amisso
548 723 641 780 seusu,
666 712 786 769 eumad
811 712 886 770 illius
900 713 958 770 'ad-
998 715 1118 772 nominis
1131 715 1219 772 sauetl
1238 715 1346 773 Geraldi
1360 728 1376 771 a
1390 719 1479 771 morte
1494 712 1641 770 liberatum
1657 713 1820 771 mirabiliter

133 797 210 854 ducti
238 795 356 854 fluissent
387 797 519 855 tumulum
548 814 563 856 a
592 800 753 870 parentibus
779 801 822 859 uel
849 803 955 872 amicis,
996 803 1056 862 iore
1075 805 1248 876 perhibebat.

5 876 10 884 '
132 886 234 960 uigiliis
258 888 340 944 trium
360 893 408 944 ant
426 894 545 960 quatum
563 889 686 947 noctium
710 891 866 960 celebratis,
897 891 958 962 prl-
1015 892 1077 951 ·3θ.
1102 897 1202 952 Auctor
1222 893 1313 952 roilli
1326 894 1355 950 iu
1369 889 1570 962 Silue-liutem.
1585 920 1622 932 -
1636 891 1671 948 Ut
1685 891 1752 963 quid
1767 905 1820 950 nos

132 976 214 1032 stine
236 975 348 1032 multati
373 978 600 1042 restituebantur,
623 992 798 1051 annuumque
820 989 957 1038 monaste·
997 989 1087 1039 autem
1103 983 1138 1040 de
1152 984 1212 1054 elus
1226 983 1365 1053 loquimur
1379 979 1562 1047 mirabilibus,
1581 993 1644 1036 cum
1662 979 1716 1037 boe
1730 981 1819 1038 solnm

133 1066 176 1122 rio
208 1077 321 1121 censum
354 1067 543 1136 reportabant.
572 1069 739 1140 usuramque
772 1069 797 1126 ei
826 1072 957 1128 bominus
997 1071 1032 1128 ad
1060 1072 1135 1128 illius
1161 1071 1325 1128 declaranda
1352 1069 1470 1127 suliulat
1498 1068 1595 1125 merita
1620 1069 1694 1140 quod
1714 1075 1820 1127 uotum

132 1153 249 1226 qratiam
268 1153 363 1226 largiri
378 1155 564 1228 dignatusest
579 1158 726 1229 ntabsqne
741 1172 855 1218 numero
871 1159 957 1230 capti·
997 1161 1140 1233 religionis
1161 1160 1316 1233 exemplum
1340 1160 1368 1216 iu
1391 1159 1443 1216 bac
1463 1157 1563 1216 eliulsit
1578 1159 1667 1230 patria
1682 1173 1732 1230 per
1746 1173 1819 1228 eum,

7 1218 14 1248 ³
132 1256 182 1299 ros
197 1241 282 1310 lerro,
298 1243 415 1300 uinculis
429 1246 664 1318 compedibusque
678 1247 713 1304 ab
727 1247 847 1305 inimicis
871 1249 958 1306 rebe·
997 1251 1071 1322 quod
1100 1251 1205 1321 absque
1241 1263 1357 1308 numero
1394 1255 1556 1320 peccatores
1591 1247 1694 1307 saeculo
1722 1248 1820 1307 relicto

1 1333 14 1400 J
133 1337 241 1388 menter
263 1333 402 1398 astriotes,
429 1347 484 1390 non
506 1341 610 1392 tantum
629 1336 664 1392 de
682 1336 790 1406 vicinis,
810 1337 956 1396 sedetiam
997 1343 1114 1397 mortem
1129 1347 1284 1404 evaserunt.
1299 1339 1374 1410 qnod
1389 1339 1418 1394 in
1433 1337 1561 1394 ooeuobio
1584 1337 1620 1393 ab
1639 1350 1673 1396 eo
1693 1343 1821 1396 constru-

133 1421 169 1476 de
189 1420 348 1492 longinquis
366 1422 461 1479 mnndi
488 1423 598 1492 fluibus,
623 1425 728 1483 liberos
755 1425 831 1482 abire
859 1428 957 1483 lnenn·
997 1435 1043 1486 cto
1055 1429 1170 1499 jrruenes
1184 1428 1346 1500 etrirgiues
1367 1426 1435 1500 (35),
1459 1439 1541 1484 senes
1567 1440 1629 1484 enm
1650 1426 1819 1497 junioribus,

134 1515 243 1567 canter
265 1512 453 1581 praeceperita
478 1513 516 1569 ita
535 1520 565 1570 ut
589 1514 670 1570 etiam
699 1515 733 1571 de
753 1514 957 1573 Norlmaunicis
997 1517 1110 1574 landant
1128 1531 1228 1574 nomen
1255 1517 1388 1574 bomini?
1416 1517 1480 1573 Nam
1500 1513 1579 1573 locus
1605 1516 1652 1587 qni
1681 1516 1819 1587 quondam

134 1599 297 1674 regionibus
327 1600 453 1658 nonnulli
484 1601 519 1660 ad
550 1603 747 1661 monasterinm
778 1603 866 1676 ipsius
893 1619 955 1662 cum
996 1608 1128 1679 spelunca
1152 1606 1300 1675 latronum,
1329 1605 1474 1663 latibulum
1502 1605 1630 1676 lnporum
1654 1610 1682 1662 et
1700 1602 1819 1662 terarum

133 1689 240 1744 eatenis
261 1694 289 1745 et
311 1690 503 1760 compedibus,
525 1696 553 1748 et
570 1691 633 1750 aliis
651 1698 852 1750 tormentorum
874 1707 957 1765 gene-
997 1697 1150 1765 exstiterat,
1178 1696 1239 1753 viro
1262 1695 1310 1753 bei
1343 1694 1516 1762 adveniente,
1546 1694 1645 1750 domus
1673 1693 1818 1763 orationis,

133 1777 222 1844 ribus,
250 1777 353 1848 gratias
376 1777 496 1836 oblaturi
519 1779 681 1838 advenerint
704 1783 815 1852 captiui,
834 1782 911 1839 illum
926 1769 1077 1843 seBlocus
1099 1784 1325 1862 sanctificationis
1338 1790 1367 1842 et
1380 1783 1523 1856 religionis
1537 1781 1614 1852 panis
1628 1779 1742 1839 effeetus
1766 1789 1818 1840 est.

132 1865 204 1923 iauie
219 1866 254 1923 ad
268 1865 488 1938 iaciemvtdisse,
499 1867 628 1940 illiusque
643 1878 710 1929 nutu
725 1885 755 1928 se
770 1873 956 1931 aemeritisse
996 1875 1062 1943 Quis
1085 1873 1195 1931 tandem
1219 1874 1288 1944 ipse,
1312 1872 1355 1930 uel
1378 1877 1488 1946 quantae
1507 1871 1661 1928 sanctitatis
1680 1875 1727 1929 ant
1740 1872 1821 1943 culus

133 1956 241 2012 solutos
263 1971 324 2014 esse
347 1956 504 2015 avinculis
529 1958 648 2017 destiter
661 1961 832 2031 prolitentes,
848 1976 957 2034 compe
996 1965 1059 2022 ritae
1081 1963 1175 2032 tuerit,
1195 1963 1282 2021 multo
1305 1961 1403 2020 medus
1426 1975 1512 2032 opera
1535 1975 1616 2033 qnam
1641 1961 1715 2018 dieta
1734 1960 1820 2020 eluci-

133 2044 271 2116 dibnsque
294 2059 378 2117 snpra
396 2046 484 2117 ipsius
502 2047 658 2118 sepulerum
681 2051 821 2121 appensis,
846 2065 955 2110 annno·
996 2055 1082 2120 daut;
1099 2055 1188 2111 exitus
1202 2060 1294 2110 antero
1307 2057 1369 2108 acta
1384 2051 1492 2122 probat.
1513 2052 1553 2108 Ne
1572 2049 1657 2122 igitur
1673 2050 1820 2108 uerborum

133 2146 189 2202 qne
204 2146 288 2191 censu
308 2135 424 2200 indicto,
444 2149 520 2192 snam
540 2151 603 2194 cnm
626 2138 727 2208 gaudio
755 2140 900 2198 redierunt
927 2139 955 2196 in
996 2142 1141 2213 prolixitas
1185 2141 1342 2214 legentibus
1377 2140 1490 2198 taedium
1527 2137 1637 2206 inierat,
1679 2138 1821 2196 scribendi

132 2223 261 2292 patriam.
296 2223 372 2282 llultl
400 2237 511 2297 quoqne
535 2240 570 2282 ex
587 2227 691 2285 accolis
719 2229 827 2298 patriae,
860 2228 955 2300 allqno
996 2231 1077 2287 duem
1101 2227 1242 2296 iaciamus,
1262 2230 1347 2285 ὓειιιε
1366 2242 1451 2299 snper
1475 2227 1566 2284 omnia
1586 2233 1614 2284 et
1637 2226 1666 2282 in
1690 2225 1821 2282 omuibus

132 2312 200 2368 tacti
224 2312 322 2369 dolore
341 2313 450 2384 capitis,
466 2313 621 2383 oculorum,
641 2329 781 2387 manuum,
797 2318 898 2389 pedum
911 2317 955 2375 uel
996 2319 1192 2392 glorilmntes,
1217 2318 1265 2390 qni
1284 2325 1338 2374 taur
1353 2316 1492 2388 egregium
1517 2315 1670 2383 doctorem,
1690 2315 1820 2371 beatissi-

130 2401 250 2459 alinrum
296 2401 499 2470 membrorum,
540 2403 667 2461 invocato
704 2405 791 2476 ipsius
828 2407 954 2476 nornine,
996 2423 1069 2466 mum
1084 2407 1240 2472 Goraldum,
1263 2406 1298 2465 de
1322 2404 1482 2477 longinquis
1503 2403 1605 2461 fluibus
1626 2403 1660 2460 ad
1684 2402 1820 2460 illumina·

129 2503 230 2548 cereas
252 2504 326 2560 saepe
354 2491 512 2561 exprimunt
542 2492 749 2560 similitudines,
781 2508 850 2566 quas
881 2496 957 2554 illins
996 2499 1099 2554 tionem
1128 2491 1250 2568 regionis
1276 2495 1357 2553 latins
1385 2493 1550 2551 mirabiliter
1580 2492 1752 2560 destinault;
1772 2493 1818 2550 cul

130 2579 239 2636 tumulo
271 2578 519 2650 superpendentes,
548 2581 709 2652 sospitatem
746 2584 888 2654 pristinam
925 2599 956 2643 se
996 2591 1039 2643 est
1074 2585 1165 2642 bonor
1197 2590 1225 2642 et
1255 2583 1401 2655 imperium
1431 2583 1460 2639 in
1496 2580 1597 2640 smenla
1640 2580 1816 2638 seculorum.

130 2667 239 2726 meritis
262 2667 385 2737 ejusdem
407 2669 546 2740 recepisse
564 2669 684 2728 lldeliter
701 2672 880 2732 conlitentur.
903 2675 956 2731 lia-
996 2678 1092 2732 Amen.

172 2789 231 2861 (33)
264 2792 399 2848 Nonnulla
430 2793 507 2850 addit
534 2795 647 2851 alterins
666 2794 735 2852 Vitae
754 2803 861 2866 auctor,
892 2813 954 2870 quae
995 2805 1064 2871 quot
1078 2800 1106 2856 ln
1120 2797 1358 2856 vieinisdomibus
1375 2795 1448 2853 band
1468 2793 1565 2865 procul
1581 2794 1616 2849 ab
1631 2793 1749 2850 ecelesia
1768 2794 1818 2850 ba·

129 2863 206 2934 apud
221 2861 345 2919 Bolland.
364 2863 509 2921 habentur.
995 2872 1129 2928 bitabant.
1154 2869 1300 2940 Orepuudts
1314 2871 1413 2924 cuncte
1432 2866 1637 2923 meumemiouis
1660 2863 1777 2922 bobilam
1801 2881 1819 2922 e
1914 2891 1919 2897 ·

169 2934 222 3005 [34)
237 2935 382 2991 blenardns
391 2935 469 2992 addit
479 2937 543 2992 bie:
558 2939 628 2993 Nero
643 2938 687 3008 qui
702 2939 833 3011 deioptde
841 2940 955 3014 repebat
995 2944 1027 3000 s.
1048 2940 1163 3000 Geroido
1182 2941 1338 3009 suscepisse
1353 2938 1456 2995 dicitnr
1474 2939 1503 2994 in
1523 2936 1609 2993 veteri
1624 2937 1817 2993 instrumento.

5 3042 10 3055 .
130 3003 189 3076 ejus
202 3013 309 3062 contuso
324 3021 399 3078 aque
414 3008 546 3078 permisto
565 3007 695 3077 bibebant,
711 3011 884 3069 acuebantur.
995 3013 1063 3070 Aliae
1082 3013 1182 3084 passim
1206 3015 1401 3068 memorantur.
1420 3011 1495 3065 luter
1519 3008 1573 3064 alia
1596 3008 1821 3065 monasterilsil·

171 3075 225 3148 (35)
248 3077 278 3132 ld
303 3078 337 3133 de
351 3078 605 3136 sanctimonialibus
627 3081 709 3136 etiarn
727 3081 755 3137 in
773 3083 952 3156 Silua-bialum
963 3091 985 3152 c
995 3085 1160 3156 vae-Maioris
1178 3083 1240 3140 loca
1253 3097 1315 3153 qnae
1330 3081 1359 3137 iu
1374 3080 1448 3137 bulla
1462 3077 1604 3136 coelestini
1617 3079 1654 3134 lll
1669 3092 1821 3136 memorau-

131 3147 298 3218 degentibus
320 3150 517 3220 interpretatur
539 3151 755 3278 PaXebrocbius,
772 3154 819 3210 nbi
842 3157 951 3225 partire·
995 3163 1050 3222 tur,
1067 3155 1189 3212 occurrit
1209 3155 1363 3224 parthenon
1385 3149 1520 3208 Pomaretl
1544 3150 1573 3206 in
1597 3149 1711 3206 dioecesi
1726 3151 1822 3208 Catur-

1 3228 12 3256 ι’
132 3219 216 3275 nonis
248 3219 347 3276 rudera
374 3220 513 3293 hodieque
540 3223 628 3278 vieri
657 3224 794 3282 observat.
814 3227 894 3284 certe
926 3228 954 3284 ln
995 3229 1162 3296 oensl,enm
1182 3228 1240 3282 suls
1258 3221 1437 3296 prioratibus,
1458 3228 1512 3279 eto.
1533 3220 1822 3280 Erataliuscavaretl

133 3289 274 3362 plerisque
305 3291 411 3348 ordinis
438 3293 526 3350 nostri
556 3296 731 3352 monasteriis
749 3297 882 3356 moniales
901 3299 955 3356 ali·
995 3300 1024 3356 in
1043 3299 1195 3367 occitania,
1211 3295 1400 3367 Silvmllajori
1415 3294 1566 3364 subjectns.

490 3680 672 3824 llll
728 3683 1006 3828 silleti
1058 3681 1458 3826 lblblblll

727 3971 909 4040 ABBATIS
936 3969 1220 4040 GORBEIENSIS

521 4166 677 4225 AUCTORE
696 4167 824 4226 sancto
841 4167 998 4226 centeno
1015 4165 1145 4247 lBBbTE
1162 4163 1429 4222 levAE-llntoltls

604 4328 695 4401 (npud
711 4331 824 4387 Maurum
840 4332 909 4387 Actu
923 4328 1033 4396 neruo,
1049 4332 1111 4385 torn.
1131 4327 1163 4396 V,
1176 4341 1241 4398 pop.
1258 4323 1338 4396 345.)

676 4615 966 4705 PROLOGUS
993 4615 1264 4706 AUCTORIS

168 4801 192 4854 l.
208 4803 319 4875 llaguus
333 4803 466 4862 Dominus
475 4811 503 4862 ot
516 4805 662 4863 laudabilis
672 4805 764 4875 ulmis,
775 4805 912 4880 gloriosus
922 4807 1182 4881 etDpraeflguretnr
1205 4805 1361 4880 imaginem.
1383 4804 1414 4861 ln
1437 4802 1490 4858 bac
1513 4813 1578 4872 spes
1601 4797 1720 4856 civitatis
1738 4794 1814 4854 illius

128 4891 292 4962 magnificus
306 4893 334 4949 ln
346 4895 449 4951 sanctis
463 4896 530 4953 suis.
546 4897 607 4967 lpse
627 4899 669 4954 est
685 4895 757 4954 enim
772 4909 874 4955 corona
889 4909 952 4954 san-
992 4899 1119 4966 babetnr‚
1134 4897 1163 4954 in
1178 4896 1225 4952 illa
1239 4909 1284 4952 res
1298 4893 1453 4951 desiderata
1472 4896 1605 4948 tenetur..
1628 4889 1694 4946 llaec
1717 4886 1814 4944 beatos

126 4985 246 5048 clerum,
272 4982 331 5052 lpse
352 4997 426 5054 spes,
447 4984 592 5042 exsultatio
612 4989 640 5042 et
659 4984 799 5058 gaudium.
815 4987 880 5058 lijns
894 4985 950 5044 sin·
990 4985 1065 5056 iacit,
1082 4986 1129 5043 illa
1144 4985 1248 5042 eleetos
1267 4981 1366 5040 reiicit.
1386 4982 1442 5038 Nee
1461 4985 1503 5036 est
1522 4979 1576 5036 ista
1598 4991 1698 5050 expers
1716 4973 1815 5031 civium

126 5067 231 5138 gularls
245 5071 314 5128 visio
325 5085 419 5129 eornm
435 5081 476 5130 est
492 5074 654 5132 universalis
667 5073 835 5144 delectatio;
852 5076 950 5133 borum
990 5077 1099 5134 illorum
1111 5097 1118 5145 ;
1131 5077 1202 5132 bens
1211 5074 1284 5131 enim
1295 5071 1474 5144 cognoscitur
1485 5070 1515 5126 in
1529 5067 1689 5125 dominibus
1704 5077 1814 5132 eorum,

127 5163 219 5214 autem
249 5161 585 5220 exsultationeiundatnr
608 5163 735 5220 universa
763 5169 846 5234 terra,
872 5180 951 5224 mons
991 5166 1038 5223 ubi
1067 5165 1195 5222 videlicet
1222 5163 1404 5234 imperatores
1422 5163 1572 5216 curvantur
1601 5161 1665 5213 ante
1694 5152 1815 5211 tumulos

126 5247 205 5315 Sion,
232 5251 371 5321 aquilonis
395 5252 489 5321 latera,
506 5253 602 5310 civius
617 5253 701 5325 Regis
719 5255 820 5326 magni,
836 5255 949 5313 rrnirer-
991 5254 1170 5326 piscatorum,
1195 5252 1347 5324 piscatores
1365 5249 1539 5306 bonorantur
1554 5245 1731 5304 successione
1747 5255 1816 5314 pon-

126 5337 219 5394 sitatis
245 5340 378 5398 Ecclesia.
412 5345 487 5411 Quae,
519 5355 665 5399 numeroso
699 5350 808 5416 compta
826 5345 950 5418 germine
991 5345 1106 5410 tillnum,
1121 5341 1265 5414 pontillees
1279 5338 1413 5411 religione
1427 5336 1614 5394 abbatumllt
1628 5333 1693 5390 ideo
1709 5343 1816 5390 summo

127 5427 285 5496 nuptiarum
305 5436 333 5486 et
352 5445 403 5503 per
424 5445 471 5488 eas
493 5431 602 5488 diuerso
626 5430 742 5488 ieennda
762 5434 860 5491 ordine
878 5434 949 5492 lilio·
990 5448 1042 5492 nos
1073 5431 1193 5506 delectet
1219 5429 1398 5488 succumbere
1427 5427 1511 5493 bono,
1539 5429 1616 5493 tanto
1636 5423 1763 5494 voluptas
1777 5421 1815 5478 sit

127 5529 200 5582 rum,
221 5517 328 5576 elvibus
352 5521 449 5578 electis
471 5525 551 5578 ornat
565 5520 746 5587 lliernsalem,
763 5523 858 5580 urbem
874 5523 948 5580 illarn
989 5524 1103 5581 subesse
1117 5520 1243 5588 Domino,
1259 5519 1306 5589 qui
1322 5530 1377 5575 nou
1392 5515 1475 5575 modo
1490 5514 1582 5573 iautor
1604 5519 1646 5570 est
1669 5518 1811 5570 cremento

128 5603 238 5662 seilicet
261 5608 405 5678 ooelornm,
425 5609 459 5666 ad
483 5611 563 5681 entus
580 5609 640 5666 lraee
664 5610 804 5667 terrestris
827 5611 949 5670 Ecclesia
989 5611 1191 5683 proluendum,
1206 5609 1255 5666 sed
1279 5613 1308 5664 et
1326 5605 1541 5664 remediabiliter
1559 5603 1685 5676 providet
1699 5600 1809 5660 casibus
