4108 6164
112 253 158 310 373
695 255 699 260 ’
735 253 898 313 amalos.
917 279 954 294 -
970 251 1027 310 AN.
1050 250 1128 310 wid.
1722 249 1776 309 sit

112 383 175 447 suot,
201 382 229 434 ut
255 376 333 447 iuxta
364 376 523 438 sanctiones
549 379 765 451 apostolicorum
792 379 1039 449 virommhquam
1053 390 1149 436 corum
1163 375 1277 434 erimina
1291 381 1346 434 ιειε
1364 377 1565 435 contumaciter
1583 377 1732 450 publicata,
1748 383 1778 438 ct

112 468 196 526 laticis
213 479 288 538 papae
311 471 340 522 et
363 467 429 524 tulii
453 474 481 524 et
499 468 669 540 reliquorum
688 471 749 540 ipse
767 471 913 526 accusatus
958 473 1012 524 ιειε
1036 481 1087 539 pro
1106 466 1210 524 nichilo
1232 466 1335 535 habita,
1360 479 1411 524 nee
1433 479 1489 523 non
1513 471 1568 524 tam
1597 469 1777 539 pertinaciter

111 557 185 629 possit
197 569 226 612 se
245 559 342 612 contra
365 561 542 616 accusatores
565 559 687 629 pleniter
708 571 864 629 praeparare
879 556 914 613 ad
957 555 1079 626 detensa,
1095 557 1248 616 aecclesiam
1266 561 1388 613 sanctam
1407 556 1601 614 miserabiliter
1614 557 1697 614 nimis
1712 571 1779 614 con-

109 644 228 702 abluenda
251 644 366 702 crimina
391 646 510 717 obiecta.
527 648 605 704 Unde
621 654 648 704 et
666 647 763 705 beatus
786 646 915 704 Uleutbe·
956 643 1135 712 loedaverant,
1156 652 1184 703 et
1205 659 1289 717 super
1305 650 1348 702 tot
1365 645 1549 718 uulgatissima
1569 661 1618 704 sua
1637 652 1778 703 contuma-

109 737 157 793 rius
180 748 195 790 a
215 734 297 792 beato
319 735 402 792 Petro
430 751 500 808 papa
528 737 710 794 duodecimus
736 739 765 794 in
793 735 914 794 decretis
956 735 1026 791 citer
1048 735 1274 792 lnoboedicntiam
1300 749 1375 791 suam
1395 749 1450 793 non
1469 735 1534 793 alibi
1554 737 1608 794 nisi
1627 736 1656 792 ln
1671 735 1777 808 synodo

107 825 156 882 suis
176 823 294 894 kapitulo
319 822 330 878 l
358 829 476 882 testatur
500 823 593 898 (llo).
621 826 787 893 «inducia,
811 826 913 897 inquil,
955 824 1087 892 Romana,
1099 830 1128 882 ει
1141 825 1201 881 baec
1210 825 1321 895 scriptis
1331 831 1359 881 ει
1368 825 1478 883 nomine
1493 825 1642 897 publicata,
1654 825 1777 883 nimia¹⁷⁸

108 927 153 972 noo
168 913 281 970 moUcae
295 913 537 986 adinquirendum
553 899 651 974 dan'dae
665 921 739 983 sunt,
760 928 795 974 nc
809 915 914 987 aliquid
955 913 1110 970 temeritate
1126 911 1242 984 prolcssi
1257 918 1331 970 sunt.

106 1016 270 1074 prepropere
290 1004 333 1076 agi
356 1017 373 1060 ι
396 1017 568 1086 quacumque
592 1009 670 1076 parte
693 1004 830 1073 videatur,
850 1003 914 1076 qula
991 1004 1020 1058 ln
1045 1001 1106 1073 ipso
1130 1003 1303 1059 anathemate
1320 1003 1397 1075 (113)
1419 1003 1536 1061 domnus
1557 1004 1727 1074 apostolicus
1743 1019 1776 1061 ex

106 1105 147 1162 per
160 1092 358 1162 surreptionem
383 1092 468 1150 mulla
491 1095 666 1164 proueniunt.
680 1111 695 1146 ε
715 1094 793 1151 Unde
808 1098 836 1150 et
853 1105 915 1148 san·
955 1097 1033 1161 parte
1048 1097 1076 1147 et
1095 1092 1206 1147 nominc
1228 1092 1316 1148 Patris
1339 1091 1537 1163 omnipotentis
1551 1099 1579 1148 et
1593 1092 1654 1149 lilii
1674 1097 1701 1149 ει
1716 1095 1777 1164 spi-

106 1185 156 1236 ctus
168 1179 327 1236 ambrosius
342 1179 370 1235 in
380 1180 554 1251 expositione
568 1181 699 1253 Epistola
711 1181 746 1238 ad
756 1180 915 1239 corinthios
955 1180 1025 1236 ritus
1039 1180 1137 1248 sancti,
1148 1185 1176 1236 ει
1190 1194 1241 1250 per
1254 1181 1445 1238 auctoritatem
1460 1182 1548 1238 saneti
1562 1182 1636 1238 Petri
1651 1183 1779 1241 omnibus

104 1273 207 1324 testatum
218 1266 290 1338 (111)
303 1287 310 1324 ι
324 1269 464 1336 «iudicis,
476 1270 576 1341 inquit,
593 1282 647 1327 non
661 1276 713 1338 est,
729 1270 790 1326 sine
805 1283 917 1326 aecusa-
954 1269 1117 1327 Christianis
1140 1269 1283 1340 praecepit,
1308 1281 1342 1325 ne
1366 1269 1429 1340 quis
1453 1271 1511 1342 regi
1539 1273 1776 1329 excommunicato

104 1363 156 1414 tore
172 1354 311 1426 damnarc;
328 1359 393 1428 quia
409 1365 437 1415 et
454 1360 586 1416 [lominus
603 1359 712 1427 tudam,
727 1373 789 1416 cum
808 1357 852 1416 tur
865 1373 913 1415 es·
956 1363 986 1416 ut
1009 1359 1067 1430 regl
1090 1358 1223 1430 deinceps
1243 1357 1420 1428 aliquomodo
1444 1358 1577 1427 oboedlat,
1593 1367 1640 1417 aut
1663 1361 1775 1427 serviat,

103 1451 147 1513 εει,
161 1459 220 1502 εεει
235 1457 293 1502 non
309 1451 454 1504 aecusatus
472 1448 519 1515 sit,
535 1448 646 1504 minime
666 1447 818 1518 abjeclt3e
843 1448 915 1503 sicut
955 1451 1002 1504 aut
1022 1446 1215 1519 jusjurandum
1239 1453 1338 1514 seruet,
1360 1445 1434 1518 quod
1458 1447 1561 1505 lecerat
1584 1455 1631 1504 aut
1655 1448 1778 1506 tacturus

103 1541 126 1592 et
135 1536 161 1593 in
173 1535 303 1594 omnibus
316 1535 409 1596 dubiis
423 1538 560 1610 agendum
574 1544 617 1595 est
631 1539 731 1595 ειεειε.
741 1539 915 1608 Quapropter
955 1537 1003 1592 sit.
1018 1537 1096 1604 Quod
1120 1537 1276 1607 principum
1299 1535 1377 1608 regni
1401 1550 1465 1608 pars
1481 1551 1535 1595 non
1554 1537 1666 1594 minima
1690 1544 1777 1594 atten-

103 1632 125 1679 ει
145 1625 272 1682 mutuus
294 1627 355 1696 ipse
379 1627 534 1698 exemplum
558 1627 636 1685 dedit
650 1627 741 1694 nobis,
759 1640 794 1683 nc
812 1627 913 1696 passim
955 1623 1034 1692 dens,
1050 1627 1152 1697 saepius
1166 1640 1181 1682 a
1197 1639 1261 1698 rege
1275 1626 1364 1682 uocati
1379 1625 1413 1682 ad
1438 1639 1499 1682 eum
1522 1627 1617 1683 venire
1641 1627 1778 1684 detrecta-

102 1713 192 1781 audita,
207 1727 264 1772 non
290 1715 405 1786 probata
425 1724 453 1772 et
474 1715 639 1786 indiscussa,
654 1714 734 1774 lacile
757 1705 1032 1784 credamusflbant,
1060 1714 1234 1774 elaborantes
1261 1715 1470 1788 diligentissime
1494 1719 1525 1772 ut
1552 1715 1639 1772 zelum
1663 1715 1712 1772 bel
1735 1729 1778 1772 se-

102 1802 157 1858 dum
178 1804 207 1860 in
231 1803 319 1876 ligura
347 1804 508 1878 angelorum
535 1806 680 1864 Sodomam
707 1819 826 1878 pergens
848 1804 918 1862 dixit
958 1803 1077 1861 cundum
1100 1805 1242 1862 scientiam
1267 1804 1410 1861 baberent.
1432 1806 1517 1873 Quem
1541 1804 1607 1861 lieet
1629 1805 1731 1875 iniuste
1750 1811 1779 1860 et

102 1892 131 1950 ad
153 1893 287 1950 Abrabam
303 1914 310 1952 ι
326 1913 341 1946 ε
357 1895 535 1964 bessendam,
560 1895 721 1962 stridebo,
747 1900 837 1952 utrum
861 1894 917 1951 cla·
958 1905 1012 1951 non
1038 1895 1170 1952 eanonlce
1198 1895 1461 1951 excommunicatum
1491 1901 1613 1962 nossem,
1639 1893 1778 1950 tamensi

102 1993 205 2052 norem,
229 1983 279 2054 qui
302 1983 378 2042 uenit
400 1997 492 2042 coram
516 1998 571 2054 me,
596 1997 680 2056 opere
706 1984 914 2055 compleverint,
954 1983 1032 2053 juxta
1054 1983 1225 2041 sardicensis
1243 1983 1354 2041 concilii
1373 1989 1505 2040 statutum
1522 1981 1602 2056 (114)
1622 1983 1779 2040 εειιιιεεεε

100 2083 129 2124 an
142 2083 193 2128 εεε
212 2078 257 2130 est
278 2073 330 2140 lta,
346 2081 376 2130 ut
389 2075 485 2130 sciam.
502 2093 517 2128 ε
538 2076 686 2145 Postquam
704 2080 795 2131 autem
811 2072 916 2130 clamo·
957 2075 1160 2131 communicare
1178 2072 1322 2140 deberent,
1338 2073 1390 2129 nisi
1406 2085 1467 2128 eum
1492 2073 1699 2130 reconciliatum
1717 2087 1779 2129 esse

99 2171 148 2216 rcm
166 2174 249 2230 quem
268 2162 347 2233 quasi
370 2161 484 2231 audivit,
503 2177 598 2222 uerum
618 2162 753 2234 probavit,
770 2175 834 2218 mox
856 2162 917 2218 sine
957 2161 1129 2232 praesclrem.
1159 2161 1236 2218 Unde
1265 2161 1322 2232 regi
1350 2161 1440 2217 adhuc
1468 2161 1597 2218 indurato
1626 2167 1780 2218 metuentes

100 2247 219 2306 tarditate
235 2264 395 2321 supeream
413 2251 487 2323 ignis
500 2257 529 2308 et
542 2250 685 2322 sulphuris
699 2251 802 2309 imbres
816 2250 917 2308 uindex
957 2252 1170 2318 communicare,
1187 2250 1251 2320 quia
1271 2250 1347 2305 illum
1367 2263 1458 2320 neque
1472 2265 1598 2321 arguere,
1614 2265 1704 2321 neque
1728 2264 1781 2320 pu-

98 2338 324 2406 praesentissimus
347 2337 382 2397 de
406 2339 477 2397 coelo
501 2340 601 2412 pluita
620 2341 746 2398 homino.
761 2369 797 2382 -
813 2340 916 2396 iustis·
957 2340 1027 2408 nire,
1044 2353 1133 2412 neque
1153 2339 1293 2410 corrigere
1312 2345 1449 2410 poterant,
1467 2339 1520 2409 ipsi
1539 2340 1604 2410 quia
1623 2339 1779 2395 consentire

98 2423 156 2482 ειεε
175 2433 271 2484 autem
290 2428 394 2498 absque
417 2427 537 2485 induciis
557 2428 731 2497 damnantur,
745 2429 793 2497 qui
808 2428 916 2499 culpam
957 2427 1167 2492 abhorruerant,
1192 2427 1340 2484 studebant
1362 2434 1392 2484 ut
1414 2427 1538 2498 oportuit
1557 2427 1690 2484 devitare.
1709 2428 1780 2495 Qua·

97 2526 163 2570 mam
181 2518 241 2586 jam
257 2515 359 2572 dudum
374 2530 390 2572 a
403 2517 507 2573 sanctis
525 2518 653 2575 Patribus
671 2517 787 2574 diffinite
806 2517 918 2573 damna·
957 2526 1072 2590 propter
1095 2516 1244 2574 autumnali
1269 2525 1392 2591 tempore
1407 2531 1468 2573 cum
1484 2530 1518 2574 eo
1537 2517 1684 2588 optimates
1702 2514 1780 2588 regni

98 2607 141 2660 ιιε
158 2617 217 2661 εοε
238 2616 350 2676 negem,
364 2611 409 2662 εει
431 2606 542 2676 publice
561 2611 768 2678 contemptores
786 2605 918 2664 obstinati
958 2605 1125 2676 colloquium
1146 2606 1182 2661 ob
1201 2605 1357 2676 hujusmodi
1377 2619 1407 2662 sc
1425 2604 1569 2662 babituros
1589 2605 1780 2675 Parthenope·
1818 2647 1823 2653 .

98 2699 184 2750 contra
199 2693 357 2764 apostolica
370 2701 472 2752 statuta
486 2709 516 2750 se
531 2703 667 2752 conantur
681 2695 918 2766 qualitercumque
958 2693 1005 2750 lim
1017 2693 1047 2726 ¹⁷⁶
1064 2693 1123 2751 iore
1142 2693 1301 2761 condixere,
1316 2694 1363 2749 ubi
1381 2692 1447 2763 quid
1471 2693 1606 2764 agendum
1626 2707 1710 2764 super
1724 2700 1779 2749 ιεεε

97 2779 244 2838 defensare.
269 2783 341 2854 Ergo
356 2782 391 2839 de
406 2782 549 2840 manifesta
563 2789 592 2841 ει
616 2783 743 2854 plurimis
757 2789 822 2842 εειε
836 2797 920 2842 causa
958 2783 1055 2854 grandi
1071 2784 1181 2854 negotio
1195 2781 1277 2850 toret,
1296 2782 1433 2838 communi
1448 2782 1565 2839 consilio
1580 2787 1693 2852 possent
1708 2780 1779 2839 dith-

99 2880 146 2924 noo
168 2875 235 2926 sunt
259 2870 404 2942 quaerendi
434 2878 529 2929 testes.
556 2873 633 2930 Unde
660 2873 741 2946 (112)
776 2872 919 2946 apostolus
958 2872 1029 2940 nire,
1046 2871 1134 2928 stubi
1153 2871 1222 2942 ipsis
1239 2871 1340 2942 regist
1358 2869 1470 2927 domium
1489 2883 1540 2927 suo
1556 2872 1735 2941 commonito,
1751 2877 1779 2928 et

98 2956 288 3018 lomlcatorem
311 2961 388 3018 illum
415 2961 488 3032 apud
513 2963 673 3020 Corinthios
700 2964 843 3036 praecepit,
866 2976 916 3020 co·
958 2960 992 3017 ad
1012 2961 1199 3031 penitentiam
1218 2973 1352 3017 conuerso
1371 2965 1399 3016 et
1419 2959 1596 3018 reconciliato
1611 2960 1709 3018 liceret
1722 2975 1780 3018 ser-

100 3047 166 3118 guito
179 3049 215 3106 ab
231 3049 362 3107 omnibus
376 3050 451 3120 quod
470 3049 537 3109 lecit
555 3065 650 3124 opere,
671 3052 706 3109 de
726 3060 800 3110 coetu
820 3037 1025 3109 trater-Gulrc.
1051 3052 1198 3122 Postquam
1221 3049 1287 3108 illuc
1310 3063 1366 3106 non
1391 3049 1482 3120 parvls
1505 3049 1669 3107 militaribus
1693 3051 1783 3122 copiis

100 3135 184 3194 utatis
200 3139 325 3210 expelli:
344 3160 357 3190 a
375 3141 438 3208 llos,
454 3140 593 3211 inquiens,
614 3142 701 3198 intlatl
720 3143 797 3210 estis,
814 3147 842 3199 ει
860 3153 917 3200 non
958 3153 1121 3206 conuenere,
1155 3153 1203 3196 rex
1234 3152 1297 3196 cunr
1329 3139 1387 3196 suls
1416 3140 1633 3196 assentatoribus
1665 3139 1734 3197 citra
1750 3139 1780 3172 ¹⁷¹

100 3227 175 3298 nagia
195 3229 305 3290 luctum
328 3229 473 3298 habuistis,
490 3236 521 3287 ut
542 3230 688 3289 tolleretur
706 3231 742 3288 de
765 3231 857 3289 medio
872 3245 917 3288 ue·
957 3231 1062 3287 Renum
1086 3227 1158 3299 apud
1181 3227 1346 3300 0pplnbeim
1368 3227 1459 3285 villam
1480 3241 1543 3284 cum
1567 3241 1621 3286 non
1645 3229 1780 3288 mediocri

99 3321 185 3386 dmm,
201 3318 250 3389 qui
272 3318 327 3376 boc
346 3332 417 3390 opus
434 3318 546 3376 lcoitt»
566 3322 667 3378 Omnes
686 3321 790 3393 qulppe
811 3321 916 3378 crimen
957 3332 1015 3376 suae
1038 3316 1283 3376 conloederationis
1305 3317 1555 3384 columborum
1580 3325 1607 3374 et
1630 3331 1712 3376 suasu
1732 3317 1781 3374 ml·

101 3405 150 3473 eius
162 3407 301 3474 sciebant,
316 3416 344 3464 et
357 3421 414 3464 non
432 3410 593 3481 arguebant.
609 3410 721 3467 Publice
735 3423 853 3480 namque
868 3422 918 3467 no-
958 3421 1011 3465 nax
1033 3413 1060 3464 ιι
1082 3407 1231 3474 animosus,
1257 3406 1403 3473 consedit;
1428 3407 1505 3476 regni
1534 3412 1625 3462 autem
1651 3408 1782 3477 primates

100 3503 195 3552 ocream
208 3510 293 3555 suam
311 3496 374 3554 loeo
393 3498 487 3554 uxoris
504 3498 645 3568 babebat;
669 3499 698 3555 in
713 3512 768 3570 qua
782 3512 812 3556 re
827 3511 917 3570 neque
959 3496 999 3554 cis
1023 3497 1129 3552 Renum
1152 3500 1367 3560 commanentes,
1388 3494 1460 3548 inter
1482 3505 1512 3548 se
1534 3494 1730 3562 quaeritabant,
1755 3501 1783 3550 et

101 3585 206 3642 testibus
220 3586 265 3643 uel
294 3585 474 3657 inquisitione
497 3601 568 3659 opus
591 3595 660 3657 erat,
680 3601 732 3644 nec
750 3589 918 3660 terglversa-
959 3587 1015 3640 lieo
1030 3584 1126 3640 datore
1145 3583 1278 3639 attentius
1298 3581 1487 3651 unusquisque
1507 3593 1601 3651 prose
1616 3581 1783 3639 adinvicem

102 3669 165 3732 tione
179 3675 275 3748 aliqua
293 3675 349 3748 tegi
364 3677 468 3734 crimen
483 3681 602 3748 poterat.
617 3679 790 3748 Quapropter
804 3681 919 3748 aposto·
959 3670 1157 3738 conterebant,
1186 3671 1253 3742 quid
1283 3683 1366 3741 super
1394 3676 1448 3726 ιεεε
1477 3669 1580 3726 inmani
1605 3683 1688 3727 causa
1715 3671 1784 3743 lpsls

102 3759 137 3818 lus
151 3766 290 3834 judicium
309 3778 365 3822 non
381 3765 554 3823 dllieu·ensin
570 3781 643 3834 eum,
661 3767 800 3834 «absens,
816 3766 917 3837 inquit,
959 3760 1149 3819 diffiniendum
1183 3759 1274 3818 luerit.
1308 3759 1376 3816 llluo
1404 3759 1479 3816 sedis
1511 3759 1672 3830 apostolicae
1700 3761 1783 3834 legati

101 3863 217 3924 corpore,
242 3869 372 3927 presens
395 3862 487 3913 autem
512 3855 622 3927 spiritu,
639 3874 653 3908 ε
683 3856 762 3926 cujus
790 3854 920 3911 uidelicet
960 3851 1061 3909 litteris
1085 3851 1149 3907 bulc
1172 3863 1262 3906 causae
1286 3849 1416 3920 congruis
1439 3849 1529 3906 allatis
1552 3849 1730 3920 advenerant,
1753 3851 1783 3907 in

103 3953 223 4014 numnam
237 3945 323 4003 deest
336 3947 496 4014 auotoritas,
510 3963 524 3998 ε
537 3947 593 4018 jam
605 3944 725 4016 iudicavi
741 3950 770 4002 ut
784 3957 917 4017 praesens,
960 3941 1060 4013 quibus
1074 3940 1156 3997 ctiam
1177 3953 1249 3996 nune
1264 3937 1416 3996 Patavlcnsi
1432 3939 1564 4011 episcopo
1579 3939 1638 3998 vice
1653 3955 1702 3998 sua
1716 3953 1783 4013 apo·

102 4035 220 4104 eun‚qui
236 4035 297 4092 boc
312 4047 383 4106 opus
396 4033 472 4092 lecit.
489 4053 505 4088 ε
959 4029 1057 4088 stolica
1072 4043 1141 4101 papa
1152 4031 1208 4100 jam
1223 4027 1325 4085 dudum
1340 4041 1471 4086 concessa
1487 4029 1621 4101 inposuit,
1637 4035 1666 4087 ut
1686 4044 1782 4088 omnes

137 4121 228 4182 Totum
261 4126 360 4195 ltaque
396 4138 498 4196 corpus
533 4123 735 4195 scripturarum
772 4122 919 4181 sententiis
960 4126 1063 4192 praeter
1086 4133 1178 4192 regem
1201 4119 1291 4174 solum
1312 4117 1347 4174 ad
1371 4117 1585 4175 satisfactionem
1614 4119 1781 4192 dignamque

103 4205 185 4269 domni
210 4213 362 4286 apostolici
390 4213 564 4286 suffragatur.
594 4213 672 4270 Unde
699 4211 918 4270 contradictores
961 4209 1148 4282 poenitentiam
1168 4208 1250 4280 digne
1269 4207 1411 4264 uenientes
1424 4207 1556 4264 canonice
1576 4208 1780 4277 reconciliaret,

103 4301 126 4352 et
150 4313 328 4369 pemersores
356 4315 449 4360 earum
476 4301 606 4360 facillime
636 4307 752 4373 possunt
780 4300 916 4358 convinci.
962 4299 1025 4355 illos
1043 4297 1172 4356 uidelicet
1200 4297 1247 4368 qui
1275 4295 1407 4366 deinceps
1429 4295 1456 4350 in
1485 4301 1562 4365 parte
1590 4297 1677 4351 sancti
1707 4297 1781 4352 Petri

104 4384 298 4463 insanamque
322 4405 337 4447 a
360 4391 483 4464 vestigiis
505 4397 663 4448 sanctonum
692 4391 801 4446 Petrum
830 4368 1034 4446 nulla-Dstare
1062 4387 1224 4444 uoluissent.
1249 4387 1288 4442 Ex
1312 4384 1413 4456 quibus
1441 4383 1614 4454 llogontinus
1641 4381 1781 4453 archiepi-

104 4479 174 4534 ιεεεε
195 4480 327 4538 deviavit.
351 4480 490 4537 incassum
516 4493 583 4551 ergo
611 4479 723 4550 quidam
751 4478 919 4536 contentiosi
959 4491 1060 4547 scopus
1085 4488 1146 4531 cum
1174 4489 1223 4531 sua
1250 4473 1357 4541 militia,
1386 4471 1571 4538 Treverensis,
1602 4471 1778 4542 argentinus,

105 4567 259 4627 εεειιεεεει
273 4568 306 4601 ¹⁷⁸
321 4582 371 4640 pro
386 4568 507 4627 induciis
525 4569 583 4641 regi
604 4570 719 4640 ejusque
737 4565 920 4638 complicibus
959 4563 1169 4630 viridunensis,
1201 4560 1381 4629 leodiensis,
1414 4557 1656 4626 llonasteriensis,
1688 4558 1780 4630 'irate-

104 4663 151 4710 non
164 4655 245 4728 datis,
261 4663 293 4717 et
306 4658 381 4731 quod
396 4672 446 4716 eoa
462 4658 556 4716 statim
570 4655 827 4724 excommunicavit,
843 4661 919 4726 post·
960 4651 1063 4711 utensis
1087 4651 1202 4720 electus,
1225 4650 1373 4722 Spirensis,
1397 4648 1566 4715 basiliensis,
1589 4647 1781 4706 Constantian-

772 4809 886 4868 VARIAE
912 4807 1106 4868 subitonus

136 4951 165 4986 ”⁸
180 4957 220 5014 tto
237 4957 267 5014 2.
306 4953 338 4987 ”¹
356 4952 438 5010 nimis
455 4951 483 5010 2.
522 4951 555 4986 ”⁸
571 4967 625 5010 oce
643 4951 714 5010 deest
736 4953 773 5021 23
794 4949 1019 5023 parthenopolim
1045 4949 1212 5023 ltegdcburg
1234 4946 1293 5006 iore
1319 4946 1343 5004 l.
1370 4946 1410 4999 l*.
1448 4942 1480 4977 ’0
1497 4943 1537 5000 ite
1554 4941 1581 5001 2.
1600 4972 1636 4986 -
1656 4942 1728 5000 ultra
1743 4941 1782 4996 tc·

106 5027 206 5092 εεειεει
224 5027 347 5092 fidetem·
368 5025 442 5083 cirea
459 5024 540 5082 edidit
560 5027 621 5082 Usa.

888 5139 995 5198 NOEAE.

138 5295 216 5491 (110)
235 5295 323 5356 ωε.
336 5297 421 5354 conc.
438 5300 458 5352 t.
473 5295 495 5361 1,
511 5291 566 5352 ool.
580 5290 644 5348 589.
658 5294 726 5350 Usa.
940 5273 945 5282 ’
958 5289 1032 5364 pelli.
1048 5303 1135 5346 emeca
1148 5317 1185 5330 -
1195 5289 1299 5362 poteret
1318 5289 1382 5342 sunt
1395 5282 1478 5341 verba
1491 5282 1637 5340 Ambrosii.

107 5449 130 5504 p.

155 5365 206 5505 lilil,
221 5441 268 5496 cul
284 5440 342 5498 baec
357 5437 495 5510 expositio
508 5447 652 5507 perperam
666 5435 805 5492 tribuitur.
822 5438 883 5492 Uss.
961 5441 1100 5491 mutuatus
1114 5440 1156 5490 est
1169 5438 1284 5494 εεειεες
1300 5443 1326 5485 v.
1343 5429 1427 5485 blansi
1442 5427 1498 5494 llll,
1513 5425 1575 5481 loa.

138 5509 216 5584 (112)
240 5511 315 5568 Unde
332 5507 467 5596 apostolae
480 5537 517 5550 -
534 5521 599 5580 opus
611 5505 682 5578 (εειί,
698 5506 797 5562 ordine
815 5512 919 5564 mutato
997 5505 1070 5574 (tlt)
1088 5506 1154 5562 Gan.
1171 5503 1212 5570 l'l,
1228 5500 1349 5572 blonysii
1364 5499 1458 5573 (babb.
1474 5501 1559 5556 Cone.
1576 5503 1596 5554 t.
1612 5498 1646 5566 ll,
1663 5513 1690 5570 p.
1704 5495 1778 5568 ola).

107 5579 158 5653 lege
177 5583 205 5640 in
229 5582 360 5644 Βεεεειιι
385 5595 482 5654 opuse-
498 5595 519 5649 1,
533 5578 561 5650 2,
577 5593 605 5650 10·
624 5575 684 5643 ¹93»
698 5576 800 5648 0010000
814 5606 850 5618 -
868 5591 918 5633 00·
961 5580 1021 5636 11⁸⁸·

229 5367 335 5426 Videln
345 5366 498 5439 appendice
509 5365 543 5421 ad
553 5366 643 5434 opera
656 5367 683 5421 s.
695 5362 873 5431 Ambrosiit.
885 5365 919 5431 U,
997 5361 1069 5434 (113)
1088 5361 1177 5418 verba
1204 5374 1237 5416 ex
1261 5359 1320 5428 ipsa
1348 5355 1639 5414 excommunicationis
1666 5352 1782 5410 termula
