4034 6152
247 268 317 326 1035
768 266 795 322 S.
815 265 961 322 donatur
980 264 1123 330 acuaris
1141 264 1399 322 sttvrhbiaionls
1862 267 1925 324 111118

244 395 300 454 rari
321 391 450 466 diguatus
475 397 528 463 est,
547 391 592 448 vlu
610 389 711 448 sufficit
733 388 826 460 lingua
848 387 996 446 balbutire.
1020 390 1065 445 ln·
1074 386 1142 454 Ade
1157 392 1230 446 terra
1246 393 1274 447 et
1288 389 1453 461 cognatione
1468 403 1517 447 sua
1530 389 1710 463 egrediuntur
1726 391 1807 464 (Cen.
1819 408 1871 461 ιιι,
1888 394 1925 466 l).

243 497 355 558 gressus
377 481 471 554 ltaque
493 480 652 538 monasterii
676 479 836 547 claustrum,
862 478 946 549 coepit
969 478 998 534 in
1017 479 1065 534 llei
1107 479 1150 536 Fit
1177 480 1338 550 conjunctio
1365 479 1532 548 laetabunda,
1558 480 1589 538 tit
1616 480 1763 540 exsultatio
1789 485 1925 554 jncuuda3

241 572 356 631 servitio
379 585 410 627 se
439 582 579 637 exercere,
604 574 633 624 et
655 581 718 638 quae
741 567 777 623 de
803 567 864 636 ejus
893 565 1067 622 mirabilibus
1107 568 1245 625 exsultant
1273 569 1307 626 de
1336 570 1466 641 magistro
1495 569 1645 641 discipuli,
1672 573 1775 643 gaudet
1803 574 1929 645 magister

243 662 369 722 audierat
383 665 412 718 et
426 659 541 726 viderat,
558 655 767 713 admemoriam
786 669 926 713 revocare.
1106 671 1189 728 super
1205 657 1376 729 discipulos,
1402 660 1521 716 exsultat
1537 660 1623 717 abbas
1640 674 1726 731 super
1738 661 1900 718 societatem
1913 678 1927 718 a

283 752 325 808 18.
345 754 472 808 deomena
494 747 630 820 picibus.
646 776 683 790 -
705 749 811 804 Interea
836 746 955 818 quodam
981 745 1065 802 iratre
1105 747 1162 804 Deo
1176 746 1229 803 sibi
1248 752 1302 803 tam
1328 748 1493 806 mirabiliter
1511 748 1665 820 previsam.
1682 748 1813 806 laetantur
1827 752 1929 807 tirones

245 857 295 902 suo
324 838 427 897 carnali
457 836 494 910 (9)
523 837 558 894 de
585 837 638 894 hac
664 837 719 894 vita
748 850 870 909 egresso,
895 837 943 907 qni
971 849 1065 893 curam
1106 834 1298 908 Christi,·qnia
1317 835 1411 894 vident
1431 844 1460 894 et
1482 844 1655 909 cognoscunt
1677 851 1733 895 non
1751 839 1787 894 ab
1807 839 1926 908 homine,

245 930 359 998 fratrum
394 929 424 985 in
467 927 635 985 monasterie
681 927 774 984 Sancti
811 926 948 984 Vincentii
992 925 1066 996 apud
1106 924 1187 980 seda
1211 927 1267 980 beo
1292 940 1353 996 quae
1372 926 1569 983 desiderabant
1592 927 1684 984 omnia
1706 927 1759 983 sibi
1774 929 1928 999 provenire

244 1026 366 1077 montem
395 1018 555 1076 mndunnm
583 1023 753 1088 susceperat,
777 1017 811 1072 ad
840 1016 976 1072 abbatiam
1005 1028 1067 1085 pro-
1103 1014 1182 1084 luxta
1196 1014 1365 1071 voluntatem
1380 1028 1468 1072 suam.
1492 1016 1592 1073 saeculi
1606 1017 1700 1087 itaque
1720 1016 1829 1074 honore
1844 1017 1927 1088 depo-

244 1113 341 1166 vectus
364 1113 417 1165 est.
446 1107 525 1176 Quod
543 1105 645 1162 invitus
662 1105 766 1176 diuque
789 1105 913 1162 retinens
933 1105 1065 1174 suscepit,
1105 1103 1170 1170 sito,
1190 1103 1260 1160 riam
1277 1119 1331 1174 qua
1354 1103 1493 1162 Christum
1508 1111 1660 1178 sequantur
1683 1106 1889 1178 ingrediuntur,
1904 1115 1928 1164 et

244 1203 272 1254 et
288 1197 412 1268 quamvis
426 1209 482 1255 non
496 1209 557 1252 esse
572 1208 667 1266 parum
681 1193 813 1251 iratribus
827 1207 948 1266 praeesse
964 1205 1066 1263 cogno·
1106 1205 1195 1263 usque
1218 1193 1251 1249 ad
1276 1193 1351 1251 beati
1370 1194 1494 1266 Dionysii
1519 1193 1641 1263 domum,
1660 1209 1742 1266 quem
1761 1194 1857 1253 iocum
1880 1198 1927 1252 sibi

244 1291 346 1355 sceret,
368 1285 451 1343 vellet
474 1291 566 1343 tarum
594 1283 691 1351 nollet,
717 1282 850 1340 obedivit.
874 1281 952 1340 Collo
975 1288 1067 1339 autem
1107 1279 1277 1353 delegerant,
1293 1281 1478 1355 undequaque
1502 1285 1680 1342 conveniunt.
1704 1285 1827 1342 adorata
1851 1285 1928 1357 igitur

244 1375 322 1432 oneri
333 1381 388 1433 tam
399 1375 474 1447 gravi
485 1373 673 1446 superposito,
685 1385 741 1428 non
751 1386 780 1428 se
793 1371 925 1429 oblivioni
940 1370 1065 1440 tradidit,
1106 1370 1139 1425 ad
1164 1376 1322 1427 sanctorum
1347 1377 1495 1444 martyrum
1518 1371 1676 1445 sepulcrum
1699 1374 1853 1432 Salvatoris
1875 1373 1927 1430 cle·

243 1465 344 1522 sedin
368 1467 502 1536 quantum
527 1467 646 1532 poterat,
675 1475 705 1519 se
731 1460 846 1519 iormam
869 1467 897 1518 et
923 1460 1066 1531 speculum
1105 1458 1218 1528 mentia,
1234 1473 1386 1532 eorumque
1410 1467 1559 1535 martymm
1583 1470 1612 1521 et
1630 1463 1748 1522 aliorum
1771 1471 1927 1520 sanctem·

180 1551 183 1558 '
244 1553 389 1626 discipulis
414 1553 472 1610 suis
497 1551 634 1610 exhibuit.
662 1554 772 1610 Fratres
794 1565 871 1622 vero,
887 1551 935 1625 qui
954 1549 1006 1608 sub
1032 1561 1065 1607 eo
1105 1547 1260 1618 patrocinia
1291 1562 1342 1607 sua
1372 1552 1475 1610 anulio
1508 1559 1683 1622 convocant,
1721 1552 1825 1610 Christi
1864 1554 1929 1610 dirce

243 1649 333 1710 erant,
363 1642 425 1714 plus
457 1645 577 1699 terrenis
609 1641 761 1699 commodis
793 1655 874 1713 quam
907 1639 1067 1698 coelestibus
1106 1637 1289 1707 providentia,
1309 1640 1474 1710 Aurelianis,
1495 1647 1525 1700 ut
1544 1642 1648 1700 ibidem
1670 1642 1705 1700 ad
1719 1645 1931 1701 sanctacrueis

243 1731 354 1800 intenti,
369 1731 494 1788 moribus
518 1731 577 1803 eius
596 1743 652 1788 nou
675 1731 746 1788 bene
765 1730 985 1800 conveniebant;
1005 1725 1224 1798 sed,Badorent
1247 1728 1392 1786 ecclesiam
1416 1729 1488 1804 (ll),
1513 1732 1637 1805 dirigunt
1659 1733 1786 1805 vestigia.
1810 1735 1930 1804 Cumque

243 1820 316 1877 sicut
330 1819 431 1893 legitur
444 1820 480 1876 de
494 1825 590 1877 sancto
605 1819 755 1878 benedicto
769 1819 808 1892 (8.
822 1822 906 1877 Cure.
921 1817 940 1876 1.
957 1835 978 1876 ιι
991 1817 1064 1876 ilici.
1107 1820 1135 1872 et
1157 1817 1222 1874 inde
1246 1817 1448 1888 discessissent,
1472 1826 1501 1878 et
1528 1823 1657 1890 Turonis,
1686 1823 1733 1879 nbi
1762 1823 1929 1880 sanctissimi

211 1959 215 1968 .
244 1924 270 1966 c.
298 1908 337 1982 3),
365 1910 470 1966 sancds
496 1910 556 1980 ejus
583 1909 695 1966 monilis
727 1909 865 1968 contraria
897 1908 1064 1966 sentiebant.
1107 1904 1274 1964 contessoris
1287 1908 1396 1965 liartini
1411 1923 1514 1981 corpus
1528 1911 1688 1982 requiescit,
1709 1911 1930 1982 appropinquas

242 2001 365 2070 Cumque
379 1999 556 2071 conspiceret
570 2011 618 2056 eos
631 2003 663 2055 ut
676 1997 786 2054 volebat
805 1997 865 2055 sine
880 1996 1066 2069 peculiaribus
1106 2000 1178 2064 sent,
1196 1996 1359 2067 peregrinos
1372 1998 1420 2070 qui
1442 2014 1458 2055 a
1482 2000 1581 2057 Sancto
1600 2001 1682 2057 Petro
1705 2002 1802 2058 Roma
1823 2015 1929 2057 remea-

242 2099 304 2145 esse
325 2087 399 2145 nolle
414 2088 602 2160 acquiescere,
621 2087 656 2143 ad
681 2086 846 2144 sanctissimi
865 2085 954 2143 Patris
976 2084 1065 2142 nostri
1106 2083 1173 2139 baut
1195 2084 1378 2156 invenerunt;
1402 2089 1451 2159 qui
1474 2089 1509 2144 ab
1532 2091 1573 2146 eis
1591 2090 1664 2147 unde
1682 2096 1787 2156 essem,
1808 2098 1860 2146 aut
1879 2105 1929 2161 quo

242 2176 384 2235 Benedicti
399 2177 553 2248 exemplum
569 2176 700 2249 cogitavit
714 2189 763 2234 eos
772 2176 922 2243 dimittere,
934 2180 1065 2231 etseenm
1106 2171 1199 2241 irent,
1232 2174 1275 2232 vei
1303 2175 1369 2246 qnid
1402 2177 1431 2234 in
1459 2179 1551 2236 animo
1578 2181 1724 2236 versabant
1756 2195 1809 2250 per
1842 2183 1929 2238 omnia

242 2265 378 2324 habitare.
402 2268 433 2323 ln
452 2267 620 2324 monasterio
634 2271 726 2324 autem
744 2265 869 2324 suo'erat
889 2266 931 2321 vir
945 2263 1065 2321 sanctis·
1106 2263 1219 2318 scmtati
1251 2270 1324 2321 sunt.
1358 2265 1498 2324 Patefacto
1531 2268 1617 2339 igitur
1643 2283 1737 2325 eorum
1771 2269 1928 2336 desiderio,

241 2357 327 2413 simus
345 2355 469 2414 inclusus
483 2356 546 2428 (llil,
567 2368 652 2428 aquo
667 2354 823 2424 consilinm,
840 2354 980 2424 quomedo
995 2367 1065 2424 quos
1105 2350 1208 2408 adeunt
1233 2351 1370 2422 abbatam,
1390 2361 1520 2426 rogantes
1544 2362 1575 2413 nt
1601 2357 1636 2414 ad
1660 2371 1756 2414 eorum
1782 2357 1857 2416 dues
1882 2360 1932 2416 iter

241 2445 276 2502 ad
290 2445 441 2518 regendum
455 2451 616 2516 susceperat
629 2444 769 2501 dimittere
781 2449 885 2514 posset,
902 2442 1062 2513 requisivit:
1105 2453 1185 2496 suurn
1215 2440 1367 2513 dirigeret;
1401 2450 1538 2514 quatenus
1565 2445 1600 2501 de
1624 2446 1789 2504 substantiis
1816 2450 1878 2504 suis
1904 2451 1930 2504 ir

242 2535 290 2606 qui
309 2535 377 2591 satis
400 2535 530 2591 idoneum
547 2539 575 2590 et
592 2533 646 2590 sibi
664 2533 743 2591 vaide
767 2533 952 2608 necessarium
975 2532 1062 2590 dedit.
1105 2528 1215 2598 alodiis,
1231 2545 1294 2601 quae
1312 2533 1369 2589 beo
1384 2533 1568 2605 disponebant
1587 2535 1653 2593 dare
1672 2537 1706 2592 ad
1728 2538 1786 2593 Dee
1809 2539 1930 2594 servieu-

243 2623 343 2680 blilites
365 2636 431 2680 vero
455 2623 606 2680 secundum
635 2623 765 2680 saeculum
791 2635 847 2680 non
873 2621 1011 2694 ignobiles
1029 2620 1064 2677 ad
1105 2617 1181 2683 dum,
1202 2619 1347 2677 ecclesiam
1364 2626 1549 2682 construeret.
1568 2625 1646 2693 Quod
1661 2633 1688 2682 et
1703 2625 1806 2684 iactum
1823 2627 1929 2693 inisset,

243 2710 369 2768 eumdem
388 2711 524 2770 inclusum
548 2717 691 2782 venerant,
712 2711 746 2768 de
765 2711 888 2781 peccatis
910 2710 968 2767 suis
990 2710 1063 2780 apud
1105 2707 1159 2764 uisi
1173 2708 1258 2765 Deum
1273 2723 1368 2767 eorum
1382 2711 1581 2770 habitationem
1595 2714 1662 2772 alias
1676 2714 1865 2786 disposuisset
1880 2739 1888 2774 :
1902 2725 1929 2775 et

242 2814 304 2857 enm
337 2807 551 2874 conquerentes,
580 2801 645 2873 quia
664 2801 780 2860 'saeculo
812 2801 929 2872 amptius
960 2800 1063 2856 servire
1105 2796 1170 2866 quia
1184 2797 1366 2872 beusvoiuit,
1382 2802 1522 2874 peregrini
1541 2804 1569 2860 in
1584 2803 1654 2861 viam
1677 2819 1755 2862 suam
1778 2807 1927 2873 abien-vinu

242 2891 383 2961 nolebant,
408 2891 528 2949 confessi
556 2890 675 2960 inerant,
700 2899 728 2948 et
752 2890 786 2948 ab
809 2905 843 2948 eo
872 2889 1011 2962 quomodo
1034 2889 1062 2946 id
1105 2886 1190 2942 abbas
1212 2901 1278 2946 vero
1301 2894 1330 2947 et
1352 2891 1423 2948 socii
1449 2892 1493 2950 sui
1525 2893 1684 2962 Pictavium,
1711 2897 1768 2953 lice
1796 2895 1928 2965 ducente,

240 2979 362 3038 iacerent
387 2981 532 3038 consilium
557 2984 751 3051 poposcerant.
777 2982 893 3037 Sanctus
915 2985 1006 3036 autem
1020 2979 1064 3036 vir
1105 2984 1301 3045 pervenerunt.

241 3077 269 3124 et
291 3069 399 3125 abbatis
422 3069 574 3140 supradicti
596 3070 716 3128 animum
739 3076 965 3140 cognoscereet
988 3057 1092 3126 desi-C
1138 3063 1184 3120 20.
1206 3065 1338 3124 1111111111
1358 3068 1472 3126 ademit.
1491 3072 1633 3143 decipitur
1649 3088 1668 3129 a
1685 3074 1779 3130 morde
1796 3075 1927 3144 Gnidon,

240 3157 347 3214 derium
366 3157 483 3213 militum
506 3170 678 3229 cognoscens
700 3162 728 3216 el
746 3157 914 3231 intelligens,
929 3159 958 3214 in
977 3172 1060 3216 unum
1101 3168 1151 3224 qno
1175 3156 1369 3213 commendetur
1390 3157 1515 3230 Rcdnllo.
1535 3159 1784 3233 Silvam-Maiorem
1803 3165 1873 3221 cdd.
1895 3195 1927 3208 -

240 3260 336 3305 omnes
359 3248 547 3320 congregavit,
568 3246 713 3305 consilium
738 3254 917 3320 utremmqne
940 3249 1059 3320 apernit,
1100 3242 1235 3314 Ingressis
1249 3251 1339 3302 autem
1354 3245 1409 3303 illis
1423 3247 1571 3318 civitatem,
1582 3263 1648 3307 ecce
1657 3265 1751 3308 comes
1760 3253 1924 3322 Pictavlum,

239 3342 267 3394 et
285 3336 372 3395 laicos
386 3337 465 3408 qnasi
480 3335 544 3393 idei
559 3337 714 3395 mdimeuta
733 3337 926 3408 suscipientes,
946 3337 1060 3396 sanctis
1099 3331 1181 3389 Wido
1198 3332 1251 3406 (12)
1265 3337 1441 3406 1111111111ῐῦ»
1457 3338 1505 3394 Dei
1521 3339 1678 3410 provisione
1693 3341 1831 3399 1111111111
1847 3353 1925 3416 parte

238 3426 300 3486 simi
329 3425 437 3484 abbatis
465 3425 646 3497 providentiae
674 3427 885 3484 commendavit.
913 3429 935 3484 0
958 3427 1059 3484 Christi
1100 3419 1220 3480 11111111·
1244 3424 1323 3491 1111011
1337 3439 1398 3482 111111
1413 3426 1925 3501 11111101110111111,111111111881111

240 3515 328 3586 pictas
351 3514 563 3572 inenarrabilis!
584 3527 601 3572 o
624 3515 773 3573 Salvatoris
791 3516 937 3573 clementia
959 3518 1061 3574 incom-
1100 3522 1156 3566 11011
1178 3511 1327 3569 absurdum
1345 3513 1369 3571 si
1388 3529 1450 3572 cum
1469 3531 1503 3574 eo
1522 3515 1693 3589 loqueretur,
1708 3520 1785 3576 venit
1799 3521 1838 3577 ad
1851 3536 1925 3590 eum,

240 3604 389 3676 parabilis!
415 3603 534 3662 Famulis
551 3603 610 3661 suis
628 3619 657 3662 se
673 3608 732 3662 toto
751 3605 836 3661 corde
859 3605 1058 3676 quaerentibus,
1100 3610 1217 3655 1111111111
1234 3601 1327 3659 socios
1350 3609 1382 3660 ut
1398 3618 1429 3662 se
1451 3613 1645 3678 sequerentur.
1671 3608 1738 3666 Cum
1763 3615 1860 3668 antem
1879 3625 1927 3668 eos

239 3694 274 3752 ad
301 3693 398 3752 seculi
428 3692 616 3750 blandimenta
643 3692 799 3763 superanda
822 3692 991 3764 magistrum,
1011 3694 1059 3765 qni
1100 3701 1194 3744 comes
1221 3692 1406 3763 conspiceret,
1432 3695 1601 3765 resalutavit,
1628 3703 1657 3753 et
1684 3697 1758 3754 uude
1782 3701 1926 3756 venissent

238 3797 287 3842 eos
309 3781 482 3854 precederet
504 3782 688 3850 ministravit;
713 3795 848 3854 servoque
871 3772 939 3851 suo,
954 3790 983 3839 ut
1005 3783 1059 3840 sibi
1099 3785 1147 3834 aut
1166 3792 1220 3848 quo
1239 3779 1281 3837 ire
1302 3780 1403 3839 veilent
1428 3783 1577 3857 diligenter
1599 3787 1751 3859 inquisivit.
1768 3789 1822 3846 Cui
1841 3791 1928 3846 abbas

237 3872 364 3929 devotius
382 3870 543 3937 deserviret,
559 3869 652 3928 socies
670 3877 699 3927 et
716 3870 869 3942 discipulos
891 3859 1059 3944 aggregavit.
1100 3869 1191 3924 omnia
1215 3883 1277 3940 qnae
1300 3870 1329 3928 ln
1352 3873 1443 3930 animo
1466 3874 1586 3934 habebat
1608 3878 1727 3948 aperuit.
1744 3885 1773 3936 et
1794 3880 1873 3951 quod
1893 3880 1927 3936 de

236 3959 348 4017 ratibus
370 3971 436 4015 vero
459 3959 616 4029 conjunctis
637 3959 666 4016 in
690 3958 918 4028 hominumiras
936 3973 992 4017 non
1011 3961 1060 4020 lm·
1099 3957 1183 4013 terris
1205 3959 1263 4014 stis
1287 3967 1314 4016 et
1338 3965 1550 4034 cognationibus
1573 3967 1631 4022 suis
1654 3969 1759 4040 egressi
1778 3970 1926 4028 bominum

238 4059 343 4103 memor
365 4043 479 4101 iratrnm
499 4059 569 4116 qnos
587 4045 621 4102 ad
645 4045 796 4118 regendum
816 4053 985 4118 susceperat,
1002 4047 1061 4118 epi·
1099 4047 1287 4116 sequebantur
1308 4049 1419 4120 adjecit.
1449 4055 1565 4126 Cognita
1592 4063 1681 4114 autem
1709 4070 1806 4115 comes
1830 4073 1925 4116 eorum

238 4147 352 4206 scopum
374 4132 579 4204 (lleiinardnm)
603 4148 618 4190 a
638 4147 693 4204 quo
716 4132 834 4192 abbatiae
852 4147 922 4192 onus
940 4134 1060 4192 habebat
1099 4134 1250 4204 voluntate,
1266 4144 1294 4193 et
1312 4139 1405 4196 divina
1428 4141 1457 4198 in
1481 4143 1534 4200 hoc
1558 4145 1726 4216 provisione,
1746 4147 1924 4205 abbatemet

237 4223 328 4292 adilt,
354 4223 435 4294 eique
463 4222 544 4293 quale
572 4222 717 4281 consilinm
746 4224 920 4295 quaesivisset
933 4225 1057 4294 apernit,
1100 4236 1165 4280 suos
1183 4225 1268 4296 cepit
1286 4240 1395 4300 rogare,
1416 4235 1446 4287 ut
1460 4245 1510 4301 pro
1529 4233 1650 4304 Christo,
1665 4249 1717 4305 pro
1732 4237 1815 4307 cujus
1829 4253 1925 4310 crepe·

238 4327 310 4371 onus
336 4311 488 4385 regiminis,
520 4313 595 4385 quod
626 4312 755 4382 habebat,
784 4314 844 4384 ejus
877 4313 1058 4385 providentie
1099 4318 1162 4369 rant
1188 4313 1248 4371 baec
1272 4329 1377 4384 amore,
1406 4334 1573 4394 quocunque
1596 4324 1624 4380 in
1649 4339 1699 4381 sua
1721 4330 1798 4382 terra
1822 4327 1925 4384 vellent

238 4403 396 4474 dereliquit.
1067 4387 1293 4473 Dremanerent;
1319 4406 1379 4478 ipse
1394 4423 1460 4467 vere
1483 4412 1672 4470 consiliumet
1689 4415 1824 4472 auxilium
1843 4430 1926 4473 suum

275 4492 318 4550 19.
342 4491 485 4550 Abictiom
507 4492 623 4550 dimittit.
648 4492 730 4549 Varia
747 4490 807 4550 loca
830 4493 1060 4551 8811111111.-
1100 4491 1153 4548 sibi
1177 4493 1205 4548 in
1229 4495 1357 4552 omnibus
1380 4505 1490 4556 curaret
1512 4501 1683 4572 impendere.
1707 4505 1776 4560 lium
1795 4518 1865 4562 vero
1892 4507 1928 4562 de

238 4580 340 4638 Taliter
353 4594 419 4638 vero
433 4581 535 4638 Christi
554 4582 660 4638 tirones
673 4581 766 4638 abbati
785 4583 960 4640 sanctissimo
974 4583 1060 4654 subji·
1100 4579 1144 4636 his
1166 4581 1200 4637 ad
1224 4582 1340 4641 invicem
1362 4589 1624 4660 sermocinarentur,
1645 4605 1710 4648 ecee
1727 4593 1843 4664 quidam
1858 4596 1928 4650 Bur-

237 4673 358 4739 cinntur,
374 4671 504 4730 etsancti
519 4671 684 4745 patriarchae
698 4672 786 4730 nostrl
800 4672 917 4730 Abrahae
933 4672 1059 4746 exemplo
1100 4669 1205 4742 legata
1228 4674 1404 4744 prepositus,
1429 4678 1541 4736 nomine
1568 4678 1703 4738 iladulins
1728 4679 1806 4754 (13),
1831 4697 1847 4740 a
1870 4685 1928 4739 beo

274 4848 320 4924 (9)
348 4851 375 4906 ls
402 4853 462 4906 erat
483 4849 646 4922 iieginerus.
675 4850 792 4908 abbatia
819 4852 847 4908 8.
869 4851 1006 4909 Vincentll
1029 4853 1059 4908 in
1100 4849 1186 4906 tinum
1201 4851 1230 4908 in
1244 4851 1420 4923 splendorem
1430 4857 1557 4915 restituta
1566 4862 1608 4916 est
1618 4859 1824 4930 paucisabhinc
1833 4865 1926 4920 annis.

237 4920 326 4979 allero
354 4920 460 4978 montis
484 4921 672 4978 laudunensis
698 4922 811 4979 brachio
837 4924 899 4989 sita,
920 4924 1058 4995 hodieque
1136 4920 1298 4994 (12111110
1321 4929 1469 4998 agnomine
1490 4930 1628 5000 Coirldus,
1648 4932 1788 4990 Cuilielmi
1806 4936 1925 5007 linqui·

236 4993 362 5052 subsistit
377 5005 507 5064 congreg.
524 4995 551 5050 S.
568 4993 653 5050 hauri
672 5001 826 5066 aggregata.
1100 4992 1182 5050 taniae
1201 4993 1280 5051 ducis
1298 4997 1380 5068 iilius,
1396 4998 1529 5058 iratribus
1542 5003 1600 5060 suis
1613 5003 1759 5061 Cuilielmo
1774 5007 1809 5062 vi
1824 5008 1925 5064 Crasso

273 5065 331 5138 (lo)
345 5065 424 5122 Hunc
439 5064 588 5122 bollandus
601 5066 757 5136 suspicatur
773 5065 857 5123 inisse
871 5068 899 5123 8.
915 5064 1058 5124 ilmullum
1099 5071 1127 5120 et
1140 5064 1284 5124 Cuilielmo
1298 5070 1344 5125 1111
1362 5073 1425 5128 beri
1444 5073 1473 5128 in
1491 5075 1645 5145 Aquitaniae
1660 5076 1762 5133 ducatu
1786 5081 1927 5135 successit

237 5143 333 5208 postea
361 5137 448 5208 episc.
482 5137 726 5205 suessionensem
760 5139 809 5195 sed
842 5137 956 5194 lallitnr.
989 5139 1057 5194 Nam
1098 5136 1493 5201 subCuillelmiVlinomine.
1513 5145 1829 5216 Obiitann010863se
1850 5152 1928 5207 ultus

139 5241 147 5246 -
235 5209 359 5266 inclusus
378 5210 424 5266 hic
442 5215 609 5267 memoratus
632 5209 658 5266 ln
685 5210 852 5267 monasterio
876 5213 903 5266 8.
922 5209 1057 5267 vincentii
1099 5213 1141 5264 est
1163 5207 1191 5262 in
1216 5215 1383 5270 monasterie
1407 5228 1478 5273 novo
1497 5218 1661 5286 Pictavensi,
1686 5220 1803 5290 quoda
1857 5222 1927 5278 uda

235 5280 363 5352 degebat,
379 5288 410 5339 ut
428 5279 530 5352 legenti
553 5284 639 5351 patet,
665 5281 739 5352 quod
763 5281 848 5339 des.
872 5280 986 5338 bruuilo
1001 5280 1056 5339 dicl
1098 5280 1198 5335 mentis
1217 5288 1425 5343 restauraverat.

234 5365 291 5410 non
307 5359 407 5425 potest.
424 5352 504 5409 Hunc
518 5352 612 5423 potius
631 5353 781 5410 crediderit
795 5351 879 5410 luisse
895 5351 1055 5422 Ebroinnm,
1134 5349 1188 5420 (13)
1215 5353 1294 5411 Hunc
1323 5357 1411 5414 sirum
1443 5357 1528 5416 inisse
1559 5359 1777 5418 ecclesiasticum
1812 5365 1925 5422 censuit

234 5421 269 5480 de
285 5437 340 5494 quo
356 5423 428 5480 inira
442 5437 517 5481 num.
529 5423 574 5480 22.
1097 5421 1322 5548 Βαῗὲὺτοοὴὶιιες
1346 5434 1375 5485 at
1389 5430 1523 5488 exaltem
1537 5432 1606 5500 Vita,
1623 5433 1788 5492 ubidicitur
1808 5437 1925 5492 misisti·

270 5493 323 5573 liip
338 5497 376 5552 lla
391 5501 434 5553 est
447 5495 565 5554 ecclesia
584 5493 761 5564 cathedralis,
781 5494 919 5567 hodieque
937 5495 988 5552 suh
1002 5495 1057 5552 hoc
1097 5507 1139 5549 rac
1175 5535 1182 5562 ,
1199 5502 1305 5554 certum
1319 5507 1362 5556 est
1375 5513 1438 5558 eum
1452 5500 1536 5560 inisse
1559 5503 1714 5576 Burdigala
1729 5518 1745 5562 a
1760 5505 1834 5565 duce
1849 5521 1926 5577 prae-

234 5565 346 5622 nomine
357 5566 557 5638 celebrisque
568 5581 582 5623 a
593 5567 861 5626 Calvinlanisdimta
871 5567 1057 5639 tandempris·
1097 5563 1216 5635 positum
1233 5568 1289 5638 juri
1308 5569 1438 5631 diceudo.
