4034 6152
174 290 243 346 1053
859 296 936 352 lll'lh
955 296 983 352 S.
1003 293 1180 350 notthflbt.
1789 287 1856 344 1054

172 415 313 485 planctum
326 416 467 475 invitaret.
487 419 712 490 Quandocumque
731 433 776 476 res
794 433 856 476 eum
871 417 1099 490 occupa-Arcti,
1116 422 1144 473 et
1162 415 1301 473 malebant
1315 429 1396 486 quam
1419 415 1493 471 bunc
1513 429 1640 486 regnare,
1655 415 1750 486 fasque
1763 415 1857 473 netas-

170 505 218 561 bat
238 505 396 572 mundialis,
417 511 514 578 utpote
529 507 666 580 exigebat,
686 513 714 566 et
738 509 823 579 exigit
846 509 873 565 ln
893 509 996 565 talibus
1036 521 1089 578 que
1104 505 1246 563 conlundi.
1271 505 1354 574 cujus
1377 503 1488 560 invidiae
1506 505 1607 577 adepto
1627 509 1750 575 tempore
1764 504 1855 560 vindi-

168 594 323 650 oeconomia
338 595 511 665 temporalia,
529 597 611 666 paulo
626 601 689 668 post
700 603 886 668 exoccupatus
898 599 995 654 aderat
1035 602 1080 652 cta
1096 596 1217 661 accensi,
1244 598 1380 664 quatenus
1399 607 1461 650 eum
1484 599 1614 663 separent
1636 609 1651 650 a
1674 593 1761 650 latere
1783 593 1856 663 regis

167 688 244 740 totus
258 684 285 739 in
301 683 412 740 divinis.
433 686 494 742 lior
513 686 616 742 lluebat
642 687 822 758 lacrymarum
837 687 991 755 inundatio,
1036 683 1178 740 firmantur
1196 684 1318 752 convoti,
1334 687 1365 739 ut
1376 683 1509 753 justitiam
1526 682 1641 740 ulterius
1656 697 1712 740 non
1726 680 1854 738 babendo

167 779 196 830 et
223 773 297 829 inter
324 773 459 844 lacrymas
487 775 607 832 dulciter
637 777 797 833 susurrabat
827 777 992 848 psalmorum
1035 763 1207 830 defensorem
1241 788 1354 845 regnum
1392 773 1540 842 amitteret,
1574 777 1602 828 et
1633 772 1765 842 iniquitas
1798 770 1856 826 suis

169 863 360 918 murmuratio.
1034 863 1201 935 quandoque
1233 862 1366 935 capienda
1399 861 1541 918 fraudibus
1573 861 1732 918 dominandi
1765 859 1855 916 locum

208 948 249 1006 19.
275 949 394 1007 11111111
417 951 445 1006 t'n
468 951 554 1023 efficto
579 951 680 1008 11111111.
699 981 736 993 -
759 953 810 1010 Ubi
829 968 939 1024 quoque
958 953 992 1010 ad
1034 953 1180 1022 reciperet.
1206 953 1262 1008 Nec
1286 957 1344 1008 crat
1368 965 1414 1007 res
1438 950 1583 1020 perardua,
1604 950 1668 1021 quia
1692 949 1857 1020 suppetebat

169 1037 291 1096 divinum
317 1037 436 1096 olllcium
456 1040 599 1108 introibat,
616 1053 712 1098 omnes
736 1043 919 1114 cogitationes
937 1057 992 1100 sse·
1034 1040 1121 1108 locus,
1141 1047 1260 1112 tempus,
1277 1054 1405 1112 persona.
1430 1040 1564 1111 Denique,
1581 1045 1611 1096 ut
1635 1037 1721 1106 aiunt,
1744 1039 1855 1109 regibus

168 1127 277 1184 cttlares
300 1143 381 1184 secus
405 1129 505 1184 ostium
530 1130 660 1186 introitus
676 1132 840 1201 reponebat,
856 1141 885 1189 et
899 1146 993 1189 secum
1034 1130 1099 1187 boni
1114 1145 1195 1203 quam
1212 1130 1275 1186 mali
1290 1129 1476 1200 suspectiores
1491 1135 1565 1187 sunt.
1581 1129 1629 1186 llis
1643 1143 1754 1200 quoque
1769 1129 1856 1186 virtus

168 1222 244 1274 totus
258 1223 356 1286 utpote
373 1225 438 1274 ante
453 1220 537 1275 ileum
552 1219 707 1276 incedebat.
728 1221 795 1277 hliis
810 1221 993 1292 psallentibus
1034 1219 1123 1275 aliena
1137 1234 1246 1290 semper
1260 1224 1302 1276 est
1315 1218 1505 1276 formidolosa.
1517 1219 1595 1288 Quod
1609 1219 1669 1275 viro
1684 1218 1732 1274 liei
1746 1217 1784 1274 lta
1795 1231 1856 1274 esse

167 1307 229 1377 lpse
244 1305 348 1372 tiebat;
374 1306 493 1363 dulciori
512 1309 583 1366 euim
600 1309 703 1366 musica
723 1310 881 1367 solvebatur
900 1312 928 1368 in
951 1311 994 1367 la·
1033 1308 1102 1364 nihil
1127 1308 1251 1366 constitit
1267 1309 1358 1365 verius
1382 1309 1441 1379 qui,
1457 1308 1516 1364 sine
1538 1308 1631 1379 jndice
1651 1307 1784 1379 dignitato
1808 1307 1856 1362 ho

167 1397 278 1468 erynnis,
294 1410 440 1466 perquam
461 1403 536 1454 totus
555 1399 710 1456 constabat.
727 1401 821 1456 Tantae
841 1402 913 1456 enlm
934 1410 994 1459 crat
1034 1400 1111 1455 noris
1124 1405 1232 1466 exutus,
1249 1398 1285 1455 ob
1300 1397 1463 1454 beneficium
1478 1397 1639 1468 reipublicae
1655 1395 1779 1454 exsilium
1792 1395 1858 1452 tulit

167 1482 324 1538 dulcedinis
347 1489 374 1539 et
398 1483 565 1543 dulcissimae
585 1486 614 1544 in
638 1489 723 1543 ileum
744 1487 910 1545 intentionis
924 1495 955 1546 ut
969 1491 991 1547 si
1034 1487 1129 1558 sicque
1144 1487 1215 1543 mala
1230 1501 1281 1559 pro
1296 1487 1378 1544 bonis
1392 1487 1507 1558 recepit.
1523 1489 1545 1544 0
1560 1487 1670 1544 morest
1687 1499 1703 1543 o
1719 1491 1853 1555 tempora,

168 1572 251 1629 etiam
274 1572 414 1644 regalibus
446 1575 571 1632 consiliis
597 1577 749 1644 assisteret,
779 1577 871 1634 audita
900 1579 992 1650 aliqua
1034 1591 1067 1634 ex
1082 1577 1408 1647 aureisutiquetictiliat
1430 1575 1483 1634 Sed
1500 1595 1514 1628 u
1530 1576 1665 1647 beatiqui
1680 1575 1854 1647 persecutio-

167 1660 287 1718 melodia
310 1661 388 1718 nullo
412 1663 495 1719 modo
518 1679 548 1721 se
568 1678 583 1721 a
606 1665 718 1723 ictibus
736 1671 912 1738 temperaret.
936 1669 993 1724 Nec
1034 1679 1096 1722 111111
1120 1667 1263 1738 patiuntur
1287 1672 1402 1738 propter
1422 1667 1566 1737 justitiam,
1586 1685 1600 1717 n
1625 1679 1675 1736 pro
1700 1679 1753 1735 qua
1776 1665 1854 1733 quasi

168 1749 278 1817 mirum,
295 1751 359 1820 quia
379 1750 497 1808 dulcedo
523 1753 630 1822 patriae,
650 1756 679 1811 iu
703 1769 756 1825 qua
781 1755 925 1823 dulcescit,
946 1755 1151 1816 cuiBmundus
1165 1755 1290 1812 exsilium
1310 1769 1366 1812 nou
1380 1761 1463 1823 esset,
1484 1754 1598 1812 alterius
1613 1754 1702 1810 exsilii
1717 1751 1853 1823 injudica-

166 1851 276 1908 semper
299 1839 456 1910 suspirabat
478 1843 616 1899 canticum
639 1857 751 1913 novum,
773 1844 825 1900 hac
844 1845 991 1902 dulcedine
1032 1849 1077 1902 tus
1091 1846 1200 1915 excepit
1214 1846 1388 1902 sententiam.
1400 1846 1460 1901 Non
1475 1849 1567 1901 tamen
1582 1845 1641 1900 sine
1654 1843 1772 1914 judicio,
1789 1841 1853 1912 quia

165 1926 291 1984 solvebat
305 1941 378 1984 eum.
1032 1932 1150 1990 iellciter
1163 1933 1349 1991 munerandus
1368 1933 1471 1991 divino.

203 2016 247 2072 20.
276 2020 310 2072 ln
327 2017 420 2074 itinere
437 2022 547 2076 seorsim
565 2020 671 2077 incedit.
697 2051 733 2062 -
761 2023 882 2093 Cumque
908 2025 990 2080 etiam
1066 2021 1389 2079 23.11111111111.-
1418 2022 1582 2079 Dissolvitur
1606 2022 1698 2092 itaque
1723 2019 1769 2076 illa
1788 2018 1853 2075 ielix

168 2115 219 2172 pro
238 2104 369 2162 Ecclesiae
393 2109 505 2179 negotio
528 2108 716 2178 itineraretur,
738 2111 812 2181 quod
837 2112 871 2167 ab
890 2113 990 2182 hujus·
1030 2111 1206 2181 germanitas,
1222 2125 1284 2181 quaa
1307 2112 1380 2167 sicut
1403 2109 1496 2182 aliqua
1510 2111 1686 2167 constellatio
1701 2109 1787 2166 totius
1806 2121 1853 2178 pa-

167 2192 243 2248 modi
264 2193 429 2264 ministerio,
447 2198 498 2253 etsi
521 2197 681 2269 aliquando,
702 2213 765 2255 raro
786 2205 875 2256 tamen
895 2215 990 2272 segre·
1031 2201 1090 2256 latii
1114 2201 1258 2258 videbatur
1281 2201 1402 2257 claritas.
1426 2201 1551 2257 Germani
1572 2204 1651 2257 erant
1670 2199 1804 2270 quinque,
1824 2201 1855 2252 ut

165 2283 226 2351 gari
250 2285 440 2353 consequitur,
457 2291 581 2342 secretus
603 2288 637 2342 ab
658 2288 786 2342 omnibus
801 2288 863 2344 aliis
883 2289 991 2360 gradis·
1031 2303 1098 2345 sexu
1113 2289 1275 2347 itadiscreti
1291 2294 1425 2356 1111111,
1442 2289 1490 2345 sed
1507 2289 1603 2345 eadem
1627 2287 1696 2346 uniti
1717 2286 1851 2343 bonitate.

165 2370 258 2427 batur.
277 2373 334 2427 Nec
350 2371 496 2429 deserebat
519 2375 645 2431 instituta
669 2375 783 2447 regulae,
808 2378 856 2433 sed
882 2378 991 2434 lletibus
1031 2379 1147 2434 Sanctus
1177 2378 1331 2434 ltdalardus
1363 2378 1479 2448 primurn
1513 2377 1604 2434 aetatis
1636 2383 1664 2433 et
1699 2374 1854 2431 sanctitatis

164 2457 281 2514 vacabat
293 2473 344 2530 pro
359 2459 488 2528 lectione,
505 2467 533 2519 et
547 2464 720 2522 orationibus
735 2479 786 2536 pro
801 2466 909 2536 reliquo
925 2481 991 2524 con·
1030 2468 1143 2524 tenebat
1156 2468 1290 2539 gradum;
1311 2473 1469 2539 postquem
1488 2467 1577 2536 Walo,
1593 2467 1713 2522 virorum
1729 2461 1852 2520 clarissi-

164 2550 296 2604 ventuum
330 2555 437 2606 tenore.
468 2553 660 2624 comitesqui
684 2555 837 2631 1111111111
863 2558 990 2612 consueti
1032 2571 1101 2624 mus,
1139 2557 1261 2622 ordinis,
1297 2557 1412 2627 justitiae
1450 2561 1478 2612 et
1514 2555 1653 2627 equitatis
1689 2554 1851 2610 haeredium.

167 2642 258 2700 erant,
274 2637 470 2706 praecedebant
483 2647 511 2698 et
525 2643 713 2713 sequebantur
726 2658 799 2712 eum,
816 2644 919 2702 salibus
933 2646 990 2702 suis
1030 2645 1134 2713 Quibus
1161 2653 1256 2702 sancta
1283 2643 1359 2715 virgo
1392 2644 1538 2701 Gundrada
1570 2645 1680 2702 haerens
1707 2657 1740 2699 ex
1767 2641 1852 2698 latere

167 2724 356 2796 intendendo;
378 2727 437 2798 ipse
457 2734 547 2787 autem
571 2730 693 2789 salebras
717 2733 826 2790 itineris
851 2734 990 2791 relevabat
1031 2734 1125 2804 dispar
1139 2734 1249 2804 quidem
1270 2737 1329 2789 erat
1347 2748 1425 2801 sexu,
1445 2732 1494 2790 sed
1510 2746 1565 2790 non
1585 2733 1680 2804 dispar
1693 2732 1851 2797 sanctitate,

167 2812 220 2870 Sibi
235 2814 455 2885 psalmodiando.
1031 2837 1093 2892 quae
1112 2821 1171 2878 sola
1194 2823 1268 2879 inter
1279 2835 1413 2879 venereos
1435 2820 1530 2892 palatii
1550 2821 1633 2878 liores
1649 2821 1739 2892 ignem
1754 2821 1853 2890 juven·

202 2902 248 2957 21.
267 2905 364 2960 Pacem
381 2906 449 2963 inter
463 2908 617 2966 dissidentes
631 2911 813 2982 resonent-
829 2912 990 2983 Ubicunque
1030 2912 1098 2967 tutis
1125 2913 1225 2968 meruit
1253 2912 1379 2968 evadere.
1410 2911 1520 2981 Reliqui
1548 2911 1603 2967 duo
1633 2909 1799 2966 bernharius
1824 2911 1852 2962 et

166 2992 353 3062 gradiebatur,
384 3010 436 3066 pax
459 3011 553 3056 secum
581 3000 774 3067 comitabatur,
800 3001 901 3058 bellum
927 3017 989 3059 oum
1030 3001 1213 3069 theodrada,
1234 3015 1306 3071 quae,
1325 3000 1434 3056 reddito
1448 2998 1540 3056 lructu
1554 2999 1670 3070 nuptiali
1689 3001 1752 3054 ante
1767 2994 1852 3066 pedes

166 3079 240 3137 bello
264 3081 394 3152 habebat,
420 3084 511 3143 loedus
534 3101 595 3144 cum
620 3103 687 3159 pace
712 3091 823 3146 inierat.
848 3091 915 3146 Cum
934 3077 1094 3162 quasslesu
1116 3091 1229 3146 verbum
1249 3090 1297 3145 Dei
1321 3088 1404 3160 elegit
1428 3088 1523 3144 audire
1547 3102 1609 3144 cum
1632 3088 1725 3143 llaria.
1741 3087 1774 3141 Et
1792 3084 1852 3154 ipsa

166 3167 231 3226 olim
265 3173 429 3242 perveniens
461 3177 655 3246 Beneventum,
685 3179 790 3235 invenit
824 3193 883 3236 eam
916 3194 991 3236 arma
1032 3179 1143 3251 quidem
1174 3177 1331 3235 suessionis
1364 3172 1611 3234 sanctimonialium
1644 3175 1715 3231 rexit
1743 3173 1850 3237 11111111

165 3260 316 3330 sumpsisse
342 3271 439 3320 contra
458 3266 610 3336 spoletum.
634 3269 664 3325 ln
689 3268 790 3339 qulbus
811 3275 888 3326 tanto
903 3277 990 3329 marte
1031 3267 1078 3324 ille
1105 3281 1170 3326 vero
1203 3267 1327 3325 Corbeiae
1359 3265 1462 3323 Christi
1492 3265 1673 3334 discipulatus
1705 3261 1852 3332 assumpsit

167 3348 374 3408 bacchabantur
387 3358 418 3408 ut
432 3355 524 3411 omnia
543 3369 592 3412 sna
606 3356 700 3424 armis,
717 3356 819 3428 praedis
834 3366 861 3414 et
876 3358 991 3415 dammis
1031 3355 1155 3413 iormam.

166 3437 396 3496 adnihilarentur.
417 3443 551 3499 Fervebat
569 3444 684 3502 Bellona
703 3445 732 3500 in
747 3447 868 3502 omnium
882 3459 989 3516 necem,
1066 3444 1111 3499 24.
1132 3443 1165 3498 lli
1185 3455 1251 3514 ergo
1281 3441 1374 3513 palatii
1402 3442 1485 3497 liores
1503 3455 1553 3512 per
1575 3440 1682 3496 diversa
1705 3438 1853 3494 mittuntur

166 3528 295 3584 omnibus
319 3529 464 3600 pulchrum
490 3532 635 3590 videbatur
659 3533 767 3603 perdita
792 3537 917 3605 recipere
940 3551 992 3607 per
1031 3535 1164 3592 insontes.
1202 3533 1319 3589 Sanctus
1350 3530 1503 3587 hdalardus
1534 3531 1569 3586 ad
1603 3531 1667 3585 lieri
1697 3527 1851 3600 Aquitaniae

166 3615 286 3674 medium
304 3618 423 3676 bostem.
444 3621 510 3677 llaec
529 3626 588 3678 erat
601 3634 729 3678 mensura
745 3622 811 3679 belli
832 3624 910 3694 prius
923 3624 991 3681 detl-
1031 3622 1128 3680 insulae
1147 3621 1264 3691 adeptus
1282 3619 1330 3676 Dei
1345 3619 1552 3689 dispensatione
1575 3617 1667 3676 locunt
1686 3631 1768 3688 quem
1786 3621 1850 3672 ante

165 3720 230 3762 cere
254 3720 335 3777 quam
354 3709 438 3766 vinci.
458 3711 579 3767 Tandem
593 3712 635 3767 vir
653 3711 701 3767 liei
726 3712 865 3768 intereos
884 3713 991 3770 medius
1031 3712 1173 3785 quaerebat
1186 3725 1237 3781 per
1250 3709 1351 3781 lugam.
1366 3709 1446 3766 Walo
1465 3709 1628 3780 providente
1648 3710 1703 3764 beo
1717 3705 1851 3777 recipitur

166 3794 335 3853 caduceator
358 3799 525 3868 deambulat,
541 3805 572 3856 ut
590 3801 715 3871 utrisque
739 3801 894 3858 consultum
914 3803 991 3874 pacis
1030 3802 1165 3868 corbeie,
1180 3806 1211 3856 ut
1229 3814 1292 3871 quae
1311 3799 1380 3855 111111
1399 3803 1426 3853 11
1445 3797 1544 3854 dolens
1562 3796 1685 3855 desolata
1703 3801 1763 3852 erat
1781 3793 1849 3851 tanti

166 3890 338 3954 expectorat.
360 3888 416 3944 Nee
439 3895 503 3944 ante
518 3888 628 3946 desistit
642 3902 724 3959 quam
743 3886 834 3946 ioedus
855 3892 929 3948 inter
942 3905 990 3948 eos
1030 3891 1119 3946 Patris
1150 3889 1336 3954 decessione,
1375 3887 1498 3958 ejusdcm
1531 3886 1624 3943 fratris
1660 3883 1852 3944 consolaretur

165 3975 404 4043 ttsqueadoseula
418 3977 548 4046 restituit,
561 3992 656 4049 pacem
669 3978 794 4047 partibus
809 3979 989 4052 redintegrat,
1030 3979 1184 4036 sanctitatis
1216 3984 1245 4034 et
1270 3976 1441 4047 prelationis
1468 3977 1655 4034 successione.
1686 3973 1851 4033 bernharius

167 4075 258 4120 mores
284 4074 311 4121 et
334 4066 404 4122 lines
428 4075 506 4125 certo
528 4068 614 4125 limite
638 4069 773 4138 antiquat.
800 4070 849 4126 llis
872 4085 939 4144 ergo
962 4077 991 4128 et
1030 4066 1527 4139 lirinomittitur;Theodradaquasi
1542 4063 1849 4139 reliquisinnocentior,

167 4152 305 4210 similibus
322 4154 475 4213 stederabat
494 4171 608 4228 regnum
627 4156 793 4214 indefessus.
1031 4173 1092 4217 cunt
1105 4171 1201 4215 omnes
1210 4159 1374 4214 innocentes
1388 4161 1490 4222 essent,
1502 4156 1659 4214 suessionis
1673 4153 1848 4225 relinquitur.

202 4240 248 4298 22.
270 4242 434 4314 uetustate
448 4245 532 4302 zelum
546 4245 689 4316 relegetur.
705 4277 742 4288 -
759 4245 814 4304 Sed
833 4263 867 4304 ea
885 4255 990 4320 tempe·
1032 4249 1148 4306 nictans
1176 4247 1304 4319 dirigitur
1331 4246 1487 4312 Gundrada,
1517 4246 1590 4316 apud
1618 4245 1727 4315 dignam
1755 4241 1849 4313 digna,

165 4335 236 4388 state
260 4331 317 4388 visa
340 4339 382 4392 est
407 4349 421 4390 e
450 4341 524 4392 terra
551 4336 659 4406 justitia
686 4337 814 4406 migrare.
844 4337 988 4395 Patiuntur
1030 4343 1153 4395 sanctam
1176 4336 1283 4393 scilicet
1310 4333 1506 4406 Radegundem
1524 4332 1696 4390 ancillatura.
1719 4333 1741 4388 0
1765 4328 1851 4386 corde

166 4421 298 4478 mortales
324 4423 435 4480 lucente
459 4424 518 4482 sole
541 4424 703 4496 deliquium,
727 4427 792 4495 quia
818 4427 891 4496 perit
913 4409 1086 4484 interlitam
1114 4425 1194 4494 uniti,
1224 4439 1273 4481 cur
1299 4425 1376 4481 orbis
1399 4423 1607 4494 intercapedine
1635 4427 1689 4478 tam
1717 4417 1852 4476 discreti?

166 4523 217 4566 eos
231 4510 310 4568 color
323 4517 352 4568 et
365 4513 451 4570 decus
465 4527 567 4570 rerum.
583 4515 642 4570 Lux
655 4514 776 4585 denique
790 4515 867 4572 orbis
876 4517 990 4574 Carolus
1031 4527 1101 4584 quos
1116 4516 1186 4570 Deus
1201 4513 1352 4584 conjunxit,
1365 4514 1447 4570 horno
1458 4527 1507 4569 cur
1517 4511 1670 4586 separavit?
1685 4510 1750 4566 llaec
1759 4511 1850 4563 autent

164 4598 327 4669 imperator,
348 4601 418 4658 111111
438 4604 573 4660 universae
592 4604 683 4660 carnis
701 4605 853 4673 ingressus,
876 4603 988 4674 deiecit,
1031 4603 1197 4674 proscriptio
1216 4616 1273 4659 non
1291 4602 1322 4658 lit
1341 4601 1436 4674 legalis
1452 4600 1597 4672 judicatio,
1618 4599 1666 4656 sed
1686 4597 1784 4654 lurtiva
1806 4609 1850 4652 re·

165 4687 308 4760 liliumque
332 4705 412 4747 suum
436 4693 603 4749 Lndovicum
627 4692 772 4750 moriendo
795 4694 988 4764 imperatorem
1030 4693 1108 4749 latio.
1137 4694 1211 4750 Loco
1239 4697 1331 4748 tamen
1358 4695 1480 4761 acceptae
1513 4688 1713 4747 benevolentiae
1740 4697 1849 4743 omnem

164 4777 279 4849 eliecit;
304 4781 352 4837 scd
368 4794 425 4837 non
449 4787 504 4838 tatu
524 4782 595 4839 bene
614 4782 739 4847 liliatum.
761 4781 833 4838 sicut
851 4783 990 4842 decuisset
1029 4780 1152 4839 excludit
1169 4781 1296 4852 injuriam
1316 4779 1524 4837 malevolentiae.

164 4866 322 4936 imperium.
347 4870 407 4925 Non
431 4872 504 4927 enim
527 4877 640 4928 secutus
663 4877 705 4928 est
727 4871 798 4928 viam
824 4875 919 4943 patris,
940 4876 988 4932 sed
1065 4873 1111 4928 25.
1136 4869 1260 4929 0111111111
1286 4869 1431 4940 legentibus
1461 4869 1518 4941 ipse
1547 4867 1631 4926 letne.
1660 4897 1695 4908 -
1726 4866 1848 4935 Cumque

164 4956 254 5011 sensit
273 4970 334 5014 cum
349 4959 472 5016 Roboam
493 4960 550 5018 lilio
568 4961 732 5018 Salomonis.
758 4961 897 5033 Quidquid
911 4971 989 5033 pater
1029 4962 1109 5020 simul
1129 4961 1365 5033 egrederenture
1394 4958 1506 5030 palatio,
1540 4957 1667 5030 procedit
1696 4953 1850 5012 hdalardus

164 5051 315 5113 amaverat,
330 5047 396 5105 odio
416 5049 518 5119 habet;
539 5051 674 5122 quidquid
697 5051 738 5107 illi
765 5051 915 5122 placuerat,
935 5053 988 5110 sibi
1030 5051 1107 5121 quod
1120 5050 1220 5122 dignus
1234 5047 1316 5106 inerit
1334 5049 1527 5107 contumeliam
1541 5049 1598 5119 pati
1617 5042 1848 5118 gratiasagendo,

164 5133 304 5204 displicet.
334 5137 520 5197 Removentur
548 5141 655 5210 paterni
685 5140 870 5209 consultores,
890 5143 988 5201 admo-
1029 5139 1129 5196 iratres
1160 5144 1189 5196 et
1219 5138 1542 5209 sorores‘laorymantes
1578 5136 1682 5194 osculis
1704 5132 1845 5198 leniendo,

165 5227 265 5279 ventur
279 5226 342 5282 novi
358 5234 387 5283 et
406 5228 527 5298 priorum
542 5241 648 5286 osores.
667 5230 788 5297 Quorum
804 5241 908 5286 annosa
923 5245 987 5300 per·
1029 5227 1302 5289 1111111111111111111111
1318 5251 1328 5284 t
1344 5228 1444 5284 mentis
1465 5225 1669 5297 persuadendo,
1686 5223 1849 5295 proceribus

163 5311 281 5369 versitas
295 5315 387 5372 statim
406 5315 501 5372 felices
516 5331 576 5374 esse
591 5331 636 5373 res
655 5317 780 5388 publicas
795 5318 937 5389 ingemuit,
954 5333 987 5376 eo
1029 5319 1122 5391 palatii
1145 5318 1254 5389 exemp*
1297 5317 1424 5373 virtutum
1451 5315 1618 5384 exhibendo,
1635 5327 1718 5385 porro
1733 5311 1848 5369 mirabi-

164 5401 274 5458 scilicet
289 5405 354 5472 quia
366 5406 443 5474 juxta
458 5405 598 5463 Platonem
612 5411 737 5464 rectores
750 5421 844 5464 earum
859 5408 986 5479 amplecti
1028 5409 1080 5466 lem
1096 5409 1196 5464 mentis
1209 5422 1267 5464 sose
1281 5406 1462 5464 constatttiam
1477 5405 1605 5462 omnibus
1619 5402 1845 5461 demonstrando.

163 5490 329 5558 sapientiam
348 5493 427 5551 vidit.
451 5495 535 5551 lirant
553 5501 644 5552 autem
664 5495 704 5551 illi
728 5497 776 5566 qui
791 5498 850 5553 viro
873 5499 920 5554 liei
940 5512 986 5555 sa·
1027 5497 1219 5568 Sequebantur
1245 5495 1318 5552 1111111
1345 5507 1407 5551 eum
1436 5493 1548 5564 plures,
1582 5493 1646 5564 quia
1677 5491 1759 5549 aliter
1789 5503 1845 5547 non

164 5577 271 5652 pientia
285 5586 317 5640 et
335 5581 441 5640 honore
464 5585 595 5656 ampliato
618 5583 776 5642 invidebant
794 5591 919 5657 tempore
937 5588 987 5644 Ga·
1027 5587 1166 5655 poterant,
1187 5585 1213 5641 ld
1233 5584 1286 5640 sibi
1306 5581 1453 5654 displicere
1477 5581 1605 5654 lacrymis
1628 5587 1656 5638 et
1679 5581 1847 5642 contritione
