4024 6174
258 315 311 373 tce
822 306 959 364 tuendis
976 305 1215 364 Flstsdltbltsts
1231 305 1378 390 tuberis.
1886 304 1943 362 461)

466 436 564 494 Paclm.
585 436 704 492 Laudato
719 433 872 489 bominum.
1086 429 1210 492 bdouec
1224 428 1330 486 reniam
1347 429 1381 485 ad
1396 433 1434 496 te,
1450 440 1661 498 proemiorum,
1677 427 1725 486 ubi
1748 440 1805 486 nou
1828 435 1872 486 est
1893 443 1941 486 ar·

290 533 311 588 1.
332 525 463 595 Beusdlc,
482 527 573 583 anima
587 537 658 592 mea,
673 521 798 588 Domino,
819 525 869 577 eto.
889 520 1000 588 11331311,
1015 518 1076 576 lei
1117 533 1177 586 cus,
1193 523 1311 586 scutum,
1326 517 1434 590 gladius
1451 522 1478 574 ot
1492 516 1613 574 bellum:
1635 515 1684 574 sed
1712 523 1755 574 est
1781 531 1886 575 summa
1915 525 1943 574 et

253 622 354 687 bonor,
370 619 457 674 virtus
475 619 503 673 31
518 614 651 672 tortitudo
665 615 722 668 beo
742 617 837 668 nostro
851 611 880 668 lu
899 609 1001 668 333313
1023 623 1076 666 313-
1118 611 1193 663 certa
1208 608 1352 674 securitas,
1368 613 1396 663 et
1414 621 1511 664 secura
1531 604 1726 676 tranquillitas,
1750 611 1779 663 et
1793 606 1942 678 tranquilla

253 710 388 767 culorum.
404 709 499 764 tmen.
1117 696 1261 764 securitas,
1277 701 1305 754 31
1320 695 1443 766 iucunda
1461 695 1588 765 felicitas,
1604 701 1632 752 et
1654 694 1719 754 felix
1738 696 1889 764 aeteruitas,
1914 702 1942 754 et

506 794 820 851 11133111331133333.
1119 789 1223 841 aterna
1237 784 1390 852 beatitudo,
1411 789 1443 840 et
1463 785 1543 840 beata
1566 785 1606 842 tui
1629 783 1698 842 risio
1722 789 1750 842 31
1772 783 1893 842 laudatio
1913 785 1941 840 iu

289 887 413 946 Ardentis
429 880 706 954 1133113311,3111113113
729 881 817 938 unium
838 877 923 935 solnm
946 877 1075 936 Clrletcm
1117 873 1218 930 sceculu
1232 873 1407 930 surculorum.
1422 875 1517 930 buron.

196 997 200 1004 ·
251 979 335 1053 possit
352 990 452 1042 amore,
478 967 795 1044 33131333331133133
819 981 1017 1023 3313133313
1039 966 1076 1022 ri-
1152 964 1184 1018 V.
1219 964 1266 1018 Vir
1291 962 1489 1029 desideriorum,
1517 968 1542 1018 et
1570 960 1710 1018 3313311313
1738 961 1941 1034 contemplator,

254 1065 307 1124 mul
320 1067 347 1122 in
360 1079 412 1120 uno
430 1063 537 1133 eupiunt
551 1065 667 1132 pectore,
686 1059 754 1114 31331
772 1056 897 1129 scriptum
912 1060 969 1112 ertr
989 1057 1074 1112 Nemo
1113 1052 1255 1122 prasentia
1267 1052 1415 1123 1331111333,
1430 1053 1520 1123 tuturo
1539 1052 1692 1110 desiderans
1709 1053 1787 1122 3311111
1805 1067 1840 1108 eo
1857 1052 1940 1124 funde

254 1159 345 1226 potest
359 1151 468 1209 duobus
481 1149 602 1206 dominis
615 1148 728 1204 servire.
1115 1140 1213 1207 cordis,
1229 1145 1254 1196 et
1267 1140 1389 1213 implorat
1404 1141 1528 1212 quotidie,
1544 1139 1634 1196 dotem
1647 1157 1676 1196 ee
1688 1139 1726 1196 ibi
1743 1156 1795 1198 non
1817 1156 1876 1198 3333
1896 1141 1940 1197 ubi

407 1239 506 1297 Psclm.
522 1238 640 1295 lubilate
656 1239 711 1294 boo
727 1235 816 1292 omnis
834 1241 917 1291 terra.
1115 1228 1236 1284 dilectum
1263 1244 1339 1286 ecum
1361 1228 1478 1286 13331313
1504 1230 1575 1300 tocie
1601 1234 1732 1288 3131331113
1758 1229 1846 1286 ridere
1872 1231 1940 1288 elcut

286 1335 351 1391 lesu
374 1335 469 1389 nostra
493 1326 667 1398 redemptio,
697 1330 759 1392 etc,
785 1324 889 1392 desinit,
909 1323 1073 1395 impetrante
1113 1318 1237 1390 scriptum
1251 1319 1315 1374 eal?
1329 1320 1415 1390 cupio
1430 1319 1555 1388 dissolvi,
1570 1323 1597 1375 et
1611 1334 1671 1376 esse
1686 1334 1749 1376 cum
1762 1320 1883 1376 Christo.

249 1423 371 1497 gloriosa
398 1419 536 1477 Genitrice
565 1423 611 1472 tua
630 1415 743 1473 Domina
766 1428 826 1470 mea
854 1427 915 1470 cum
945 1412 1074 1470 omuibus
1339 1407 1438 1463 l‘sclm.
1453 1407 1572 1464 lubilate
1587 1408 1713 1464 Domino.

249 1512 367 1570 Sanctis.
382 1514 479 1566 Amen.
1149 1494 1256 1552 Christe
1276 1497 1399 1563 bomine,
1429 1497 1516 1553 virtus
1543 1503 1571 1552 et
1598 1497 1732 1566 sapientia
1762 1498 1860 1564 Patris,
1890 1499 1937 1568 qui

284 1604 331 1658 lll.
347 1601 398 1656 Hic
414 1598 552 1672 peccatrix
566 1596 655 1652 331133
667 1594 744 1664 penit
759 1591 835 1648 nimis
849 1597 874 1648 et
889 1591 967 1658 dolet,
984 1592 1072 1647 cidem
1114 1583 1195 1653 33313
1209 1585 1310 1640 nubem
1324 1597 1467 1642 ascensum
1481 1586 1857 1657 133333313313313333333
1871 1601 1937 1658 peu·

249 1697 346 1748 terram
359 1689 416 1744 sine
437 1701 517 1758 3333,
533 1688 558 1739 31
578 1683 676 1740 idcirco
688 1697 746 1754 prce
757 1681 886 1736 desiderio
898 1679 1072 1751 lccpmcrnm
1114 1686 1163 1729 nas
1178 1679 1332 1742 ventorum,
1349 1676 1395 1746 qui
1410 1673 1672 1746 iacisangelostuos
1685 1676 1809 1745 spiritus,
1821 1677 1939 1733 3113131-

249 1779 356 1836 devotas
367 1791 458 1850 preces
471 1773 603 1847 13311131
616 1773 765 1828 Dominum.
1078 1763 1102 1820 Β
1113 1767 1187 1819 siros
1198 1767 1262 1819 tuos
1271 1763 1362 1835 ignem
1373 1771 1508 1821 urentem:
1519 1765 1635 1821 obsecro
1646 1766 1674 1820 31
1683 1763 1847 1836 suppliciter
1856 1779 1934 1836 rogo,

480 1861 579 1920 Psolrn.
593 1859 839 1929 Quemadmodum.
1114 1851 1148 1908 da
1163 1857 1293 1922 perpetes
1307 1867 1413 1923 pennas
1431 1853 1506 1920 tidei,
1526 1854 1561 1910 da
1584 1853 1689 1910 celeres
1711 1854 1769 1910 alas
1792 1856 1933 1922 virtutum,

284 1955 393 2015 Christe
408 1953 532 2020 bomine,
547 1950 661 2006 verbum
681 1949 780 2014 Patris,
800 1951 861 2012 etc,
878 1946 982 2014 11331311,
1006 1960 1072 2016 pre·
1113 1943 1214 2015 quibus
1228 1947 1338 1999 erectus
1361 1950 1464 1999 aeterna
1488 1949 1516 2000 et
1534 1943 1657 2000 coelestia
1681 1944 1784 2001 valeam
1807 1951 1935 2002 contem-

250 2045 330 2104 cibus
344 2049 372 2102 et
386 2042 491 2100 meritis
506 2040 627 2097 omnium
641 2045 811 2095 sanctorum.
1113 2029 1192 2102 plari.
1209 2031 1365 2102 ddbaereat,
1384 2047 1490 2104 quaeso,
1507 2034 1597 2090 anima
1615 2047 1675 2090 mea
1689 2041 1752 2104 post
1770 2039 1808 2102 te,
1834 2040 1861 2090 et
1886 2051 1936 2091 su·

287 2136 331 2191 lv.
347 2134 399 2190 llic
413 2135 485 2204 optet
508 2130 604 2186 ardore
628 2127 706 2183 nimio
734 2140 806 2180 mens
827 2124 883 2196 pic,
907 2127 932 2178 et
955 2123 1072 2178 delorem
1112 2117 1212 2191 scipiat
1226 2136 1269 2178 me
1284 2122 1397 2178 dextera
1411 2133 1477 2192 tua;
1492 2122 1619 2179 sustollat
1641 2137 1685 2179 me
1708 2137 1792 2194 super
1809 2123 1936 2181 altitudi-

251 2211 362 2283 omnium
391 2223 516 2279 13333331
542 2221 625 2276 Deum
650 2215 780 2272 lumiliter
807 2218 883 2284 13331
910 2217 948 2280 31,
978 2212 1072 2268 dicium
1112 2224 1174 2267 uem
1189 2216 1282 2280 terrae,
1299 2221 1327 2268 et
1341 2213 1416 2269 cibet
1429 2227 1472 2268 me
1491 2212 1538 2268 illa
1561 2212 1667 2270 coelesti
1689 2213 1863 2284 baereditate,
1890 2217 1934 2272 cui

248 2316 342 2386 pretim
354 2311 422 2384 13113
433 2309 570 2382 presidio,
590 2309 638 2362 133
651 2309 800 2362 constanter
814 2302 987 2375 3331333331
1002 2302 1071 2372 quod
1111 2301 1231 2371 suspirat
1245 2301 1430 2374 peregrinatio
1447 2316 1506 2358 3133
1520 2307 1602 2360 33313
1616 2317 1649 2359 ac
1661 2303 1717 2359 die.
1735 2304 1769 2360 Et
1787 2304 1852 2374 quia
1872 2319 1933 2362 mo·

246 2402 388 2477 Apostolus
414 2400 545 2472 precipit,
575 2397 682 2453 1113333.Ι
712 2395 739 2452 si
768 2393 980 2450 consurrexistis
1008 2405 1071 2448 cum
1111 2389 1229 2446 ribunda
1243 2391 1365 2447 membra
1380 2391 1501 2462 vigorem
1516 2391 1614 2448 uuimae
1628 2391 1771 2462 hebetant,

246 2491 368 2559 Christo,
384 2504 446 2560 quae
460 2491 645 2546 sursumsunt
668 2484 794 2554 querite,
815 2481 862 2539 ubi
881 2481 1006 2538 Christus
1028 2484 1070 2536 est
1146 2481 1373 2536 3333313333
1391 2479 1499 2537 33113133
1513 2485 1538 2537 31
1550 2482 1668 2554 pondera
1682 2481 1757 2538 omlis
1766 2502 1776 2549 ,-

246 2583 274 2639 iu
291 2583 404 2639 dextera
419 2579 467 2635 boi
482 2577 601 2642 sedeus;
618 2588 680 2646 quae
692 2585 800 2630 sursum
818 2577 883 2629 suut
899 2572 997 2640 sapite,
1014 2583 1069 2629 333
1145 2571 1217 2628 Siste
1230 2585 1324 2640 copam
1338 2575 1446 2626 ruentem
1456 2586 1506 2642 per
1519 2571 1688 2628 1331333113
1702 2578 1828 2630 ruerrlcm.

246 2685 308 2744 quae
323 2673 534 2741 superterram.
1109 2660 1147 2714 lla
1162 2659 1302 2717 ooelestern
1320 2661 1406 2716 menti
1425 2659 1612 2718 conscendere
1631 2661 1737 2729 sedem,
1761 2667 1792 2720 ut
1809 2677 1932 2734 superno

488 2752 589 2812 Psalm.
608 2756 693 2821 Quam
708 2751 826 2808 dilecta!
1109 2748 1212 2806 lumine
1227 2749 1367 2818 irradiata,
1388 2755 1489 2807 terram
1512 2750 1656 2823 despiciat,
1681 2751 1780 2808 coelum
1803 2754 1930 2824 aspiciat,

279 2853 344 2907 lesu
373 2847 498 2913 Domine,
531 2847 596 2902 lesu
624 2843 679 2912 pie,
709 2841 756 2911 qui
784 2841 854 2897 morl
882 2839 1010 2910 diguatus
1037 2854 1068 2896 es
1109 2847 1222 2910 peccata
1237 2839 1323 2908 odiat,
1336 2841 1470 2910 justitiam
1484 2839 1591 2912 diligat.
1606 2841 1675 2909 Quid
1699 2843 1773 2898 euim
1788 2843 1931 2912 pulchrius

245 2928 926 3015 313331333313333113,313.3313113133
944 2929 1066 2985 modnmr
1108 2929 1208 3000 quidve
1241 2929 1350 2986 dulcius
1381 2943 1462 3001 quam
1494 2930 1567 2986 inter
1602 2930 1730 2986 tenebras
1757 2931 1840 3002 buius
1867 2935 1930 2992 titae

245 3031 277 3086 lu
293 3041 360 3099 paee
375 3027 404 3083 lu
423 3025 451 3081 id
470 3025 560 3095 ipsum
584 3020 717 3077 dormiam
739 3025 766 3075 et
791 3017 973 3088 requiescam.
996 3019 1068 3075 bor·
1108 3017 1262 3089 multasque
1281 3018 1478 3075 amaritudines
1491 3018 1591 3076 divinae
1605 3019 1744 3076 dulcedini
1764 3021 1883 3090 iulriare,
1903 3028 1930 3080 et

248 3117 325 3182 mlat,
341 3116 469 3180 obsecro,
488 3113 560 3168 beus
575 3123 662 3176 meus,
677 3108 797 3164 dormiat
811 3108 942 3164 memoria
956 3121 1016 3164 mea
1034 3085 1221 3166 abflaetcrnae
1235 3108 1399 3166 beatitudini
1417 3109 1575 3179 suspirare:
1600 3108 1712 3180 illicque
1735 3113 1825 3168 teneri
1849 3127 1929 3170 meu-

249 3205 458 3274 omnibusque
481 3200 533 3256 3311
557 3198 628 3256 coelo
651 3203 724 3265 suut,
749 3195 864 3268 vigilans
886 3196 915 3252 iu
934 3201 971 3264 te,
997 3196 1069 3254 siout
1109 3203 1164 3254 tem
1192 3198 1239 3254 ubi
1266 3197 1361 3254 baberi
1386 3213 1450 3254 vera
1472 3198 1571 3270 gaudia
1594 3201 1778 3258 certissimum
1801 3208 1853 3272 est,
1878 3208 1927 3258 etc.

248 3296 456 3366 scriptumest:
477 3293 534 3360 1133
554 3287 664 3356 demde,
684 3291 710 3344 et
731 3301 777 3342 cor
800 3301 883 3343 meum
903 3285 1003 3355 ciptlut.
1027 3286 1068 3343 Sit
1108 3287 1227 3342 Desinit:
1244 3289 1314 3344 Ecce
1329 3287 1403 3358 quod
1418 3287 1631 3360 concupirijam
1650 3288 1740 3357 video,
1765 3291 1841 3360 quod
1862 3305 1928 3362 spc-

248 3389 317 3454 tuta,
332 3384 369 3440 sit
386 3393 497 3451 semper
510 3391 607 3436 secura
621 3375 672 3432 sub
695 3374 795 3445 pennis
812 3374 994 3444 protectionis
1013 3381 1068 3431 tuae
1109 3376 1165 3432 ravi
1177 3378 1233 3448 jam
1248 3383 1340 3442 teneo,
1356 3376 1430 3446 quod
1444 3375 1598 3434 desiderari
1609 3378 1665 3450 jam
1684 3378 1791 3434 babeo:
1810 3377 1851 3435 illi
1873 3382 1929 3450 jam

246 3473 337 3531 anima
356 3485 426 3540 met,
450 3471 522 3526 lleus
543 3481 631 3524 meus.
651 3466 757 3522 1133331
778 3464 808 3520 13
831 3469 868 3531 13,
894 3470 922 3519 31
944 3463 1068 3521 foveatur
1108 3465 1136 3520 in
1151 3464 1229 3522 coelis
1245 3467 1359 3535 junctus
1376 3479 1447 3534 sum,
1467 3479 1549 3536 quem
1571 3466 1599 3522 in
1629 3466 1710 3523 terris
1735 3467 1843 3537 positus
1870 3475 1928 3526 tota

244 3577 354 3636 semper
367 3577 384 3619 3
398 3566 436 3618 13.
452 3555 659 3628 contempletur
673 3559 701 3612 te
724 3554 866 3610 iumentis
889 3567 1013 3622 excessu,
1039 3559 1067 3612 et
1107 3553 1208 3611 virtute
1236 3552 1331 3622 dilexi,
1359 3559 1418 3612 tota
1433 3555 1579 3612 “charitate
1602 3555 1743 3626 amplexus
1770 3571 1842 3622 sum,
1869 3563 1928 3616 1313

243 3658 336 3713 cantet
350 3651 446 3708 laudes
459 3655 520 3706 tuas
534 3649 563 3704 iu
579 3644 755 3718 jubilatione,
771 3647 799 3700 et
813 3642 873 3700 baec
887 3642 979 3700 dulcia
993 3642 1066 3700 dona
1106 3655 1199 3700 amore
1214 3643 1322 3700 inbaesi.
1336 3644 1428 3714 lpsum
1446 3643 1540 3712 laudo,
1564 3644 1700 3702 benedico
1722 3652 1805 3716 atque
1828 3647 1926 3716 adoro,

242 3751 289 3803 tua
302 3743 358 3802 sint
372 3743 446 3800 luter
468 3739 521 3796 bos
536 3736 662 3794 turbines
682 3732 835 3792 consolatio
858 3747 928 3790 mea.
953 3733 1065 3791 iuterim
1107 3732 1154 3802 qui
1168 3729 1235 3788 ririt
1248 3737 1277 3789 et
1290 3735 1387 3803 regnat
1400 3731 1429 3789 iu
1443 3732 1557 3800 soecula,
1572 3734 1748 3792 serculorum.
1763 3737 1860 3794 tmen.

241 3887 1450 3919 W*

812 4003 1111 4120 bibituris
1153 4001 1358 4118 Attuli

846 4205 893 4270 Do
909 4203 1017 4270 divine
1033 4202 1314 4290 contemplatione.

557 4459 623 4504 runs
645 4459 738 4502 33331.
1067 4439 1243 4512 Diuspector
1261 4447 1289 4498 et
1302 4445 1450 4512 seruumr,
1465 4441 1608 4502 couiessus
1620 4457 1680 4502 sum
1695 4441 1921 4513 omnipotentiam

271 4542 309 4597 br
321 4538 457 4597 1131311313
472 4537 570 4604 Putris,
587 4542 611 4593 rt
625 4534 698 4602 Filii,
713 4540 739 4591 et
752 4534 868 4606 Spiritus
882 4533 976 4590 133311.
1100 4530 1251 4600 majestatis
1265 4535 1330 4601 tuce,
1351 4537 1401 4590 elo.

270 4629 374 4686 Adesto
389 4625 466 4694 mibi,
483 4639 577 4682 rerum
596 4625 723 4691 lumen..
748 4635 819 4680 unus
838 4623 910 4680 lieus
933 4620 1058 4692 omnipo·
1134 4621 1251 4678 1133111111
1268 4622 1320 4678 Ubi
1335 4625 1378 4679 est
1392 4621 1453 4678 dies
1466 4627 1588 4680 eternus
1602 4627 1630 4680 et
1644 4635 1716 4680 3333
1728 4621 1854 4680 omnium
1868 4621 1922 4692 spi·

234 4726 306 4777 tens.
322 4720 358 4775 Te
385 4718 484 4774 invoco
508 4716 537 4771 in
561 4714 678 4770 animam
703 4727 808 4768 meam:
824 4712 913 4780 intra,
929 4722 1007 4782 rogo,
1028 4709 1057 4766 in
1098 4709 1178 4778 ritus,
1194 4710 1242 4767 ubi
1261 4717 1291 4768 tu
1306 4725 1368 4768 cum
1382 4711 1442 4781 illo,
1456 4718 1484 4769 et
1497 4712 1546 4770 ille
1559 4717 1651 4770 tecum
1674 4712 1703 4768 iu
1726 4713 1920 4768 communione

234 4822 304 4877 eam,
320 4812 348 4865 et
362 4810 461 4877 coapta
475 4817 535 4862 eam
550 4802 612 4870 tibi,
632 4805 663 4860 ut
677 4801 820 4872 possideas
837 4800 912 4857 illam
926 4799 986 4856 sine
1000 4812 1057 4855 ma·
1097 4799 1216 4870 Spiritus
1229 4801 1318 4858 sancti
1334 4802 1503 4862 eternaliter
1520 4803 1599 4872 vitis,
1615 4807 1665 4862 etc.

234 4897 295 4953 31113
314 4901 342 4952 31
355 4896 415 4952 3133
430 4908 506 4966 ruga.
1411 4907 1479 4950 reus
1496 4908 1602 4950 murra.

268 4986 387 5042 Desinit:
403 4985 459 5041 Neo
474 4997 554 5039 casus
566 4981 646 5038 tinem
662 4979 758 5048 dabit;
784 4977 831 5036 sed
855 4983 919 5034 ante
940 4977 1051 5045 sarcula,
1131 4981 1165 5034 ln
1182 4994 1235 5050 qun
1248 4994 1320 5036 mene
1338 4980 1432 5039 133313
1454 4983 1533 5038 nimio
1556 4997 1645 5040 umore
1667 4984 1797 5054 11331333,
1817 4983 1919 5042 Christo

233 5081 262 5131 et
278 5076 307 5130 iu
322 5073 441 5141 saeculis,
458 5077 486 5127 et
500 5085 549 5142 per
561 5069 662 5128 saecula
677 5070 704 5124 in
721 5074 853 5126 aeternum
868 5067 954 5135 viris;
970 5072 998 5123 31
1012 5070 1055 5122 est
1094 5067 1215 5136 13111333,
1245 5070 1346 5128 Uiriato
1373 5073 1529 5143 suspirem,
1556 5072 1703 5140 0111131313,
1733 5088 1809 5146 prtem
1835 5073 1919 5130 colem

231 5163 281 5220 tibi
297 5163 428 5234 perennis
446 5160 506 5217 laus
525 5163 552 5216 et
568 5165 670 5216 eterna
684 5157 782 5229 gloria,
798 5162 846 5215 etc.
1094 5163 1175 5226 31331,
1189 5159 1276 5216 ridere
1291 5159 1454 5228 1331131333,
1478 5161 1543 5218 clii
1566 5161 1641 5220 dulce
1656 5162 1733 5220 mle
1751 5164 1919 5233 3131333333

532 5263 599 5305 runs
618 5263 750 5304 3333331.
1093 5247 1204 5317 3111333,
1218 5247 1382 5318 3131133333,
1403 5254 1533 5308 13331331
1556 5251 1697 5323 quiescere,
1721 5251 1830 5308 diceus.¹
1853 5253 1919 5320 Qus
1985 5279 1986 5284 ¹

230 5345 268 5398 lle
293 5343 453 5399 trumonitcte
480 5339 586 5396 Domini
607 5337 691 5395 nostrl
717 5338 781 5393 lem
804 5335 910 5403 Christi,
935 5335 980 5404 qni
1003 5348 1051 5389 noe
1092 5334 1615 5410 1133113111ιί333333313313313131133,
1635 5340 1791 5410 3111313133,
1818 5347 1848 5400 et
1872 5355 1918 5400 re·

418 5429 526 5487 redemit
543 5429 627 5501 pretio
642 5427 779 5497 3333311113
792 5426 843 5482 sci.
1092 5424 1242 5496 quiescam.

436 5518 535 5576 Psctm.
551 5519 664 5574 tlantate
678 5515 794 5574 bomine
809 5513 835 5570 2.
1127 5515 1196 5584 Spes
1209 5528 1278 5584 mea,
1294 5516 1402 5575 christe
1414 5520 1487 5576 beru
1489 5556 1543 5576 .....
1564 5521 1601 5578 To
1620 5519 1766 5592 deprecor,
1786 5523 1914 5594 supplico

262 5612 322 5667 ltuc
342 5621 438 5679 usque,
454 5608 630 5679 omnipotens
644 5609 725 5673 brus,
745 5604 874 5672 Trinitas,
891 5603 1049 5662 cordismei
1091 5607 1118 5660 et
1138 5615 1216 5674 rogo,
1237 5609 1267 5662 31
1281 5612 1310 5664 13
1323 5614 1443 5676 1331333,
1460 5613 1487 5666 13
1506 5609 1587 5678 duce,
1602 5614 1694 5679 perte
1716 5611 1856 5668 3311131313
1880 5611 1912 5666 ad
1982 5647 1983 5660 ,
