4108 6164
684 579 1248 719 THEODORICI

767 793 1163 888 COMMENTARIO

421 986 504 1129 IN
543 987 1014 1142 ottilonem
1043 1000 1508 1161 nominitant

127 1207 237 1272 Prodit
247 1227 337 1274 neoc
347 1209 499 1293 primum
515 1213 550 1277 ia
568 1213 671 1280 locem
681 1235 720 1280 es
729 1217 799 1282 cod.
812 1238 872 1284 aas.
887 1219 1020 1304 inclytos
1034 1228 1182 1293 cononice
1191 1231 1506 1328 Oleastro-Necdum

1508 1249 1803 1342 evtaisiarioetcio,

167 1296 235 1363 ord.
252 1299 334 1366 Coo.
348 1299 425 1383 liop.
444 1299 481 1368 S.
503 1301 592 1388 Aop.
611 1305 808 1388 operaenim.
823 1308 863 1375 Il.
875 1309 919 1374 D.
932 1310 1079 1396 Eopeaii
1090 1318 1327 1402 Pprcbtbooer,
1350 1327 1494 1410 ejusdcm
1515 1337 1580 1404 loci
1600 1348 1754 1414 cononici
1777 1360 1807 1414 et

165 1383 415 1455 bibliothecarii.

712 1479 785 1554 (Pnz,
802 1481 1046 1548 dissuasisset.
1062 1491 1096 1562 ll,
1112 1508 1142 1563 ιι,
1158 1495 1217 1568 57.)

126 1661 284 1750 Scriptum
304 1665 509 1750 Theoderici,
533 1669 831 1740 Paterbrnnnensis
858 1678 1005 1746 canonici
1032 1681 1072 1748 de
1096 1684 1250 1757 Oratione
1265 1691 1442 1779 Dominiea,
1460 1701 1545 1785 quod
1563 1703 1603 1770 ob
1617 1714 1806 1781 memoriam

162 1753 509 1913 intimabgigetnerabiiis
524 1760 678 1846 episcopi,
697 1761 852 1832 instinctu
866 1770 1040 1836 reverendi
1056 1777 1237 1848 sacerdotis
1252 1782 1433 1868 Reinboldi,
1452 1809 1512 1874 per
1529 1796 1671 1879 gratiam
1687 1799 1720 1866 S.
1734 1801 1807 1890 Spi.

162 1863 189 1908 m
204 1864 279 1918 use
336 1866 373 1910 1.

862 1947 1059 1967 -Q

392 2053 500 2110 CAPUT
519 2054 659 2112 PRIMUM·
949 2032 977 2090 Α
986 2023 1162 2094 participanti
1173 2042 1224 2098 pro
1234 2034 1389 2092 reverentia
1403 2039 1593 2101 excellentiori
1609 2047 1808 2110 attribuuntur.

121 2162 156 2218 De
213 2164 241 2178 ..
318 2135 346 2178 ,Ι
713 2171 718 2186 ,
788 2173 793 2184 Ι
879 2173 884 2186 ι
988 2111 1059 2212 Deos
1073 2115 1146 2172 enim
1162 2121 1216 2174 tam
1235 2121 1302 2191 veri,
1319 2129 1347 2179 et
1360 2124 1389 2180 in
1403 2139 1500 2186 omnes
1518 2131 1611 2190 divitis
1629 2143 1658 2194 et
1681 2141 1811 2211 omnipo·

167 2167 409 2240 immmistm‘l*
432 2170 541 2226 “Pam
560 2175 658 2239 'wilei’
674 2185 717 2244 iii
737 2185 764 2228 ⁶⁸
783 2187 811 2228 ²¹¹
824 2170 945 2231 mibi
990 2204 1083 2270 tentis,
1103 2218 1185 2274 quam
1208 2205 1269 2265 laist
1298 2216 1326 2266 et
1344 2213 1435 2284 egeni,
1451 2225 1479 2272 ει
1497 2218 1812 2290 impotentissimulaerl

152 2279 261 2338 Patrem
276 2283 473 2343 misericordie
489 2291 613 2344 nostrum
631 2301 692 2344 esse
707 2292 813 2360 patrem
827 2304 889 2346 cum
899 2303 946 2346 ra·
988 2300 1089 2347 nomen
1103 2298 1155 2350 ost·
1176 2295 1230 2352 Sed
1243 2299 1315 2355 Dttt
1329 2315 1391 2358 cum
1410 2302 1522 2374 dicitur,
1541 2323 1623 2368 iiiii
1637 2313 1809 2388 intelligitur.

120 2367 252 2438 tionibus,
269 2377 325 2428 tum
341 2376 563 2443 auetoritatibus,
575 2377 700 2448 utrisque
715 2385 809 2434 sancm
825 2393 856 2435 ac
871 2394 947 2435 reve·
987 2380 1112 2438 Domitios
1127 2397 1248 2456 quoque,
1264 2392 1319 2445 tam
1334 2391 1457 2450 Creatori
1476 2409 1559 2466 quam
1577 2399 1685 2458 cuidam
1705 2412 1813 2464 creatu·

119 2464 211 2515 renter
230 2461 425 2532 suscipiendis,
446 2463 650 2522 audentissime
670 2467 875 2536 comprobatur.
899 2469 945 2524 tit
988 2479 1026 2522 rae
1046 2482 1200 2542 commune,
1221 2489 1282 2532 cum
1302 2477 1425 2551 cientur,
1454 2483 1613 2544 intellectus
1639 2495 1735 2549 noster
1758 2507 1809 2565 pro

119 2547 190 2602 enim
211 2549 267 2604 Vas
290 2550 445 2619 electionis,
471 2555 673 2624 contemplator
696 2568 804 2611 arcana
827 2555 856 2611 in
876 2555 946 2612 coele
988 2560 1142 2614 reverentia
1160 2562 1194 2617 ad
1219 2563 1377 2624 Creatorem
1400 2569 1530 2630 trahitur.
1549 2576 1764 2652 sermoneque
1783 2587 1812 2640 et

117 2635 262 2692 veritatis:
278 2639 333 2695 Deo
348 2642 373 2694 et
387 2641 463 2696 Patri
476 2647 566 2697 nostro
582 2641 666 2712 aloda
681 2642 709 2697 ia
726 2641 824 2698 socole
838 2642 946 2698 eomlo-
987 2648 1092 2700 sooctoe
1107 2662 1168 2704 enm
1187 2649 1299 2720 dicitnr,
1320 2655 1379 2725 ipse
1397 2657 1571 2733 intelligitur.
1596 2666 1667 2724 Hinc
1689 2669 1811 2739 psalmus

117 2738 180 2780 rom.
195 2729 292 2783 Antea.
310 2727 342 2782 Et
358 2725 443 2784 aiibi:
460 2719 642 2786 Grotic'oobis
657 2733 682 2785 ct
693 2746 752 2803 pcc
765 2747 782 2786 c
797 2733 851 2787 lico
866 2733 947 2788 Patre
988 2732 1041 2788 ait:
1057 2735 1208 2806 thbcovit
1221 2742 1346 2799 Dominae
1359 2753 1477 2805 sotvctoos
1490 2765 1574 2810 soom
1587 2756 1621 2811 Et
1630 2755 1696 2813 alibi
1705 2762 1809 2817 :tostos

118 2821 213 2869 austro.
226 2815 294 2882 Quis
308 2816 381 2872 enim
391 2817 461 2874 adeo
471 2818 596 2875 exhausti
607 2818 732 2888 pudoris,
744 2819 805 2890 quis
816 2820 886 2876 adeo
897 2821 947 2876 im·
987 2825 1071 2878 odeo
1087 2824 1248 2894 gemiscit?
1270 2830 1354 2888 Filios
1378 2849 1488 2908 quoque
1516 2847 1559 2897 est
1577 2855 1733 2914 commune,
1760 2849 1809 2906 sed

118 2903 222 2972 pudens
237 2905 337 2962 irrisor
354 2907 489 2973 veritatis,
509 2909 572 2978 quis
594 2908 664 2965 adeo
683 2909 810 2980 pertinax
824 2915 947 2966 assertor
986 2921 1047 2964 com
1068 2925 1161 2981 perse
1177 2915 1288 2987 dicitur,
1305 2921 1390 2979 iilius
1403 2925 1452 2983 Dei
1466 2926 1642 3002 intelligitur.
1657 2935 1735 2992 Unde
1749 2936 1809 3008 ipse

118 2989 254 3062 falsitatis,
271 2996 319 3064 qui
334 3007 390 3051 non
411 2997 580 3068 acquiescat,
598 2997 621 3053 si
636 3011 687 3054 nos
701 2997 750 3053 tilii
764 3012 858 3054 sumus
873 2999 942 3070 ejus,
985 2997 1042 3053 ait:
1062 3000 1095 3056 Si
1108 3015 1154 3059 tvos
1169 3003 1254 3061 lilios
1268 3007 1427 3068 liberaverit.
1448 3015 1507 3073 lloe
1530 3032 1641 3090 quoque
1659 3021 1809 3082 locutionis

119 3092 175 3137 eum
204 3097 268 3140 esse
294 3083 413 3153 Patrem,
434 3098 486 3142 nes
508 3090 599 3142 autem
624 3085 716 3143 ilios?
734 3087 872 3156 Scriptum
901 3093 944 3144 est
983 3086 1066 3144 modo
1081 3103 1143 3148 cum
1157 3092 1298 3165 Apostolos
1316 3099 1480 3171 simpliciter
1503 3105 1626 3179 effertur,
1647 3111 1748 3170 Paulus
1765 3115 1808 3172 in·

118 3169 203 3226 enim:
221 3171 288 3227 Filii
306 3171 415 3229 Eccebi
429 3189 527 3242 omnm,
543 3175 576 3230 lit
600 3189 727 3232 rursum:
758 3177 856 3243 Venite,
881 3175 940 3247 pto,
983 3175 1125 3248 telligitur.
1142 3182 1228 3252 igitur
1246 3199 1308 3242 cum
1326 3188 1481 3250 Divinitatis
1503 3197 1619 3256 craesit
1637 3207 1702 3260 ante
1724 3215 1805 3262 omne

119 3259 200 3315 solite
214 3277 267 3316 me.
288 3263 385 3318 Nonne
401 3263 473 3320 enim
491 3262 551 3320 haec
570 3264 651 3320 nobis
669 3263 772 3320 carnali
788 3264 872 3321 lsrael
891 3265 941 3322 ob
982 3278 1053 3335 esse,
1074 3269 1213 3328 excellens
1225 3285 1306 3332 omne
1321 3291 1392 3346 asse,
1413 3283 1538 3342 condens
1560 3300 1642 3348 omne
1664 3305 1736 3360 esse,
1756 3308 1806 3364 ffu-

118 3349 192 3406 tectis
210 3358 240 3407 et
269 3351 422 3424 obsignatis
448 3366 535 3421 usque
554 3351 588 3408 ad
617 3351 810 3411 revelationem
840 3353 969 3425 capitisB
980 3355 1099 3414 bernaus
1112 3370 1192 3417 omne
1208 3375 1279 3432 csse,
1296 3369 1498 3439 prorogatione
1512 3376 1707 3446 assignationis
1721 3381 1807 3436 subli-

119 3439 198 3494 nostri
226 3442 297 3498 Jesu
315 3441 427 3507 Christi,
448 3442 544 3498 eodem
564 3442 697 3499 velamine
716 3444 850 3512 obvoluti,
875 3447 939 3500 sunt
980 3442 1101 3502 mitatem
1116 3448 1166 3502 Dei
1179 3448 1374 3520 glorincamns,
1390 3455 1476 3514 Deum
1489 3461 1677 3532 intelligentes
1688 3479 1750 3522 cum
1760 3463 1802 3525 di·

118 3530 297 3587 annuntiata?
316 3531 387 3602 lingo
402 3531 462 3602 ipse
477 3537 519 3587 est
533 3531 624 3600 Pater,
645 3532 704 3602 ipse
724 3547 836 3603 quoque
850 3533 938 3603 possi·
977 3532 1062 3602 ¹citur,
1073 3535 1118 3604 poi
1127 3550 1164 3590 cs.
1177 3537 1274 3595 ithae
1284 3541 1354 3597 ratio
1365 3543 1394 3598 in
1405 3543 1457 3600 trac
1467 3549 1573 3605 resatis
1585 3551 1802 3634 sitprobrevita-

118 3615 158 3672 det
172 3633 222 3676 nos
241 3635 297 3692 per
311 3621 472 3677 charitatem
486 3636 573 3690 suam,
590 3620 656 3680 iecit
670 3636 704 3678 es
718 3622 806 3679 nihilo
826 3637 876 3692 per
890 3637 939 3694 po·
981 3623 1158 3692 te,quamvis
1171 3625 1611 3700 ilfiaeiu⁰i1¹0ll⁰⁸⁸i¹²²accidere·
1622 3641 1712 3711 ipsius
1727 3645 1801 3702 essim

114 3709 219 3765 tentiam
231 3724 324 3778 suam,
340 3711 442 3767 creavit
457 3724 509 3766 nos
522 3711 550 3766 in
566 3711 648 3767 bonis
662 3711 794 3781 operibus
809 3726 859 3781 per
873 3726 940 3783 gra·
980 3721 1041 3765 esse
1054 3709 1193 3782 singulare
1214 3718 1265 3783 est,
1287 3729 1342 3772 non
1366 3726 1503 3780 conventu
1523 3727 1642 3795 partium
1658 3731 1799 3803 inactum,

114 3795 173 3852 tiam
191 3814 283 3856 suam.
305 3801 373 3856 ilinc
396 3800 544 3870 Apostolus
567 3801 625 3856 ait:
652 3802 751 3871 ipsios,
771 3800 799 3856 id
824 3802 936 3869 estliei,
978 3795 1028 3854 sed
1047 3798 1183 3870 quidquid
1210 3801 1237 3857 in
1254 3817 1287 3860 eo
1306 3811 1349 3862 est
1367 3807 1440 3864 Dens
1452 3817 1503 3879 est,
1520 3818 1548 3869 et
1567 3817 1638 3874 Deus
1648 3825 1690 3876 est
1708 3821 1803 3881 laelia-

115 3881 212 3950 [actara
225 3904 328 3956 samos,
344 3889 427 3944 oresti
440 3889 468 3944 io
482 3887 584 3945 cbristo
598 3889 661 3944 tem
675 3889 702 3944 ia
716 3889 837 3961 operibns
852 3887 935 3945 boob.
978 3884 1072 3943 biliter
1085 3887 1219 3960 quidquid
1230 3891 1259 3947 in
1270 3906 1303 3949 eo
1315 3901 1365 3952 est.
1377 3897 1408 3953 ln
1417 3901 1552 3960 creaturis
1566 3918 1630 3964 vero
1646 3921 1702 3967 non
1717 3925 1747 3970 se
1760 3915 1802 3970 sic

115 3971 236 4046 Numquid
247 3991 317 4048 ergo
328 3990 384 4034 non
394 3981 454 4048 lpse
465 3983 506 4034 est
516 3978 606 4045 Pater,
619 3978 665 4048 qni
677 3977 810 4048 possidet,
823 3985 850 4034 et
860 3977 935 4046 iecit,
977 3974 1071 4032 habet.
1087 3977 1213 4035 Hominis
1231 3981 1304 4038 enim
1324 3988 1454 4058 essentia,
1479 4005 1514 4049 ex
1536 3993 1627 4052 anima
1641 4003 1670 4056 et
1683 4015 1802 4074 corpore

115 4065 139 4114 st
152 4067 251 4122 creavit
273 4073 346 4122 nost
360 4066 485 4122 Christus
508 4081 619 4138 quoque
645 4067 694 4123 liei
718 4066 863 4138 sapientia,
888 4067 937 4123 Dei
975 4063 1080 4132 iuncti,
1096 4065 1126 4123 in
1139 4068 1249 4125 eisdem
1269 4085 1364 4131 rursus
1383 4077 1802 4162 i0⁸0lviil¹b¹²⁰⁰i¹1¹⁸dii¹1ffiiss

116 4147 201 4221 Filius,
222 4154 274 4212 Dei
300 4157 443 4212 conscius:
472 4158 574 4220 Estote,
604 4156 703 4226 inquit,
726 4155 847 4228 perfecti,
869 4157 937 4212 siem
978 4153 1163 4213 hacessentia
1178 4159 1316 4219 esthemo
1331 4169 1383 4232 est,
1399 4181 1452 4224 nee
1467 4170 1550 4229 bomo
1564 4179 1607 4231 est
1622 4178 1757 4250 quidquid
1773 4183 1801 4240 in

115 4237 187 4296 Pata
210 4249 300 4300 vester
318 4243 428 4301 cebetis
445 4246 577 4316 perfectos
605 4250 653 4301 est.
683 4245 744 4315 lpse
769 4258 835 4316 ergo
857 4245 937 4302 lesus
977 4242 1028 4298 hac
1038 4247 1158 4302 essentia
1169 4253 1220 4304 est.
1231 4249 1291 4307 Non
1304 4259 1346 4308 est
1356 4255 1429 4312 enim
1445 4257 1527 4316 bomo
1537 4262 1638 4332 anima,
1650 4280 1701 4325 nec
1711 4270 1802 4327 anima

115 4325 232 4387 Christus
252 4333 483 4403 percontantibus
497 4331 641 4403 discipulis
660 4333 718 4388 suis
742 4332 776 4388 de
801 4333 937 4388 orationis
977 4331 1079 4389 homo:
1095 4334 1169 4391 idem
1183 4336 1212 4393 in
1227 4338 1352 4411 reliquis.
1370 4343 1438 4399 ilinc
1453 4346 1565 4404 Baetim
1579 4352 1636 4408 ait:
1652 4355 1737 4412 Notio
1759 4372 1802 4414 rea

116 4417 209 4476 nodo:
226 4423 287 4489 Sic,
303 4422 403 4493 inquit,
420 4425 515 4478 orote:
534 4423 615 4477 Pater
637 4427 736 4487 noster,
762 4425 790 4478 et
815 4421 933 4491 reliqua,
977 4425 1014 4478 eat
1029 4422 1056 4478 bd
1072 4424 1141 4495 qood
1155 4431 1204 4494 eat,
1219 4427 1248 4483 id
1264 4433 1315 4498 est,
1330 4443 1386 4487 non
1399 4435 1491 4491 omnia
1506 4449 1567 4493 esse
1581 4444 1802 4504 convertibiliter

115 4503 193 4573 igitur
205 4512 393 4568 instructione
408 4510 511 4567 Christi
530 4508 646 4576 fundati,
663 4510 801 4566 claromm
815 4511 936 4567 virorum
977 4512 1077 4580 quaein
1092 4527 1141 4569 sua
1155 4518 1358 4576 essentiasunt.
1374 4524 1500 4594 congrue
1514 4539 1580 4584 vero
1594 4528 1721 4601 tuipsius
1735 4548 1801 4593 ora·

114 4595 268 4657 testimonio
285 4599 423 4668 aedificati,
444 4598 545 4656 nnllam
570 4599 693 4669 rapinam
717 4598 883 4655 arbitrantes
906 4597 934 4654 in
977 4599 1062 4656 tionis
1070 4602 1223 4671 primordio
1234 4619 1294 4664 esse
1303 4623 1365 4666 eum
1378 4613 1551 4685 confitemur,
1567 4617 1596 4673 id
1611 4619 1723 4690 quidem
1734 4625 1802 4682 edo-

114 4688 232 4745 eratione
251 4695 358 4758 nostra,
374 4688 689 4746 animamurclamarein
704 4687 807 4759 Spiritu
822 4694 933 4745 sancto:
944 4689 966 4752 G
978 4695 1057 4745 cente
1071 4691 1146 4759 lesu,
1164 4707 1198 4749 ne
1222 4696 1296 4754 velut
1322 4698 1458 4772 insipiens
1476 4703 1631 4765 diceremus
1659 4711 1687 4766 in
1715 4715 1800 4771 eorde

115 4771 188 4831 Pater
199 4784 301 4836 noster.
321 4779 422 4836 Paulos
435 4779 508 4834 enim
522 4779 578 4834 ait:
596 4781 628 4834 la
642 4793 703 4850 pao,
720 4777 747 4833 id
766 4782 807 4833 est
825 4777 853 4832 in
873 4777 934 4850 Spi-
974 4783 1069 4836 nostro
1084 4800 1090 4836 :
1106 4783 1169 4840 Noa
1182 4788 1221 4839 est
1236 4787 1314 4844 Deos.
1331 4790 1401 4846 Hinc
1415 4793 1516 4850 Paulus
1529 4795 1586 4863 ait;
1603 4798 1716 4858 &abac
1731 4805 1801 4861 erim

116 4861 165 4918 ritu
178 4873 287 4936 sancto,
305 4867 465 4924 clamoremr:
482 4866 568 4934 Abba,
579 4869 669 4924 Pater.
681 4866 746 4934 Quis
756 4865 829 4922 enim
843 4866 935 4922 onni—
975 4872 1075 4938 oportet
1090 4871 1255 4930 accedentem
1269 4876 1414 4948 admone,
1435 4881 1497 4952 poia
1521 4888 1569 4942 tal.
1585 4887 1634 4944 Est
1652 4891 1724 4948 enim
1739 4895 1800 4964 prl-

116 4957 250 5018 potentem
267 4963 322 5013 mm
336 4954 462 5012 familiari
477 4955 587 5013 nomine
598 4957 687 5011 Patris
697 4953 837 5026 appellare
847 4955 876 5010 in
884 4968 934 5011 suo
975 4969 1049 5012 mum
1068 4957 1131 5016 idei
1154 4959 1361 5023 fundamentum
1384 4982 1442 5025 snae
1466 4970 1621 5034 existentia
1649 4979 1799 5040 consessio.

116 5041 209 5109 spiritu
228 5050 431 5116 presumeret?
456 5045 506 5114 Qai
527 5061 565 5115 cs,
590 5045 619 5102 id
639 5043 747 5115 estqui
766 5042 889 5114 perfecte
908 5049 936 5100 et
976 5045 1086 5104 Frustra
1105 5049 1178 5106 enim
1197 5051 1231 5107 de
1251 5066 1285 5110 eo
1304 5054 1454 5126 quidquam
1478 5061 1665 5134 crederemus,
1691 5068 1745 5125 nisi
1765 5068 1801 5126 de

115 5129 286 5203 singulariter
296 5135 434 5194 subsistis.
449 5135 557 5192 Dictum
569 5140 612 5192 est
625 5135 729 5205 Moysi:
746 5133 796 5202 (toi
806 5138 854 5201 est,
866 5133 935 5189 misit
974 5147 1025 5192 suo
1039 5150 1100 5194 esse
1115 5139 1184 5196 certi
1209 5155 1341 5212 essemus,
1365 5146 1412 5214 qui
1442 5150 1568 5210 condidit
1595 5155 1697 5226 omnnia,
1718 5172 1800 5229 quem

116 5233 159 5274 me.
178 5225 245 5292 Quis
259 5226 334 5283 misit
348 5227 481 5298 moysen?
501 5225 599 5281 Nonne
624 5224 718 5281 Densi
736 5225 809 5295 Ergo
828 5224 873 5295 poi
896 5228 935 5280 est
974 5221 1130 5296 glorificant
1143 5229 1245 5287 omnia.
1262 5231 1339 5290 Unde
1354 5235 1549 5310 subjungitur:

115 5309 181 5370 Deus
198 5321 251 5383 est,
268 5320 296 5374 et
314 5316 472 5387 alibi:an
491 5329 547 5372 tom
572 5313 616 5385 ‘lii'
633 5329 699 5370 itm·
720 5314 785 5383 Quis
809 5315 869 5372 ¹¹aess
894 5314 934 5372 ¹⁰·
1303 5356 1412 5415 CAPUT
1430 5361 1477 5417 ιιι,

116 5401 213 5472 quitur,
229 5404 285 5462 nisi
296 5407 368 5464 Deus
382 5405 430 5476 qui
445 5408 509 5462 esti
523 5415 589 5475 ergo
603 5402 675 5458 Deus
686 5407 737 5458 est.
753 5402 830 5471 Quod
842 5407 934 5460 autem
1072 5465 1077 5477 ,
1092 5465 1098 5478 ,

115 5503 166 5546 em
193 5498 249 5550 um
270 5501 401 5553 creaturae
421 5507 502 5566 quam
530 5491 652 5549 Creatori
681 5491 831 5548 seeundum
857 5493 933 5549 vocis
973 5464 1012 5520 De
1023 5469 1148 5537 petitione
1169 5469 1303 5527 secondo.-
1325 5491 1339 5526 (ι
1354 5474 1540 5550 Sanctificetur
1561 5496 1654 5540 remeo
1679 5493 1760 5548 toom.
1782 5510 1796 5544 n

114 5577 225 5638 termam
245 5596 415 5642 communem
440 5581 599 5654 specialiter
620 5577 744 5638 Creatori
768 5579 931 5651 assignatur,
1009 5583 1041 5637 lo
1068 5581 1140 5639 coiis
1167 5586 1342 5658 aoocttttcctor
1363 5607 1456 5651 acmen
1478 5599 1559 5654 tooor.
1580 5598 1609 5657 ld
1633 5609 1676 5660 est
1698 5605 1733 5662 ab
1752 5607 1797 5664 his

115 5681 144 5723 eo
160 5671 243 5729 modo
258 5671 407 5733 locutionis
421 5671 462 5742 lit,
478 5686 533 5743 qno
549 5671 634 5728 multa
649 5667 803 5726 eommunia
818 5669 865 5725 oni
879 5669 933 5726 soli
972 5670 1019 5740 qui
1034 5672 1062 5728 in
1078 5672 1156 5729 coelis
1169 5681 1233 5732 sunt
1251 5676 1421 5748 glorificetur
1443 5684 1575 5745 adoretur
1598 5693 1722 5761 potentia
1750 5701 1796 5752 tua
