4036 6162
89 366 137 422 ele
601 359 757 419 HISTORIA
776 359 1051 419 nantohnltbltsls
1071 389 1107 404 -
1125 361 1188 418 ΗΒ.
1208 362 1242 419 ll.
1709 365 1764 422 aed

87 497 112 550 et
124 488 204 562 laycis
215 486 356 561 episcopis
373 485 513 559 religiosis
530 485 781 558 interpellantibus,
802 486 1067 558 partimAiissinrus
1081 500 1152 559 papa
1165 486 1313 558 Gregorius
1331 486 1359 544 in
1373 485 1487 558 llialogo
1501 487 1660 559 descripsit,
1679 505 1764 562 appa-

86 582 176 638 linrore
194 579 243 634 bei
263 583 291 634 et
309 577 383 634 beati
401 577 549 645 Ambrosii,
569 578 661 634 sciens
684 590 746 633 eum
769 577 798 632 iu
822 590 901 633 exer·
943 579 1003 642 τοις
1019 580 1048 632 et
1066 590 1147 648 mam
1162 576 1342 648 paternaliter
1363 576 1398 632 ad
1418 575 1535 634 clericos
1556 577 1762 648 Ambrosianus,

84 671 145 729 citio
163 669 256 726 divino
278 667 372 725 multis
394 681 427 724 ac
446 669 552 740 magnis
575 667 716 725 laboribus
730 666 796 724 oiim
819 666 901 726 deso·
942 665 990 735 qni
1005 664 1107 734 iniuste
1122 679 1137 721 a
1152 663 1369 723 falsisiratribns
1384 670 1434 723 cta
1449 665 1529 722 malis
1543 671 1571 723 ei
1585 666 1722 737 pessimis,
1732 667 1764 702 ¹⁸¹

84 763 167 827 dassc,
194 758 293 830 partim
316 763 432 829 propter
464 759 605 815 caritatem
630 762 659 815 et
681 771 802 814 amorem
829 756 901 814 Con·
941 753 1029 822 laicis,
1052 761 1167 826 propter
1185 754 1348 812 electionem
1373 769 1454 827 quam
1474 755 1610 812 catholice
1633 762 1660 814 et
1683 771 1766 814 cano-

82 849 169 907 siantii
179 849 307 919 episcopi
321 847 409 904 dixit:
428 866 442 900 n
458 846 582 905 Ecclesia
596 847 777 904 ambrosiana
801 847 829 903 in
849 861 899 905 suo
941 843 1003 900 uice
1019 843 1153 911 fecerant,
1168 844 1354 915 pellebantur,
1370 858 1421 916 per
1443 843 1689 903 luculentissimam
1704 847 1766 916 opi·

81 943 148 995 siaiu
161 943 330 1008 permaneat.
349 953 364 993 n
941 931 1040 990 stolam
1061 946 1109 990 eos
1127 933 1284 990 adhortavit
1302 933 1415 1001 editam,
1441 949 1504 1005 qnae
1524 948 1611 1005 usqne
1630 935 1714 993 modo
1737 937 1766 994 in

111 1027 137 1082 6.
157 1029 218 1084 Non
238 1025 271 1058 ”’
290 1032 355 1099 posi
374 1025 490 1083 mulium
515 1033 623 1097 empus
642 1025 766 1084 ordinem
785 1026 901 1084 Ambro·
941 1022 1058 1093 registro
1074 1022 1197 1092 ejusdem
1212 1023 1362 1079 invenitur.
1384 1024 1471 1095 igitur
1493 1024 1598 1092 bailus,
1619 1025 1684 1096 quia
1703 1025 1764 1097 epi-

79 1115 191 1184 danum,
213 1129 295 1187 quem
319 1116 496 1173 constantius
515 1114 670 1187 apostolico
694 1115 809 1172 mulium
829 1129 900 1173 con·
940 1125 1042 1182 scopus
1056 1117 1084 1167 et
1103 1112 1216 1181 majoris
1228 1110 1371 1183 dignitatis
1389 1127 1450 1169 esse
1468 1113 1625 1181 ascribitur,
1643 1121 1673 1170 ut
1686 1120 1766 1186 pater

77 1201 242 1269 laudaverat,
268 1199 508 1259 aideltbussuts
532 1202 725 1273 representari
749 1202 801 1259 sibi
824 1217 901 1275 prae-
940 1199 1011 1258 ilios
1026 1200 1175 1270 praecedat.
1192 1199 1230 1256 be
1245 1214 1301 1271 quo
1325 1201 1423 1257 beatus
1446 1203 1595 1274 Gregorius
1619 1203 1692 1261 inter
1715 1218 1765 1260 oe-

78 1292 158 1361 cepit.
174 1291 254 1360 Quod
270 1289 372 1348 factum
387 1296 438 1359 esi,
455 1298 523 1348 nutu
543 1291 636 1348 divino
656 1291 755 1363 legatis
777 1291 811 1348 nd
835 1306 899 1349 eum
940 1293 998 1346 tera
1018 1289 1159 1357 miracula,
1180 1304 1242 1360 quae
1267 1304 1328 1346 cum
1353 1292 1435 1348 Petro
1463 1293 1593 1361 narravit,
1624 1293 1764 1364 quoddam

76 1380 289 1448 revertentibus,
314 1379 416 1451 quibus
439 1381 499 1451 ipsc
518 1381 698 1451 imperaverat
718 1384 749 1437 nt
771 1380 898 1438 ordinem
941 1379 1115 1451 magnidcum
1135 1384 1218 1449 atque
1243 1378 1368 1436 mirabile
1392 1380 1540 1454 descripsit
1562 1381 1659 1439 dicens
1677 1381 1761 1454 (Diei.

74 1465 248 1524 Ambrosiam
267 1466 391 1539 mysterii
415 1469 488 1525 circa
509 1473 616 1538 tempus
630 1473 763 1525 statutum
781 1469 835 1525 sihi
851 1483 897 1527 re·
939 1483 981 1534 111,
997 1467 1044 1540 4);

76 1562 146 1613 mota
161 1555 238 1614 omni
258 1556 405 1613 occasione
424 1563 680 1627 representaretnr.
710 1557 763 1614 Sed
788 1572 849 1615 oum
870 1559 898 1614 in
973 1557 1000 1613 7.
1020 1559 1183 1628 «tempore
1197 1557 1231 1590 ¹⁸⁸
1243 1556 1391 1614 iustiniani
1412 1559 1557 1630 principis,
1582 1574 1644 1617 oum
1668 1561 1763 1618 balius

74 1644 174 1715 palatio
189 1646 227 1702 de
251 1646 357 1717 magnis
381 1646 500 1716 negotiis
518 1661 581 1702 cum
603 1645 791 1703 cardinalibus
809 1649 898 1705 omni·
938 1647 1151 1703 mediolanensis
1183 1646 1261 1703 urbis
1293 1647 1442 1717 episcopus
1470 1662 1552 1704 causa
1572 1647 1636 1705 fldei
1666 1650 1761 1722 exagi-

73 1734 133 1802 bus,
148 1736 198 1806 qui
217 1736 253 1793 de
267 1737 356 1792 sancti
375 1735 512 1792 Ambrosii
527 1736 657 1806 mysterio
672 1735 700 1791 in
715 1735 821 1806 synodo
839 1751 898 1793 ser·
939 1739 1012 1791 mins
1025 1735 1058 1768 ¹⁸⁸
1076 1735 1111 1791 ad
1135 1735 1468 1807 constantinopolitanam
1492 1736 1589 1793 urbem
1613 1743 1761 1810 pergeret,

73 1823 202 1880 mccinati
223 1822 342 1892 inerant,
360 1831 523 1881 tractantem
545 1823 628 1896 legati
652 1815 1075 1895 supervenisseni2Bcorinthii
1095 1824 1127 1858 ⁸⁸⁸
1146 1824 1266 1882 devenit.
1295 1826 1346 1893 Qui
1374 1825 1439 1882 dum
1458 1824 1560 1897 largam
1589 1826 1700 1883 domum
1728 1828 1762 1884 ad

73 1924 136 1967 ecce
155 1913 251 1970 subito
270 1926 325 1969 non
351 1913 459 1971 modica
483 1913 529 1970 ina
557 1912 684 1980 refulsit,
714 1919 742 1971 el
770 1914 898 1972 omnihus
938 1915 1088 1986 hospitium
1104 1915 1137 1946 ”’
1152 1923 1300 1986 quaereret,
1318 1929 1380 1986 quae
1398 1915 1473 1971 illius
1496 1916 1655 1973 comitatum
1675 1921 1763 1974 totum

71 2007 173 2068 praeter
192 2001 377 2072 apostolicum
392 2003 421 2059 in
441 2010 515 2059 terra
531 2003 615 2059 nimio
628 2003 895 2074 pavoreprostratis,
938 2003 1019 2060 ferre.
1041 2005 1186 2076 potuisset,
1217 2011 1246 2062 et
1273 2004 1317 2061 vix
1344 2005 1490 2074 inveniret,
1522 2005 1630 2076 aspexit
1657 2006 1764 2064 eminus

71 2088 265 2159 ignorantibus
284 2096 388 2149 tantum
413 2091 446 2125 ¹¹⁸
464 2092 530 2164 quid
555 2093 609 2150 boc
630 2099 713 2160 esset,
738 2106 809 2164 papa
833 2098 897 2149 tan·
938 2093 1050 2150 domum
1069 2095 1249 2165 congruentis
1267 2094 1475 2166 magnitudinis,
1491 2109 1606 2166 eamque
1623 2096 1677 2152 sibi
1697 2111 1767 2168 prae·

70 2185 124 2234 tum
145 2179 181 2211 ⁸⁸⁸
197 2193 253 2238 noa
267 2180 376 2238 modice
392 2182 551 2239 mirabatur.
568 2183 675 2238 interca
699 2180 782 2253 iegati
806 2195 897 2238 rever·
937 2182 1029 2254 parari
1053 2183 1087 2238 ad
1102 2181 1296 2252 hospitandum
1313 2183 1405 2255 jussit.
1426 2185 1547 2254 cumque
1566 2185 1690 2255 ejusdem
1710 2185 1764 2242 loci

69 2271 162 2326 nutes
180 2283 198 2326 a
218 2271 300 2327 beato
315 2272 477 2328 Constantio
496 2271 574 2328 urbis
597 2271 811 2327 blediolnuensis
834 2270 895 2341 opi·
940 2271 1040 2329 incolae
1051 2269 1186 2338 dicerent,
1201 2271 1229 2327 in
1246 2269 1319 2328 ea⁸⁸⁸
1330 2284 1441 2327 manere
1452 2283 1508 2328 non
1519 2285 1610 2340 posse,
1622 2272 1766 2343 quiamul·

66 2371 165 2430 scopo,
183 2359 304 2416 salutato
320 2360 486 2429 apostolico,
505 2360 606 2416 librum
630 2360 656 2415 ei
679 2358 826 2416 dederunt.
846 2359 896 2426 Qui
939 2359 1043 2430 tisiam
1058 2359 1139 2416 annis
1153 2358 1281 2416 diabolus
1300 2359 1371 2414 banc
1393 2357 1571 2425 inhabitaret,
1591 2365 1674 2430 atque
1699 2361 1764 2417 ideo

63 2446 171 2514 gaudio
192 2459 293 2518 magno
308 2446 442 2516 repleius,
462 2447 563 2502 libram
578 2447 716 2517 aperiens,
737 2451 765 2502 et
788 2446 897 2502 curiose
938 2462 1023 2505 vacua
1036 2449 1234 2517 remansisset;
1250 2449 1292 2504 vir
1315 2447 1481 2505 venerabilis
1503 2448 1598 2505 balius
1620 2451 1765 2520 respondit

64 2548 116 2605 per
137 2534 246 2602 omnia,
267 2535 385 2606 qualiter
403 2535 501 2592 beatus
515 2535 674 2592 Ambrosius
693 2533 779 2592 libros
796 2535 898 2592 veteris
939 2535 1053 2594 dicens:
1076 2556 1090 2590 ο
1106 2539 1163 2595 lmc
1183 2538 1247 2594 ideo
1262 2537 1397 2610 hospitari
1416 2538 1445 2594 iu
1463 2537 1545 2595 domo
1564 2537 1659 2595 eadem
1680 2538 1763 2596 dehe-

64 2623 232 2679 testamenti
248 2630 276 2679 et
290 2625 354 2679 novi
372 2623 568 2695 adlegandum
587 2623 713 2680 ecclesiae
727 2637 785 2680 suae
800 2622 899 2694 dispo·
939 2640 1009 2693 mus,
1029 2628 1053 2682 si
1073 2627 1143 2684 hanc
1162 2627 1297 2698 malignus
1312 2628 1428 2700 spiritus
1450 2626 1550 2684 invasit
1567 2631 1595 2684 ei
1613 2627 1648 2684 ab
1668 2641 1699 2686 ea
1713 2629 1762 2686 ho·

64 2711 181 2780 suisset,
200 2716 230 2768 et
244 2713 364 2783 qualiter
382 2713 523 2785 evangelia
537 2720 565 2770 et
578 2712 655 2769 Pauli
669 2713 801 2782 epistolas
814 2719 897 2784 atque
937 2716 1042 2773 minum
1061 2717 1250 2774 habitudinem
1264 2716 1297 2750 ⁸⁸⁸
1315 2717 1426 2788 repulit.
1443 2735 1458 2770 ο
1473 2718 1503 2774 ln
1518 2731 1550 2774 ea
1564 2717 1618 2775 sibi
1631 2717 1715 2789 igitur
1728 2717 1762 2752 ⁸⁸⁹

64 2799 234 2871 prophetias
252 2807 281 2857 et
299 2801 444 2859 missarum
464 2803 617 2872 solempnia
636 2809 664 2858 et
687 2807 778 2858 cetera
803 2801 897 2859 divino
939 2807 1030 2877 parari
1062 2805 1205 2877 praecepit,
1234 2820 1404 2877 securusque
1424 2805 1470 2862 illa
1488 2805 1521 2837 ⁸⁸⁸
1539 2806 1646 2878 antiqui
1670 2807 1761 2864 hostis

66 2889 153 2945 cultui
184 2894 251 2960 apta
278 2890 428 2947 scribendo
456 2890 623 2957 ordinasset,
652 2891 815 2962 supervidit.
836 2893 895 2959 Quo
937 2894 1089 2951 certamina
1113 2895 1281 2952 toleraturus
1303 2893 1424 2951 intravit.
1450 2897 1545 2965 ltaque
1563 2895 1592 2950 in
1618 2899 1760 2966 tempesta

64 2979 191 3050 cognito,
214 2979 294 3049 quasi
318 2978 353 3036 de
372 2980 558 3037 amoenissimo
582 2986 662 3050 prato
686 2979 788 3036 multos
812 2980 895 3036 tiores
936 2983 1028 3040 noctis
1060 2983 1182 3052 silentio,
1214 2997 1276 3041 cum
1304 2984 1345 3040 vir
1364 2983 1411 3040 bei
1438 2983 1604 3054 quiesceret,
1630 2985 1761 3056 avitiquue

64 3067 240 3124 lucidissime
257 3069 330 3124 serie
345 3067 420 3125 illius
438 3069 502 3125 libri
521 3069 673 3136 attrahens,
693 3070 817 3126 Romano
832 3069 893 3125 cui·
935 3071 1025 3129 hostis
1038 3072 1181 3129 immensis
1194 3071 1309 3129 vocibus
1323 3071 1485 3144 magnisque
1499 3071 1762 3147 clamoribnscoepit

61 3157 100 3214 tut
119 3159 204 3228 quasi
220 3156 322 3214 bonam
336 3159 434 3215 olivam
450 3165 532 3230 atque
546 3155 715 3214 fructiferam
730 3158 758 3213 in
769 3157 889 3214 oleastro
900 3145 923 3208 C
933 3161 1034 3219 imitari
1053 3163 1160 3235 rugitus
1175 3162 1296 3229 leonum,
1317 3161 1425 3219 balatus
1444 3175 1586 3233 pecorum,
1607 3163 1716 3235 rugitus
1728 3163 1759 3198 ⁸⁸⁸

62 3243 190 3314 inseruit,
208 3260 272 3303 curn
296 3246 398 3318 quibus
420 3260 509 3316 nsque
528 3245 611 3302 bodie
631 3243 749 3302 ecclesia
769 3246 891 3302 liomana
932 3249 1084 3319 asinorum,
1099 3249 1196 3308 sibilos
1215 3255 1386 3321 serpentum,
1411 3264 1559 3322 porcorum
1582 3250 1719 3308 stridores
1733 3259 1761 3309 et

62 3333 180 3404 hymnis,
202 3337 388 3404 orationibus,
408 3335 538 3408 gloriosis
556 3334 673 3390 canticis
691 3335 769 3405 quasi
785 3347 891 3405 sponsa
932 3338 1064 3396 suricum.
1084 3341 1151 3396 Gom
1169 3337 1201 3371 ¹⁸¹
1216 3345 1331 3409 repente
1351 3339 1445 3394 bailus
1459 3345 1501 3395 tol
1520 3339 1669 3396 bestiarum
1683 3339 1759 3396 voci-

62 3433 157 3482 crnata
177 3425 301 3484 diversis
320 3426 464 3483 ornatibus
482 3429 566 3482 extat.
588 3426 653 3492 Qua
678 3425 769 3481 omnia
793 3424 891 3480 beatus
932 3427 985 3484 bus
1017 3429 1153 3484 excitatus
1185 3429 1306 3484 surrexit
1338 3426 1516 3483 vehementer
1547 3428 1645 3496 iratus,
1679 3435 1707 3485 el
1726 3425 1759 3460 ⁸⁸⁸

61 3511 229 3587 Gregorius,
250 3515 454 3572 uiostcnderet
471 3521 582 3585 quantae
607 3513 779 3570 excellentiae
798 3525 889 3584 quan·
932 3523 1028 3573 contra
1044 3517 1187 3586 antiquum
1206 3515 1313 3572 hostem
1333 3515 1439 3585 magnis
1463 3515 1549 3585 coepit
1570 3515 1685 3572 vocibus
1704 3517 1760 3573 cla-

61 3608 149 3672 taeque
169 3604 320 3677 dignitatis
348 3609 453 3671 emeat,
481 3602 579 3658 videns
607 3610 689 3672 atque
719 3615 892 3673 cognoscens
933 3620 1019 3671 mare,
1035 3604 1151 3661 dicens:
1170 3621 1184 3656 ο
1199 3605 1272 3660 Bene
1287 3603 1338 3659 tibi
1357 3603 1475 3674 contigit
1490 3603 1583 3659 miser.
1599 3604 1639 3659 lu
1654 3619 1685 3661 es
1699 3605 1757 3671 ille,

60 3701 157 3752 cuncta
182 3709 253 3767 quae
276 3709 291 3752 a
320 3695 402 3752 beato
421 3692 568 3751 Ambrosio
587 3691 735 3762 columpna
763 3692 891 3749 ecclesie
932 3695 979 3765 qui
999 3693 1111 3750 dixisti:
1131 3693 1232 3749 Ponam
1253 3692 1346 3749 sedem
1366 3705 1454 3748 meam
1470 3691 1505 3748 ab
1524 3691 1653 3762 aquilone
1667 3691 1710 3762 ⁸⁸⁸,
1731 3700 1760 3750 et

60 3785 186 3842 ordinata
202 3789 296 3850 erant,
312 3791 341 3842 ei
358 3788 389 3841 ut
407 3788 486 3855 petra
500 3796 585 3853 super
608 3786 714 3853 petram
734 3796 784 3853 per
804 3781 892 3852 spiri·
932 3798 980 3841 ero
994 3783 1094 3839 similis
1107 3782 1248 3844 Altissimo
1263 3781 1331 3854 (leci
1350 3796 1407 3850 mv,
1431 3780 1484 3854 14).
1504 3782 1575 3837 Εοοο
1596 3795 1645 3852 per
1663 3796 1761 3854 snper-

60 3877 113 3932 ium
140 3881 276 3933 sanctum
303 3874 409 3931 dumata
438 3877 541 3939 essem
570 3871 719 3942 insignium
742 3870 776 3902 ⁸¹⁸
793 3871 891 3928 dicens
931 3873 1004 3930 biam
1020 3879 1093 3930 tuam
1109 3873 1202 3944 porcis
1216 3878 1244 3930 et
1262 3871 1401 3928 suricibus
1424 3870 1522 3928 similis
1545 3869 1635 3928 factus
1658 3885 1705 3940 es;
1731 3878 1760 3929 et

60 3961 188 4033 hymnum
229 3964 455 4030 Ambrosianum,
493 3960 701 4032 responsorium
733 3960 891 4016 Ambrosia·
931 3961 979 4032 qui
998 3959 1112 4032 indigne
1126 3962 1211 4018 Deum
1226 3960 1328 4016 imitari
1346 3959 1467 4027 voluisti,
1485 3973 1551 4018 ecco
1565 3964 1596 4017 ni
1610 3960 1711 4033 diguus
1729 3977 1759 4019 es

59 4066 131 4122 num,
160 4053 348 4125 antiphonam
374 4051 592 4118 Ambrosianam‚
613 4049 800 4105 invitatorium
823 4052 890 4106 Am·
931 4051 1032 4107 imitari
1047 4049 1161 4106 bestias.
1187 4069 1202 4098 v
1226 4049 1266 4105 Ad
1290 4062 1372 4120 quam
1389 4063 1485 4106 vocem
1504 4051 1572 4119 ejus,
1602 4055 1633 4106 ut
1651 4049 1690 4108 ita
1712 4051 1758 4110 di·

59 4143 235 4212 bresianum,
252 4143 342 4200 oratio
361 4141 553 4198 ambrosiana.
577 4138 655 4195 Enim
676 4139 842 4210 ubicumque
857 4139 889 4173 ⁸⁸⁸
930 4152 1000 4207 cam,
1016 4139 1200 4209 dejectionem
1214 4151 1291 4194 suam
1306 4137 1421 4208 spiritus
1436 4136 1571 4210 malignus
1585 4140 1706 4198 erubuit.
1724 4143 1759 4198 At

58 4233 154 4292 beatus
167 4233 326 4304 Gregorius
344 4229 449 4303 aliquid
464 4228 498 4285 de
523 4228 580 4284 suis
604 4227 749 4284 ordinibus
768 4229 890 4286 intersc-
930 4240 986 4284 non
1001 4226 1112 4284 erubuit
1125 4229 1173 4298 qui
1188 4225 1302 4284 eandem
1318 4227 1440 4294 domum,
1456 4226 1491 4283 ad
1506 4226 1660 4285 exhibenda
1675 4241 1756 4286 moo-

58 4335 121 4378 rens
135 4323 303 4388 ordinabat,
323 4333 432 4391 semper
452 4330 553 4376 nomen
576 4316 784 4373 Ambrosianum
809 4319 887 4388 quasi
909 4319 987 4372 stra
1006 4330 1068 4386 quae
1083 4320 1278 4379 consueverat,
1297 4313 1415 4369 ulterius
1433 4325 1489 4369 non
1504 4313 1638 4370 intravit?
1655 4314 1756 4386 Sieque

57 4425 108 4482 per
125 4413 271 4483 quoddam
286 4410 405 4482 sigillum
420 4405 639 4473 administrabat,
659 4405 756 4462 dicens
773 4407 888 4464 Ambro·
929 4403 1104 4475 postmodum
1132 4402 1254 4460 bdelium
1286 4400 1474 4458 habitaculum
1506 4399 1579 4458 iacta
1607 4407 1659 4470 est,
1690 4403 1755 4474 quia

56 4500 173 4558 sianum.
203 4505 244 4559 At
266 4505 398 4571 qnantum
422 4497 509 4555 amori
537 4494 580 4562 ¹⁸¹,
611 4500 777 4566 quantaque
806 4471 994 4552 reve-Ddom
1009 4507 1040 4549 ea
1060 4505 1131 4549 unus
1144 4491 1280 4548 veraciter
1294 4489 1384 4546 tidelis
1407 4490 1549 4560 ingressus
1576 4496 1629 4558 est,
1658 4490 1694 4546 ab
1722 4505 1754 4549 ea

57 4593 154 4651 reatina
188 4589 313 4650 ecclesia
345 4587 525 4647 ambrosiana
557 4583 694 4654 majestati
726 4584 887 4656 apostolicae
929 4581 1056 4653 protinus
1071 4579 1316 4649 mendaxspiritus
1329 4583 1412 4649 atque
1432 4577 1552 4635 infidelis
1575 4579 1720 4637 abscessit.
1738 4599 1752 4633 v

56 4679 117 4749 init,
151 4679 345 4740 describendo
374 4676 500 4750 quaedam
529 4674 639 4747 egregia
666 4679 695 4729 et
721 4672 885 4739 amicabilia,
963 4670 990 4727 8.
1007 4672 1072 4726 Post
1086 4667 1118 4701 ⁸⁸⁸
1132 4668 1244 4740 aliquod
1260 4673 1379 4738 tempus,
1399 4680 1461 4723 cum
1485 4667 1583 4724 beatus
1605 4668 1754 4741 Gregorius

58 4785 118 4842 quae
132 4785 224 4845 super
240 4769 350 4826 beatum
368 4767 475 4824 betium
489 4763 729 4834 archiepiscopum
753 4774 887 4819 reveren·
928 4760 1006 4817 urbis
1020 4759 1114 4816 liomae
1129 4757 1270 4830 tonusque
1285 4755 1379 4813 mundi
1399 4756 1534 4827 pontifex,
1554 4755 1652 4816 sedulo
1676 4771 1752 4816 more

743 4887 855 4944 VARIAE
873 4886 1066 4943 uncilenus.

89 4997 122 5030 ’⁸⁷
139 4996 266 5056 Notus:
282 4996 320 5051 be
336 4992 434 5050 ordine
450 4989 513 5047 libri
527 4985 700 5046 Ambrosiani
715 4985 835 5070 qualiter
850 4989 962 5040 sanctus
979 4983 1128 5054 Gregorius
1142 4983 1177 5038 ab
1196 4996 1230 5039 co
1247 4983 1398 5039 instructus
1414 4996 1493 5040 suum
1508 4980 1666 5038 informavit
1680 4996 1753 5054 mys-

55 5069 166 5126 terium.
183 5071 235 5125 A*.
252 5066 303 5124 A**
321 5063 364 5123 Bi.
384 5062 506 5132 Qualiter
520 5062 548 5117 b.
564 5062 594 5116 G.
610 5059 791 5116 Ambrosiano
806 5058 958 5112 instructus
981 5053 1073 5112 oficio
1097 5067 1176 5110 suum
1201 5053 1339 5111 ordinavit
1353 5053 1468 5110 cilitium
1483 5056 1512 5110 Β.
1551 5053 1584 5085 ”’
1597 5059 1688 5110 tamen
1707 5055 1750 5112 nl.

54 5139 85 5170 ⁸¹⁸
100 5157 137 5196 en
158 5139 329 5212 insignivit?
343 5137 387 5192 W.
403 5133 556 5205 insignum
575 5131 603 5188 d.
620 5131 738 5201 hymnus
752 5127 941 5194 ambrosiana,
957 5140 981 5182 r.
997 5130 1028 5183 A.
1045 5125 1196 5195 antiphona
1209 5125 1388 5183 ambrosiana
1402 5124 1445 5181 Bi.
1492 5124 1524 5157 ¹⁸⁸
1539 5125 1688 5196 unicuique
1702 5128 1750 5185 A*.

50 5209 80 5243 ⁸⁸¹
95 5212 268 5270 amorisA*.
284 5207 327 5264 Bi.
379 5205 411 5240 ⁸⁸¹
425 5221 451 5262 a.
468 5220 496 5276 p.
512 5204 555 5261 Bi.
607 5201 639 5233 ⁸⁸¹
656 5199 774 5257 molus.-
789 5198 859 5268 Quid
875 5199 910 5254 de
928 5199 1007 5255 ilatio
1026 5197 1236 5282 archiepiscopo
1261 5196 1458 5254 llediolanensi
1482 5197 1580 5255 beatus
1602 5198 1752 5268 Gregorius

54 5281 80 5338 in
95 5284 219 5354 dialogo
236 5281 344 5338 recitat.
360 5279 422 5334 A**.
443 5278 473 5332 B.
489 5273 531 5332 Bi.
546 5275 583 5330 be
598 5273 676 5330 ilatio
696 5287 721 5328 a.
737 5273 772 5327 ll.
788 5284 801 5325 a
818 5272 898 5327 heato
913 5269 1046 5340 Gregorio
1070 5270 1198 5325 ordinato
1225 5268 1271 5325 A*.
1293 5269 1424 5325 bilitionis
1447 5269 1534 5324 Paria.
1555 5268 1645 5324 oenoe
1664 5269 1751 5326 lectio

53 5369 98 5411 nes
113 5355 278 5426 odjedrnns,
298 5350 402 5407 amasis
416 5362 473 5420 qno
486 5345 542 5402 solo
556 5343 693 5400 amborum
707 5343 798 5399 orbim
817 5343 976 5413 discrepent.
1015 5340 1048 5373 ¹⁸⁸
1061 5346 1174 5397 exactus
1188 5339 1220 5396 ed
1236 5341 1299 5395 Por.
1338 5339 1370 5372 ⁸⁸⁸
1385 5339 1547 5397 Corinthum
1561 5337 1597 5394 ib.
1635 5337 1750 5398 ⁸⁸⁸hos·

70 5427 203 5484 inunum
224 5422 262 5479 ib.
302 5421 422 5478 ⁸⁸⁷hunc
437 5416 552 5475 oddii.
589 5414 622 5448 ¹³⁸
635 5413 863 5472 inhabitationem
877 5411 913 5469 ib.
960 5410 1044 5470 ¹⁸⁸itc
1060 5413 1089 5467 Β.
1105 5409 1249 5468 οεοοινοΗ.
1264 5410 1387 5482 igiturs.
1407 5411 1450 5467 ed.
1466 5412 1530 5466 Por.
1577 5407 1697 5467 ⁸⁸⁸illam
1712 5413 1748 5470 ib.

53 5440 82 5528 Κ·
99 5497 220 5555 ruditus
235 5493 271 5551 ti.
309 5491 486 5550 ⁸⁸¹sorioum.
506 5485 632 5545 Tuncib.
669 5484 735 5540 ⁸⁸⁸i.
752 5499 777 5541 ο.
793 5499 819 5542 a.
835 5485 863 5540 b.
880 5489 908 5540 et
922 5497 959 5539 m.
975 5484 1005 5541 B.
1049 5481 1131 5538 ⁸⁸⁸ad
1146 5482 1309 5554 Aquilonem
1323 5482 1365 5538 ed.
1382 5484 1446 5538 Por.
1493 5479 1750 5551 ⁸⁸⁸iiiuiavzllua·

53 5567 118 5626 liter
132 5570 164 5626 b.
180 5566 335 5638 Gregorius
347 5561 498 5621 benededit
511 5559 540 5616 in
554 5557 792 5630 arehiepiscopum
806 5554 988 5614 confirmavit.
1011 5554 1072 5611 Μ’.
1096 5555 1127 5610 B.
1152 5553 1324 5612 consecravit
1346 5552 1389 5611 Bi.
1414 5555 1453 5611 be
1477 5552 1627 5611 beusdedit
1640 5554 1750 5612 archie-

52 5642 174 5712 piscopo
189 5653 208 5697 a
223 5637 255 5696 b.
269 5635 409 5710 Gregorio.
425 5633 472 5692 A⁸.
