4106 6178
494 337 671 396 menibus
689 340 944 398 solitudinibus
962 324 1119 402 cucullio.
1140 373 1176 386 -·
1194 345 1328 402 bulliit
1347 345 1533 403 lllsnonlct.
1790 349 1858 408 121⁴

657 583 996 691 GALTERII
1026 585 1379 693 EPISTOLA

485 752 536 811 tn
558 752 896 816 Binuflonulteuult
919 756 1184 818 Tunoantsnli
1204 759 1548 821 ARCHIEPISGOPUM

248 885 294 948 De
309 885 393 950 celio
412 886 612 952 credonensi
627 888 663 953 iu
677 889 817 954 coneilio
837 891 984 957 Romano
1002 891 1060 957 attb
1083 893 1221 959 Nieoioo
1235 915 1326 980 popo
1349 895 1635 963 Vindoeioertst'btts
1654 908 1787 964 macria.

746 1031 856 1104 (Manat,
876 1033 987 1102 concil..
1004 1038 1024 1090 t.
1046 1035 1113 1102 lllli,
1130 1036 1183 1092 col.
1200 1035 1278 1108 901.)

912 1155 1111 1170 *—

206 1226 237 1281 Β.
256 1225 410 1282 Turoneusi
428 1225 649 1297 archiepiscopo,
670 1228 700 1284 E.
721 1228 909 1300 andegavensi
929 1231 1203 1300 epi-Aliiverneusi,
1229 1240 1256 1292 et
1279 1236 1489 1304 cenomanensi,
1509 1242 1592 1310 atque
1619 1237 1745 1295 hretensi
1769 1242 1798 1295 et
1816 1238 1861 1296 ll·

170 1327 266 1385 scopo,
288 1319 316 1371 et
330 1315 423 1372 comiti
438 1317 579 1373 Gturnrno
594 1319 675 1373 linco
690 1318 867 1376 Nireruensis
882 1319 994 1390 episco-
1035 1321 1153 1378 minensi
1167 1336 1290 1380 seorsum
1307 1325 1435 1382 euntibus
1464 1325 1589 1397 indagari
1615 1326 1708 1397 iussit,
1738 1325 1783 1384 cui
1812 1340 1859 1383 su-

171 1419 223 1475 pus
238 1404 388 1475 unicuique
407 1412 549 1476 perpetue
567 1405 708 1462 felicitatis
723 1421 833 1465 munus.
1036 1410 1160 1480 prodicta
1183 1413 1333 1469 secuudum
1356 1415 1402 1484 jus
1427 1415 1629 1472 concederetur
1652 1414 1779 1472 ecclesia.
1803 1415 1874 1470 Nos

207 1493 350 1550 Praeterito
364 1507 437 1550 anno
452 1495 516 1551 dum
532 1497 626 1552 Romae
642 1497 669 1552 in
685 1503 779 1554 saneta
793 1499 901 1570 synodo
916 1512 993 1555 esse·
1035 1513 1100 1556 vero
1120 1507 1150 1556 ut
1168 1501 1203 1557 ab
1232 1501 1355 1571 utrisque
1376 1504 1517 1560 monachis
1543 1501 1707 1570 audivimus,
1736 1502 1857 1574 idipsum

170 1596 240 1652 mus,
261 1582 421 1640 dubitabilis
435 1584 548 1654 querela
566 1586 601 1641 ad
621 1599 702 1642 aures
717 1601 795 1657 papae
813 1589 846 1645 N.
866 1587 941 1644 teuit
959 1589 993 1644 de
1035 1602 1114 1659 papa
1134 1589 1287 1646 retulimus.
1304 1593 1365 1662 lpse
1387 1605 1452 1648 uero
1478 1593 1506 1648 iu
1535 1592 1657 1662 plenaria
1678 1591 1784 1663 syuodo
1814 1606 1859 1648 su·

172 1670 289 1742 quadam
319 1673 436 1729 ecclesia
465 1674 493 1729 S.
513 1675 662 1731 Clementis
691 1674 884 1744 credonensis,
912 1691 993 1748 quam
1035 1679 1186 1749 praolotan
1215 1679 1358 1736 ecclesiam
1386 1683 1413 1736 S.
1443 1681 1585 1738 Trinitatis
1613 1681 1741 1738 eoenoblo
1767 1680 1859 1737 vindi·

169 1766 272 1818 sanctae
291 1760 433 1818 Trinitatis
451 1762 664 1820 Vindocinensis
682 1765 813 1822 Ecclesiae
836 1763 945 1834 iratres,
966 1773 994 1822 et
1035 1768 1115 1832 cavit,
1132 1769 1261 1837 quonlam
1282 1769 1335 1824 hoc
1358 1769 1540 1838 judicavimus
1568 1769 1641 1840 quod
1662 1781 1743 1825 nemo
1769 1767 1856 1825 lerum

169 1851 196 1907 S.
225 1850 316 1907 Albini
345 1851 472 1908 monaehi
505 1853 621 1910 invicem
660 1857 880 1926 proponentibus
912 1856 993 1913 uobis
1034 1857 1108 1927 quod
1124 1863 1199 1912 leuet
1214 1858 1248 1912 ab
1263 1856 1356 1928 aliquo
1378 1865 1470 1928 potest
1489 1859 1629 1914 dimittere
1654 1858 1790 1924 ecclesiae,
1807 1871 1858 1914 nec

169 1939 357 1996 ostenderant.
373 1941 445 2011 Papa
460 1955 535 2008 reru,
557 1942 683 2013 pluribus
711 1945 845 2012 intentus,
861 1944 914 2002 hoc
933 1947 992 2001 lle·
1033 1943 1115 2000 alicui
1134 1944 1187 2000 nisi
1214 1959 1265 2016 per
1292 1951 1473 2003 commeatum
1492 1945 1567 2003 illius
1594 1959 1680 2016 aquo
1700 1945 1854 2004 descendit.

170 2030 240 2084 tensi
269 2030 401 2100 episeopo
424 2036 507 2103 atque
536 2033 701 2101 Tricassino,
724 2047 775 2090 uec
803 2048 858 2091 non
879 2035 991 2091 etmihi
1035 2033 1138 2091 valete.

819 2389 906 2434 ANNO
926 2390 1042 2435 nomi
1061 2391 1203 2436 mnu.

761 2537 1267 2720 ALPHllllllS

241 2843 251 3041 j
324 2820 1697 3058 slnnuuuluushuuuruiussurus.

734 3149 960 3238 NOTITIA
987 3149 1280 3239 HISTORICA

718 3313 858 3384 (Uenacus,
875 3311 956 3370 ilatio
971 3327 1060 3380 suero,
1081 3319 1101 3369 t.
1117 3314 1174 3378 vil,
1190 3329 1216 3385 p.
1233 3313 1307 3377 suut

199 3546 350 3618 hiphauus,
365 3545 543 3603 salernitana
563 3546 693 3604 Ecclesia
708 3553 736 3603 et
751 3547 828 3603 urbis
846 3547 1019 3618 egregiumn
1031 3563 1084 3618 oue
1099 3548 1150 3604 riri
1165 3562 1197 3604 ac
1216 3547 1311 3604 clerici
1327 3547 1513 3618 frequentare,
1528 3563 1645 3621 eumque
1660 3551 1697 3607 ob
1712 3551 1855 3608 maximam

165 3624 365 3686 ornamentum,
386 3617 546 3686 parentibus
565 3618 743 3674 nobilissimis
762 3625 853 3683 uatus,
870 3619 904 3674 ab
919 3619 987 3688 ipsis
1029 3621 1089 3690 ejus
1108 3619 1283 3691 prudentiam
1297 3621 1429 3676 decenter
1443 3620 1580 3687 excolere,
1598 3621 1771 3692 propositum
1790 3623 1853 3679 ilie·

165 3690 341 3747 incunabulis
368 3689 413 3759 pie
442 3688 591 3754 educatus,
621 3696 649 3746 et
668 3690 696 3745 in
719 3689 869 3760 scripturis
883 3690 988 3745 sanctis
1029 3691 1232 3762 rosolymitanac
1252 3691 1303 3748 riae
1326 3691 1457 3761 paulatim
1480 3693 1609 3762 coepisset
1631 3695 1658 3748 ln
1685 3693 1745 3763 elus
1763 3699 1856 3751 mente

165 3761 289 3819 eruditus
303 3761 429 3832 insignis,
445 3760 527 3816 evasit
549 3761 649 3817 doctus
663 3761 791 3824 clericus,
812 3767 839 3816 et
858 3760 988 3817 ccclesia·
1030 3771 1183 3833 tepescere,
1203 3776 1289 3834 seque
1308 3777 1323 3817 a
1343 3762 1476 3819 desiderii
1505 3762 1590 3819 latere
1624 3764 1700 3821 nullo
1733 3779 1853 3836 unquam

165 3835 295 3890 sticarum
310 3846 400 3888 rerum
421 3833 537 3901 peritus,
553 3833 674 3887 carmine
699 3838 727 3888 et
750 3831 839 3889 soluta
863 3833 988 3889 oratione
1030 3834 1123 3900 modo,
1148 3834 1224 3890 nullo
1244 3847 1364 3903 unquam
1383 3840 1508 3904 tempore
1532 3843 1636 3891 asseret
1655 3835 1724 3892 velle
1749 3835 1855 3892 diride-

165 3905 292 3970 illustrls,
327 3904 487 3960 monasticis
518 3903 685 3970 institutum,
719 3901 847 3974 deposito
877 3904 988 3974 cingulo
1030 3921 1070 3972 re,
1100 3910 1209 3974 tempus
1227 3906 1261 3960 ab
1290 3905 1331 3960 eis
1357 3905 1527 3976 aliquantum
1557 3907 1628 3976 apud
1658 3907 1854 3965 monasterium

166 3976 303 4033 clericalis
318 3975 433 4042 militiae,
449 3975 615 4032 adhortante
629 3974 783 4042 Desiderio,
799 3975 846 4044 qui
863 3982 988 4044 postmo·
1030 3981 1058 4034 s.
1074 3977 1185 4046 Sophiae
1204 3983 1329 4032 exactum
1349 3984 1401 4032 esi.
1420 3979 1487 4033 ilum
1512 3991 1577 4033 ecce
1600 3977 1670 4034 ianua
1695 3979 1855 4049 percrebuit

166 4047 231 4104 dum
247 4049 339 4103 Victor
353 4048 425 4116 Papa
440 4047 475 4103 lll
495 4045 556 4114 luit,
582 4047 656 4102 circa
675 4059 775 4102 annum
796 4047 902 4102 bomini
921 4045 989 4101 1056
1032 4049 1168 4104 Victorem
1188 4062 1284 4118 papam
1299 4048 1334 4103 ab
1356 4047 1567 4105 citramontanis
1591 4049 1716 4119 partibus
1739 4051 1852 4107 Romam

167 4120 239 4176 ultro
272 4118 431 4188 complexus
461 4123 504 4173 est
535 4117 563 4173 in
596 4119 738 4174 casinensi
770 4117 915 4184 coenobio,
938 4131 988 4173 nec
1029 4118 1320 4190 venisse,eumquead
1355 4127 1429 4174 artes
1445 4121 1513 4176 istas
1527 4121 1555 4176 in
1571 4122 1697 4190 proximo
1711 4128 1855 4178 uenturum

167 4191 253 4247 multo
273 4194 336 4260 post
363 4189 501 4246 ailisulio
526 4189 652 4260 principe
678 4189 877 4260 expostulatus,
899 4190 988 4259 primo
1030 4190 1099 4247 iore.
1132 4192 1255 4246 Territus
1286 4134 1427 4260 htpssanus
1455 4191 1612 4260 hujusmodi
1643 4193 1750 4260 nuntio,
1781 4194 1855 4263 quod

166 4262 239 4333 apud
258 4261 399 4318 Salernum
415 4261 574 4318 monasterii
599 4263 626 4317 s.
651 4261 792 4318 Benedicti
816 4261 901 4316 abbas
920 4261 988 4317 eie·
1029 4262 1128 4318 iratres
1164 4276 1230 4319 suos
1262 4275 1345 4331 super
1371 4262 1518 4318 Guaimarii
1548 4264 1682 4333 principis
1715 4265 1856 4321 occisione

167 4339 237 4400 ctus,
254 4333 354 4390 deinde
368 4331 556 4388 salernitanus
580 4333 805 4403 archiepiscopus
833 4339 988 4398 creatus‚a
1030 4332 1230 4390 insimulandos
1267 4332 1364 4402 procul
1401 4333 1486 4388 dubio
1523 4340 1628 4400 nosset,
1658 4348 1855 4405 preoccupare

167 4406 306 4475 Stephano
326 4405 360 4460 lli
380 4417 449 4473 papa
476 4403 630 4468 ordinatus,
652 4405 870 4460 consecrationis
889 4417 989 4460 mutius
1030 4406 1126 4461 statuit
1141 4404 1333 4474 apostolicum,
1354 4416 1504 4472 secumque
1533 4404 1573 4459 ire
1602 4409 1663 4459 orat
1691 4405 1857 4474 suppliciter

166 4478 334 4546 aceepitan.
353 4475 429 4530 1058.
447 4475 512 4543 Ejus
536 4474 696 4544 primordia,
721 4475 881 4531 monasticae
905 4475 989 4530 discl-
1030 4475 1210 4532 ltcsiderium.
1241 4475 1422 4546 niquarum
1446 4475 1541 4529 miram
1567 4474 1695 4530 cantandi
1717 4476 1853 4546 peritiam,
1890 4507 1894 4516 ·

167 4548 250 4618 plina
280 4561 461 4618 progressus,
490 4551 519 4602 et
547 4545 730 4601 ordinationis
758 4552 866 4615 tempus
894 4549 987 4602 notum
1030 4553 1058 4603 et
1077 4546 1222 4602 medicine
1242 4548 1309 4602 artis
1337 4545 1478 4601 scientiam
1508 4558 1562 4600 non
1587 4559 1695 4615 parvam
1725 4547 1853 4612 hahebat,

167 4619 260 4676 reddit
273 4619 374 4674 Chron.
390 4618 482 4673 Casiu.
499 4616 547 4672 lib.
564 4617 610 4683 lll,
626 4630 651 4672 e.
667 4615 696 4682 7,
716 4617 744 4672 in
761 4616 821 4672 haee
835 4615 937 4672 rerba:
1030 4617 1152 4688 ejusdcm
1185 4617 1253 4673 artis
1280 4617 1392 4675 codices
1421 4616 1569 4673 nonnullos
1596 4630 1689 4674 secum
1722 4632 1738 4673 a
1771 4618 1853 4675 domo

204 4709 218 4742 o
235 4688 442 4746 besideriusob
468 4688 577 4743 nitriam
606 4686 810 4753 abstinentiam,
835 4686 988 4759 multasque
1030 4688 1177 4755 detulerat,
1206 4690 1295 4772 magui
1325 4688 1429 4757 aliquid
1458 4703 1488 4743 se
1515 4687 1671 4744 habendum
1701 4691 1728 4745 in
1756 4691 1854 4746 summi

168 4761 285 4833 uigilias,
306 4761 333 4817 in
362 4759 521 4830 languorem
545 4773 599 4816 non
620 4759 757 4816 modicum
781 4759 914 4815 meldens
932 4773 989 4814 me·
1030 4761 1169 4832 pontilicis
1205 4774 1281 4817 curta
1319 4759 1484 4816 omnimodis
1520 4759 1686 4817 conlidebat.
1717 4760 1855 4817 coniectis

168 4831 252 4890 dendi
279 4832 367 4904 gratia
394 4831 535 4888 salernum
570 4831 710 4900 perrexit:
741 4831 786 4886 ubi
816 4830 908 4900 itaque
940 4831 988 4887 illo
1032 4832 1116 4904 igitur
1131 4841 1213 4903 atque
1227 4831 1328 4901 aptatis
1342 4836 1480 4900 quotquot
1494 4831 1584 4900 potuit
1599 4831 1853 4900 medicamentlbus,

168 4904 328 4975 aliquandiu
361 4909 527 4969 remorante,
558 4902 713 4973 ulphanus,
733 4902 781 4974 qul
815 4873 1087 4972 postmodumcuna
1106 4917 1166 4960 curu
1182 4903 1303 4961 civitatis
1321 4901 1408 4972 ipsius
1427 4901 1637 4974 archiepiscopo
1652 4904 1686 4960 ad
1702 4906 1854 4961 Romanum

168 4975 292 5047 ejusdem
324 4973 498 5045 archiepisco
518 4979 591 5031 atum
629 4974 749 5031 civitatis
779 4973 897 5044 adeptus
928 4979 990 5041 est,
1033 4975 1190 5045 portlocan
1222 4974 1250 5030 ln
1269 4973 1393 5030 Tusciam
1417 4973 1612 5044 proticiscitur,
1639 4989 1757 5047 eumque
1782 4975 1855 5047 apud

170 5047 401 5132 prudentissimus
419 5051 447 5103 et
467 4989 656 5103 nobilissimus
669 5045 798 5112 clericus,
815 5043 929 5100 maxima
949 5049 992 5101 est
1033 5046 1197 5103 Florentiam
1221 5051 1405 5102 remorantem
1428 5046 1579 5115 reperiunt.
1606 5049 1636 5103 ln
1661 5047 1737 5104 breui
1762 5046 1855 5118 itaque

170 5119 209 5176 rili
242 5118 425 5175 iamiliarltate
457 5117 632 5188 conjunctus.
666 5117 749 5187 cujus
781 5117 900 5174 animum
933 5115 990 5173 ire·
1032 5118 1174 5174 maximam
1194 5117 1266 5188 apud
1281 5116 1358 5174 illum
1377 5115 1587 5173 familiaritatem
1612 5116 1717 5188 adepti,
1742 5121 1770 5174 et
1789 5117 1857 5174 satis

169 5191 319 5260 questibus
337 5189 450 5246 monitis
464 5188 498 5246 ad
514 5187 607 5246 mundi
630 5193 816 5258 contemptum
831 5187 989 5256 exhortans,
1032 5188 1184 5246 honorifice
1200 5188 1286 5245 habiti
1301 5192 1374 5245 sunt.
1391 5188 1445 5246 Sed
1458 5201 1519 5244 cum
1531 5189 1588 5259 lam
1603 5189 1642 5245 lbl
1658 5203 1707 5260 per
1721 5188 1856 5260 temporis

102 5317 111 5332 ,
170 5263 210 5319 sic
239 5261 348 5318 taudem
378 5261 413 5317 ab
441 5259 490 5318 illo
518 5260 619 5331 exegit,
639 5264 670 5316 ut
685 5259 836 5318 monachus
860 5259 947 5326 ieret,
968 5260 993 5316 si
1032 5260 1232 5332 aliquantulum
1251 5257 1382 5318 remorati
1401 5273 1452 5331 pro
1471 5265 1548 5316 certo
1563 5259 1722 5318 besldsrlus
1740 5273 1856 5332 compe·

170 5334 258 5404 prius,
275 5335 372 5405 utjam
388 5331 490 5388 dudum
515 5339 606 5388 mente
632 5337 808 5402 conceperat,
829 5331 992 5388 iilerosolo·
1033 5333 1115 5388 risset
1148 5345 1245 5403 papam
1273 5331 1385 5388 minime
1417 5330 1452 5387 ad
1484 5335 1576 5402 partes
1605 5331 1672 5390 istas
1699 5337 1854 5399 venturum,

170 5419 241 5462 mam
254 5405 296 5462 ire
329 5403 460 5462 ermissus
473 5400 580 5460 luisset.
600 5403 657 5460 ilac
675 5403 748 5461 lotor
766 5402 830 5460 illos
843 5403 993 5474 sponsione
1034 5405 1148 5475 insuper
1171 5403 1253 5462 etiam
1279 5403 1349 5459 ultra
1377 5407 1485 5460 montes
1508 5401 1632 5472 proxime
1656 5403 1854 5474 proiecturum,

169 5475 285 5544 firmata,
305 5419 489 5534 dearmatum
508 5487 635 5532 reversus
653 5474 812 5532 desiderius
835 5479 887 5542 est,
908 5479 992 5603 aigne
1033 5475 1170 5602 simulque
1184 5474 1261 5532 ualde
1274 5473 1408 5558 inutilem·
1421 5487 1482 5531 esse
1497 5486 1548 5544 pro
1586 5473 1641 5533 sito
1659 5487 1711 5532 suo
1729 5474 1856 5534 conside·

171 5551 235 5618 post
244 5559 299 5604 non
311 5547 413 5604 multos
426 5546 486 5604 dies
497 5545 607 5602 mandat
620 5545 724 5603 eisdem
735 5545 860 5616 hlpbano
874 5551 934 5602 uta
962 5558 992 5602 se
1034 5559 1098 5604 rans
1141 5561 1158 5604 n
1190 5545 1312 5618 eiusdem
1333 5543 1471 5617 pontrhcis
1498 5559 1575 5601 cura
1608 5548 1854 5614 conversationem,

171 5618 271 5676 veniat.
287 5620 353 5676 cnm
373 5631 438 5676 vero
461 5617 611 5689 coepisseut
637 5616 791 5689 hiphauun
810 5617 918 5676 nobiles
932 5616 993 5689 qui
1034 5618 1118 5692 eoeplt
1132 5617 1299 5676 omnimodis
1324 5617 1427 5673 instare
1458 5615 1594 5688 siphara,
1624 5622 1655 5676 ut
1671 5620 1726 5692 lam
1743 5620 1856 5693 lamque
