4034 6152
192 277 242 336 931
734 263 1187 333 manumittebloblrtnhsls
1204 265 1337 324 chemel
1554 281 1560 292 ·
1827 267 1882 325 ada

193 407 270 472 llam,
285 402 386 459 iratres
414 397 597 464 dilectissimi,
622 393 688 464 quid
714 398 826 448 sanctus
852 389 1150 461 hmbroslushagunt,
1168 402 1223 446 non
1237 388 1401 446 suliorentes
1424 389 1541 446 inuicem
1560 404 1650 462 neque
1664 391 1810 450 studentes
1823 407 1883 450 ser·

192 494 266 551 dicat
294 493 403 550 curiose
421 487 567 546 attendite.
587 485 630 541 tir
653 483 724 540 enim
749 481 777 537 in
802 479 874 537 libro
898 477 1014 550 defuga
1055 489 1118 532 vare
1137 477 1269 534 unitatem
1293 478 1408 548 spiritus
1431 479 1460 534 in
1486 478 1598 537 vinculo
1622 479 1708 551 pacis.
1737 482 1881 537 caritatem

192 582 287 640 saculi
305 580 344 652 (c.
360 579 390 646 3)
409 600 416 635 :
439 596 453 630 ε
472 579 527 633 Lex
545 573 685 631 hominum
700 584 733 627 os
751 570 842 641 potnit
857 570 1012 635 obstruere,
1054 567 1150 637 utique
1164 581 1219 625 non
1244 567 1384 634 habendo,
1400 569 1482 625 etiarn
1506 583 1568 625 cum
1587 570 1644 625 illis
1663 571 1803 638 omnibus,
1819 585 1881 641 que

192 684 248 728 non
273 670 363 742 poluit
386 672 503 725 mentem
528 670 644 728 mirere,
664 665 723 716 net
747 659 775 716 in
801 658 919 729 septimo
941 657 1013 714 libro
1055 654 1140 710 nichil
1162 655 1204 712 eis
1223 661 1348 726 prosunt,
1379 656 1413 712 ad
1441 664 1571 714 aeternam
1599 658 1715 715 salutem
1735 661 1881 730 pervenire

193 760 266 818 idem
281 773 364 830 super
387 759 485 813 Lucam
502 751 620 825 (miri)
649 771 655 806 :
674 769 688 802 ε
702 749 743 805 hb
761 747 840 805 initio
854 751 945 803 autem
964 746 1011 802 bei
1054 756 1109 800 non
1125 751 1251 815 possunt.
1268 745 1403 804 idolatras
1424 747 1497 803 enim
1517 747 1544 804 iu
1569 747 1672 818 populo
1700 749 1748 805 Dei
1772 747 1881 820 gladius

194 849 238 906 lex
257 853 308 904 εει.
324 849 388 915 Quae
407 850 449 900 est
464 843 507 898 lex
526 841 596 897 Deir
610 838 758 909 Relinquet
773 836 854 893 bomo
870 841 975 907 patrem
985 839 1013 891 et
1053 833 1204 902 interemit,
1224 835 1396 893 scismaticos
1410 841 1500 892 aulem
1520 841 1604 894 terrae
1618 838 1709 894 hiatus
1722 838 1879 894 absorbuit.

193 944 318 1004 matrem,
343 939 371 990 ει
391 931 544 989 adhaerebit
558 929 637 987 uxori
663 941 730 995 suae,
757 931 784 983 ει
810 929 891 982 erunt
913 924 969 981 duo
984 923 1011 979 in
1054 923 1106 981 Sed
1131 924 1195 994 quia
1223 926 1362 996 negotium
1391 927 1473 982 nobis
1506 929 1610 984 eminet
1642 939 1715 984 nunc
1738 941 1878 1000 magnum,

192 1040 274 1084 carne
298 1039 362 1081 una.
386 1025 458 1093 Ergo
477 1021 524 1091 qul
540 1018 654 1076 dimittit
668 1030 793 1078 uxorem,
810 1028 919 1072 carnem
936 1027 1012 1070 suam
1054 1011 1127 1068 unde
1143 1013 1226 1069 modo
1240 1019 1359 1071 tractare
1374 1029 1436 1071 cum
1448 1029 1553 1072 summa
1568 1015 1721 1073 humilitate
1735 1019 1877 1084 conuenit,

191 1115 303 1181 scindit,
320 1112 417 1170 diuidit
431 1124 532 1181 corpus
544 1107 583 1181 (e.
599 1107 641 1179 4).
655 1107 716 1164 Noli
732 1119 845 1163 uxorem
861 1104 1010 1168 dimittere,
1053 1113 1069 1155 a
1084 1101 1185 1157 talibus
1204 1115 1277 1159 nunc
1291 1116 1342 1159 nos
1361 1102 1557 1161 subtrahentes
1581 1105 1765 1176 quiescamus.
1791 1107 1880 1178 igitur
1977 1151 1982 1162 .

192 1219 226 1262 ne
243 1206 327 1262 Deum
341 1202 450 1273 copulae
466 1206 521 1257 tuae
544 1197 688 1254 diilllearis
701 1203 836 1252 autorem.
856 1194 926 1250 hudi
945 1191 1011 1263 quid
1053 1202 1126 1246 nunc
1140 1191 1243 1248 nostris
1269 1200 1397 1249 occurrat
1421 1194 1571 1260 memoriis,
1596 1194 1671 1264 quod
1686 1193 1787 1252 doctor
1801 1209 1880 1268 gen-

191 1294 261 1351 dixit
275 1295 347 1349 beus
363 1312 370 1348 :
386 1291 436 1359 Qui
451 1288 565 1346 dimittit
575 1300 698 1354 uxorem,
715 1283 780 1341 iacit
794 1298 852 1340 eam
868 1281 1010 1350 moechari,
1052 1277 1120 1334 tium
1149 1286 1176 1335 et
1200 1279 1324 1336 veritatis
1353 1282 1483 1353 magister
1510 1281 1611 1338 Paulus
1629 1283 1781 1353 apostolus,
1814 1284 1879 1340 lube

191 1383 293 1440 etenim
308 1382 352 1438 cui
368 1393 423 1436 non
443 1379 508 1435 licet
521 1377 629 1433 virente
648 1376 706 1432 viro
721 1379 827 1430 mutare
842 1372 1010 1445 conjugium,
1052 1367 1190 1437 salutaris,
1206 1369 1325 1437 intonat,
1342 1369 1439 1426 dicens
1451 1391 1458 1426 :
1471 1389 1486 1424 ε
1500 1372 1550 1438 Qui
1565 1386 1596 1428 se
1611 1385 1667 1428 non
1681 1372 1819 1440 continet,
1831 1386 1880 1430 nu·

192 1477 284 1544 potest
303 1471 438 1540 obrepere
468 1467 554 1524 libido
574 1464 717 1536 peccandi.
742 1464 837 1534 ltaque
860 1461 907 1532 qui
931 1466 1013 1517 autor
1053 1457 1109 1526 bal,
1126 1457 1224 1514 melius
1243 1459 1316 1515 enirn
1343 1463 1386 1515 εει
1409 1459 1514 1516 nubere
1540 1474 1622 1531 quam
1641 1461 1684 1517 uri
1706 1461 1736 1533 (l
1748 1463 1810 1518 Gor.
1828 1477 1878 1518 ru.

191 1560 294 1619 erroris
314 1563 364 1625 εει,
383 1557 465 1615 ειίεει
489 1570 553 1612 reus
581 1558 624 1611 εει
639 1552 739 1623 culpae.
758 1553 843 1620 Quam
863 1548 1012 1622 periculo·-
1052 1543 1095 1616 9)·
1118 1565 1130 1595 a
1151 1547 1320 1603 1111111111
1341 1547 1409 1605 Volo
1434 1554 1525 1605 aulem
1552 1563 1650 1607 omnes
1671 1549 1800 1607 homines
1817 1563 1878 1606 08⁸0

191 1663 261 1717 sum,
281 1648 305 1704 si
318 1646 442 1719 lragilem
463 1641 677 1701 adolescentulae
701 1645 809 1697 aetatem
834 1639 922 1696 errori
946 1639 1013 1695 olle-
1052 1635 1124 1690 sicui
1140 1639 1168 1691 et
1183 1649 1225 1692 me
1240 1636 1340 1707 ipsum,
1351 1637 1401 1694 sed
1412 1638 1601 1710 unusquisque
1617 1640 1760 1710 proprium
1774 1639 1877 1696 denunt

191 1745 253 1796 rest
279 1738 363 1805 Quam
393 1734 516 1805 impium,
540 1733 564 1788 si
592 1733 652 1801 elus
682 1730 816 1787 destituas
842 1721 1137 1786 senectutemeabet
1155 1726 1269 1793 culleo,
1294 1725 1364 1782 allus
1387 1726 1499 1797 quidem
1518 1727 1569 1796 sic,
1588 1727 1738 1784 aliusnero
1752 1741 1811 1785 uon
1826 1729 1875 1785 sic.

191 1828 270 1899 cujus
284 1824 461 1882 delloraveris
472 1825 660 1894 juventutem!
686 1821 738 1888 Qui
756 1819 914 1876 bominibus
932 1817 1012 1874 obse-
1051 1811 1119 1868 bico
1140 1821 1231 1870 11111111
1255 1826 1309 1871 11011
1335 1816 1428 1886 11111111
1450 1821 1479 1872 el
1501 1816 1874 1886 11111111τ1101111111111111115ι

192 1917 296 1988 queris,
313 1917 397 1972 ileum
416 1926 521 1970 verere.
546 1910 616 1967 hudi
631 1910 719 1982 legem
737 1909 844 1966 bomini
860 1913 895 1977 (ε.
911 1907 951 1978 5),
967 1907 1011 1964 cui
1052 1899 1075 1956 si
1086 1900 1126 1958 sic
1136 1904 1337 1973 permanserint
1345 1904 1419 1961 sicut
1428 1910 1525 1977 elego.
1533 1907 1613 1974 Quod
1622 1906 1646 1962 si
1654 1919 1710 1964 non
1719 1907 1874 1975 continent,

192 2007 362 2064 obsecuntur
376 2003 459 2060 etiam
473 2001 520 2072 qui
536 1999 611 2072 leges
625 1999 717 2056 ierunt
732 2018 738 2055 :
763 2000 836 2067 eros
855 1999 927 2054 bees
942 2010 1012 2054 con·
1053 1991 1167 2060 nubant,
1183 1993 1281 2050 melius
1291 1996 1414 2050 estenim
1425 1995 1541 2064 nubere,
1558 2010 1639 2068 quant
1651 1999 1693 2053 uri
1703 1997 1798 2069 (ibid,
1810 1997 1873 2066 'ite

188 2097 289 2167 junxit,
306 2093 389 2151 bomo
404 2105 460 2148 non
477 2094 587 2161 separet
603 2089 643 2162 (c.
658 2089 701 2160 6).
716 2087 769 2146 Sed
785 2101 841 2143 non
855 2087 944 2143 solum
958 2085 1013 2143 hoc
1052 2080 1120 2137 item
1131 2080 1165 2138 ad
1175 2083 1333 2140 Romanos:
1347 2083 1479 2142 «seimus
1487 2086 1659 2156 cutemque
1670 2085 1713 2144 lex
1722 2087 1876 2158 spiritualis

190 2184 348 2242 11ἐεειεειε
368 2185 547 2254 praeceptum,
567 2178 617 2235 sed
632 2177 769 2249 quoddam
786 2177 867 2232 etiam
880 2187 950 2247 opus
963 2173 1012 2231 bei
1053 2173 1106 2238 est,
1125 2185 1177 2243 ego
1200 2177 1290 2228 εειεει
1314 2173 1433 2231 carnalis
1451 2189 1511 2230 sum
1534 2175 1587 2232 sub
1607 2181 1721 2246 peccam
1735 2175 1876 2232 renunda-

189 2273 405 2330 miminerit
429 2269 495 2341 qnid
510 2272 622 2325 sanetus
640 2266 782 2323 crisantus
795 2266 824 2321 in
838 2278 888 2322 sua
907 2263 1012 2334 passio·
1052 2262 1106 2315 tus.
1130 2259 1201 2328 Quid
1224 2262 1296 2318 enim
1324 2275 1436 2334 operor,
1464 2276 1520 2320 non
1548 2263 1683 2336 intelligo.
1712 2266 1773 2322 Non
1803 2267 1875 2321 enirn

190 2376 235 2430 ne,
265 2362 312 2418 ubi
342 2359 452 2417 mentiri
476 2371 531 2416 non
557 2355 656 2428 potuit,
681 2355 765 2424 dicat,
794 2353 938 2425 percipite.
968 2352 1013 2410 alt
1053 2347 1128 2417 quod
1147 2349 1209 2407 volo
1237 2351 1290 2407 hoc
1312 2366 1374 2422 ago,
1398 2351 1448 2409 sed
1471 2352 1546 2423 quod
1570 2352 1618 2409 odi
1645 2353 1714 2411 illud
1734 2352 1819 2412 facio.
1848 2355 1875 2411 Si

191 2452 264 2508 enim
281 2471 288 2507 :
306 2468 321 2503 ε
340 2451 439 2506 Errant
463 2447 510 2519 qui
535 2447 688 2504 castitatem
706 2459 736 2500 sc
752 2448 849 2516 putant
863 2441 1012 2513 perlectam
1053 2442 1144 2493 autem
1159 2439 1233 2506 quod
1249 2440 1393 2498 noloillud
1410 2439 1493 2512 lacio,
1504 2442 1649 2500 consentio
1664 2441 1730 2514 legi,
1745 2445 1875 2515 quonian

190 2541 248 2597 suls
264 2537 532 2604 nisibusobtlnere;
553 2535 605 2592 nisi
624 2535 695 2591 enim
716 2538 774 2601 tuo,
793 2533 915 2600 Domine,
932 2532 1012 2588 inbre
1053 2525 1377 2600 1101111111(111111·.111,
1408 2529 1497 2604 14)·1)
1519 2529 1874 2603 11111111111111111115111111

190 2629 306 2685 dammae
320 2626 424 2683 luerint
447 2623 608 2694 corporales
623 2623 761 2691 extinctae,
778 2634 833 2678 non
849 2627 939 2691 potest
953 2620 1012 2676 ani·
1052 2617 1154 2674 timens
1181 2618 1379 2689 perplurimum
1402 2621 1487 2677 corde
1502 2625 1532 2677 et
1545 2621 1638 2680 animo
1657 2636 1822 2694 expavesco,
1835 2630 1876 2682 tot

189 2730 250 2773 mus
264 2716 408 2788 pervenire
423 2729 478 2786 quo
498 2715 597 2785 pergit.
614 2712 712 2769 Libido
723 2716 765 2768 est
779 2711 865 2767 bestia
881 2709 1010 2782 maligna,
1052 2712 1081 2763 et
1098 2711 1191 2764 tantos
1210 2707 1326 2765 scientia
1349 2716 1377 2766 et
1401 2710 1563 2780 operatione
1588 2711 1817 2782 preclarissimus
1834 2727 1875 2770 se

188 2819 250 2875 quae
266 2805 295 2862 in
309 2805 385 2877 sylva
399 2804 481 2876 hujus
495 2803 589 2860 seculi
604 2801 639 2858 ad
658 2799 830 2858 devorandas
843 2799 947 2856 animas
962 2813 1012 2870 per
1051 2796 1180 2855 cerdoles
1202 2795 1325 2855 feraliter
1338 2813 1354 2854 a
1374 2798 1486 2869 perlidis
1508 2800 1671 2863 Christianis
1689 2803 1742 2860 sub
1755 2803 1873 2875 ruada-

188 2903 298 2948 earnem
314 2895 342 2948 et
356 2890 499 2947 diabolum
513 2889 655 2945 incitatur.
671 2888 721 2955 Qui
740 2887 801 2957 ejus
819 2891 934 2942 mortem
950 2899 1011 2940 eva·
1051 2891 1079 2943 et
1111 2887 1234 2944 inandita
1277 2889 1424 2946 occasione
1460 2889 1613 2947 trucidatos
1641 2891 1873 2962 animadvertens,

187 2979 265 3043 serit,
295 2979 346 3034 tibl
373 2979 430 3035 beo
453 2979 555 3049 gratias
583 2974 677 3041 relert,
703 2975 768 3045 quia
786 2980 863 3030 tuum
878 2973 1009 3044 estquod
1051 2975 1149 3033 dolens
1167 2976 1250 3042 modo
1265 2983 1373 3050 tempus
1387 2980 1528 3050 comperio
1542 2981 1645 3038 nostris
1659 2982 1749 3040 oculis
1762 2984 1872 3041 accele-

188 3069 320 3124 euasit.r›
1020 3051 1136 3134 Crasse,
1156 3065 1191 3122 de
1219 3081 1275 3138 quo
1301 3069 1408 3125 animus
1425 3068 1545 3139 apostoli
1571 3071 1671 3141 spiritu
1699 3077 1727 3128 ει
1755 3073 1873 3130 scientia

187 3172 306 3246 Eum-,u
320 3171 353 3205 m
365 3187 450 3228 ,m
478 3170 590 3228 Wfpmp
612 3169 814 3237 mmmmm,-
838 3171 930 3243 impp
948 3171 1010 3226 pm.
1051 3155 1098 3210 bei
1113 3151 1272 3226 perfulgens
1289 3155 1375 3212 multa
1393 3157 1527 3229 presagia
1549 3157 1680 3230 praelatus
1698 3168 1742 3217 εει
1756 3161 1874 3218 dicens:

222 3243 315 3314 dromi,
341 3245 442 3302 Grecis
468 3249 494 3300 el
522 3243 623 3300 Latinio
649 3241 758 3314 eloquiis
781 3241 907 3310 emditue,
923 3243 967 3315 rai
984 3246 1010 3299 et
1052 3243 1115 3299 sin
1131 3243 1287 3300 novissimis
1305 3245 1476 3316 temporibus
1490 3245 1635 3304 discedent
1646 3248 1788 3319 quideme
1809 3249 1873 3318 ide,

222 3317 358 3374 ἀιεεεεεε.
1049 3330 1226 3388 attendentes
1253 3332 1398 3402 spiritibus
1425 3334 1538 3401 erroris,
1564 3339 1592 3391 ει
1610 3334 1746 3393 doctrinis
1772 3337 1875 3396 deme

220 3421 266 3478 24.
286 3421 359 3494 (23.)
382 3422 488 3478 «Deus
514 3420 561 3492 qui
583 3419 646 3477 lons
660 3425 702 3477 est
716 3420 858 3488 bonitatis,
875 3418 1009 3492 perfectio
1049 3420 1158 3476 riorum
1180 3421 1211 3476 in
1236 3421 1357 3492 ypocrisi
1380 3421 1552 3492 loquentium
1571 3423 1756 3494 mendacium,
1781 3433 1875 3484 ceute

93 3497 97 3504 ’
185 3511 330 3580 emutatis,
355 3510 485 3582 magister
507 3510 640 3577 caritatis,
665 3515 771 3566 amator
797 3525 868 3568 uerae
896 3511 1010 3585 virgini·
1050 3509 1146 3565 riatam
1161 3508 1320 3567 habentium
1339 3524 1416 3567 suam
1441 3511 1651 3580 conscientiam,
1668 3514 1873 3584 prohibentium

185 3600 250 3658 tatis
265 3601 442 3672 omniumque
464 3599 595 3656 virtulum
619 3606 727 3669 auctor,
752 3601 787 3657 sit
810 3602 891 3658 nobis
911 3602 965 3660 boo
979 3603 1008 3659 in
1050 3597 1165 3665 nubere,
1199 3598 1339 3656 1111111111
1367 3599 1477 3657 1111111
1503 3614 1575 3671 quos
1602 3602 1674 3658 Deus
1701 3605 1809 3662 creavit
1839 3606 1873 3662 ad

185 3693 297 3764 negotio
322 3689 446 3747 ueritatis
463 3693 549 3756 tutor,
570 3689 680 3761 adjutor
703 3690 875 3759 humilitatis,
903 3692 1010 3749 adrer-
1049 3687 1257 3757 percipiendum
1282 3701 1344 3744 eunt
1359 3687 1509 3759 gratiarum
1523 3690 1633 3746 actione
1649 3689 1778 3749 lidellbus
1797 3699 1827 3750 et
1840 3695 1874 3751 iis

184 3779 320 3837 sariorum
363 3776 503 3846 delensor,
548 3791 622 3835 verm
667 3779 776 3835 virtutis
821 3785 1007 3852 augmentum,
1048 3775 1297 3847 quicognouerunt
1310 3777 1453 3834 εεείιειειιι
1471 3775 1502 3849 (1
1515 3778 1581 3836 lim.
1600 3794 1641 3848 rr,
1657 3779 1694 3852 l).
1716 3801 1730 3834 ι
1752 3783 1872 3853 Utinam,

184 3880 342 3925 sermonum
363 3867 500 3937 justorum
530 3865 665 3936 minister,
689 3875 717 3924 et
739 3867 855 3925 sincerae
884 3869 1007 3927 caritatis
1047 3861 1147 3922 iratres
1174 3864 1357 3934 dilectissimi,
1386 3866 1441 3922 ¹¹⁰⁰
1465 3865 1596 3937 illicilum
1624 3881 1687 3926 111111
1714 3871 1822 3929 eurisis
1845 3879 1872 3929 et

183 3970 294 4027 semper
309 3955 528 4025 incrementum
548 3970 629 4027 quam
657 3955 800 4014 caritatem
819 3959 919 4016 Paulus
941 3973 1007 4031 apo·
1047 3952 1201 4010 humililate
1230 3968 1263 4011 ac
1290 3954 1459 4013 discretione
1483 3955 1591 4013 initium
1610 3957 1639 4014 in
1653 3957 1710 4014 beo
1728 3958 1846 4016 baberet
1863 3967 1869 4015 ι

184 4045 274 4103 stolus
287 4058 372 4116 super
387 4058 483 4103 omnes
505 4045 622 4102 uirtutes
640 4045 788 4117 laudando,
805 4056 835 4105 ει
846 4051 902 4121 jam
917 4049 1005 4119 scitis,
1047 4042 1105 4099 110⁶
1120 4043 1144 4100 11
1159 4043 1232 4100 enlm
1247 4041 1355 4111 luisset,
1371 4044 1467 4114 utique
1482 4044 1602 4101 1111111111
1617 4045 1720 4103 1101111111
1739 4061 1773 4104 111
1788 4047 1872 4104 finem

183 4135 386 4208 mormiliorum
406 4133 441 4191 de
465 4147 520 4205 qna
550 4140 662 4192 sanctus
693 4138 860 4209 Augustinus
884 4141 1005 4196 omnium
1046 4131 1155 4202 quiesi
1181 4133 1292 4202 pletatis
1314 4137 1342 4188 et
1365 4132 1489 4189 caritatis
1511 4133 1620 4192 initium
1649 4139 1677 4191 et
1705 4135 1778 4204 bnis,
1799 4138 1872 4194 bem

182 4224 382 4282 sententiarum
402 4223 501 4295 peritia
525 4223 610 4281 lullus
623 4224 651 4282 in
671 4225 743 4284 libro
758 4227 793 4284 de
812 4229 895 4284 unico
914 4226 944 4260 ¹⁸¹
959 4228 1006 4285 ba·
1046 4220 1130 4276 cerlis
1143 4219 1251 4276 inditiis
1269 4221 1329 4276 sine
1345 4221 1428 4277 [ands
1454 4221 1541 4294 plagis
1566 4236 1599 4280 ac
1613 4225 1758 4295 angustiis,
1778 4227 1872 4298 eqni·

182 4315 283 4386 ptlsmo
302 4315 466 4388 perscripsit
491 4313 570 4388 (lat)
600 4315 696 4373 dicens
716 4337 722 4373 :
749 4335 764 4370 ε
788 4316 905 4374 Videant
923 4332 1004 4389 quam
1045 4309 1098 4367 11111
1121 4324 1194 4367 nunc
1217 4309 1288 4367 111110
1312 4313 1408 4368 noster
1427 4311 1559 4370 1111111111
1577 4313 1663 4370 lodus
1680 4315 1870 4373 Ambrosiaue

182 4405 266 4462 multa
282 4410 310 4462 et
324 4419 405 4477 quam
424 4418 522 4476 magna
536 4403 621 4462 nichil
646 4407 763 4478 prosint,
784 4407 807 4463 si
831 4421 914 4465 unum
929 4381 1074 4479 quodDin
1090 4400 1186 4473 primis
1204 4406 1328 4473 urgetur,
1348 4401 1500 4459 clementer
1513 4403 1698 4474 approberelt
1713 4403 1749 4462 111
1768 4406 1872 4479 (lilibus

181 4492 319 4562 delueritr
336 4499 365 4551 et
377 4494 491 4552 rideant
509 4493 585 4565 quod
608 4493 645 4550 sit
660 4494 750 4565 ipsum
765 4507 869 4564 unum;
890 4509 942 4553 nec
961 4511 1004 4553 me
1045 4491 1142 4549 beatus
1155 4490 1316 4548 Ambrosius
1329 4490 1358 4546 in
1372 4491 1547 4549 sermonibus
1556 4494 1737 4564 conqueritur
1751 4495 1867 4554 diceus:

181 4582 210 4641 ln
225 4583 471 4654 bomineandlant,
492 4583 542 4640 sed
557 4583 719 4654 apostolum
735 4602 742 4639 ε
758 4584 786 4640 Sl
801 4583 903 4656 linguis
916 4585 1006 4642 bomi-
1046 4600 1061 4635 u
1081 4582 1174 4638 lautis
1189 4582 1263 4638 enim
1285 4581 1365 4638 malis
1383 4582 1443 4639 haee
1457 4582 1512 4639 rita
1526 4583 1626 4639 misera
1644 4590 1688 4640 est
1706 4586 1824 4657 repleta,
1840 4595 1871 4644 ει

181 4685 245 4730 num
264 4673 364 4745 loquar
386 4678 415 4731 et
436 4673 607 4746 angelorum,
633 4671 774 4730 caritatem
800 4686 855 4730 non
878 4674 1003 4744 babeam,
1046 4671 1251 4744 comparatione
1278 4673 1339 4741 ejus
1364 4685 1438 4729 mors
1476 4671 1627 4729 remedium
1659 4679 1782 4746 putetur,
1813 4689 1868 4734 nou

180 4762 266 4820 nlcbll
281 4777 351 4820 sum.
368 4778 383 4820 a
399 4761 427 4820 Si
443 4763 528 4835 igitur
541 4763 634 4835 aliqua
648 4763 795 4836 ingruente
812 4766 1004 4836 perseeutione
1045 4774 1136 4833 prena.
1152 4779 1167 4815 e
1186 4760 1240 4818 sed
1269 4761 1333 4832 quia
1361 4760 1465 4817 malitia
1493 4765 1521 4818 et
1545 4760 1741 4832 malivolentia,
1774 4765 1817 4822 ira
1839 4773 1867 4824 et

180 4852 290 4910 tradant
305 4852 339 4910 ad
354 4851 476 4909 dammas
500 4851 645 4910 nobiscum
668 4865 772 4924 corpus
785 4866 863 4910 snum
879 4867 930 4925 pro
949 4853 1002 4911 ilde
1043 4850 1080 4908 od
1100 4863 1116 4907 o
1136 4862 1168 4908 ac
1186 4848 1311 4918 avaritia,
1337 4861 1399 4921 quae
1428 4861 1518 4920 neque
1546 4850 1626 4921 copia
1644 4851 1750 4923 augeri,
1775 4866 1866 4926 neque

179 4955 261 5014 quant
276 4941 382 5015 pariter
404 4940 581 5012 condentur,
606 4944 696 4999 umen
720 4943 785 5014 quia
803 4943 923 5014 separati
942 4941 1002 5000 bec
1042 4939 1137 5011 inopia
1162 4939 1249 4996 minui
1276 4942 1379 5010 potest,
1405 4937 1493 5008 ipsam
1516 4947 1679 4997 exercentes
1705 4942 1866 5014 incompen-

853 5094 966 5188 11111111]
993 5091 1186 5150 Lectiones.

217 5211 251 5248 '²¹
270 5213 316 5272 bic
335 5213 405 5286 culp.
426 5215 506 5271 delae
520 5213 593 5271 loma
610 5213 653 5272 hic
667 5214 807 5273 admodum
821 5215 953 5274 brevietur
966 5223 1014 5273 eet.
1050 5213 1084 5248 ⁸⁸⁰
1110 5215 1205 5272 Sermo
1227 5211 1365 5270 umbroril
1379 5210 1441 5281 uilp
1455 5211 1484 5268 in
1504 5211 1608 5270 batlms
1623 5209 1727 5272 lltter'is
1741 5223 1771 5273 ει
1787 5217 1862 5274 Gre-

179 5285 220 5342 cls
237 5285 360 5358 eruditi;
380 5285 445 5344 ideo
460 5285 586 5344 Biliarlus
605 5287 698 5345 dictus
711 5302 752 5346 es.
772 5289 831 5346 h**.
847 5289 877 5345 B.
893 5287 937 5346 Bi.
974 5287 1005 5320 ¹⁸¹
1025 5287 1108 5346 unico
1126 5285 1161 5344 de
1173 5287 1215 5347 ι’.
1234 5283 1296 5342 w.

962 5441 1070 5498 holm.
1154 5521 1159 5529 Ι

226 5563 283 5634 124)
304 5564 416 5620 Frustra
435 5565 473 5620 lbl
489 5565 616 5634 quesivi.
