4106 6178
203 227 272 286 1147
602 217 606 230 ’
760 223 923 280 roncelini
942 219 1092 278 montelli
1111 221 1331 278 sttlllvlsltstS.
1824 218 1893 274 1148

199 351 307 426 reliqua
334 349 491 410 moerenda
519 363 630 421 operam
660 348 879 406 extenderemus.
905 345 1183 420 tumrtmigandom
1197 347 1384 420 quodcunque
1398 350 1473 404 esset
1486 345 1713 418 procederemus.
1737 348 1815 405 Tune
1830 353 1895 420 post

201 443 313 518 quidam
327 440 362 499 de
376 439 481 498 nostris
493 439 707 512 simplicioribus
730 452 781 496 nos
798 439 942 507 adeuntes,
957 440 1022 496 bor-
1069 438 1270 498 vicedominum
1284 442 1313 496 et
1326 437 1492 495 castellanos
1502 442 1531 494 et
1544 449 1670 509 quosque
1690 439 1812 510 majores
1825 436 1894 495 cleri

200 533 251 591 tati
266 536 331 590 sunt
344 535 437 601 eoepto
447 533 607 588 constanter
620 527 748 588 insistere
759 528 848 597 operi,
859 527 1024 602 pollicentes
1068 529 1175 588 directo
1198 527 1306 597 nunilo,
1330 533 1361 584 ut
1380 541 1433 586 uos
1451 541 1547 585 omues
1561 527 1609 584 citi
1624 527 1725 584 adeant
1743 527 1843 584 inrito.
1858 527 1893 583 et

201 622 346 680 bominum
371 619 451 679 nobis
473 617 628 689 cooperari,
649 621 732 690 atque
754 623 817 690 post
837 631 894 677 non
908 619 1023 676 multum
1069 619 1197 692 quoniam
1221 616 1367 675 sabbatum
1392 621 1462 686 crat,
1486 616 1650 689 quibusdam
1663 629 1730 674 reru
1744 616 1779 672 ad
1799 615 1892 674 loreo-

201 711 336 784 temporls
359 709 496 766 Sitblense
521 707 677 765 coenobium
701 707 844 780 magnifice
868 723 884 764 a
907 708 1023 766 Domino
1068 708 1138 766 sium
1162 708 1252 781 legum
1276 709 1338 778 jura
1361 705 1612 775 convenientibus,
1640 719 1693 763 nec
1719 719 1799 763 mora
1818 705 1891 762 haurd

201 800 377 866 visitandum,
393 801 421 855 et
444 796 575 870 quiddam
590 797 680 869 magni
700 798 773 854 circa
792 797 864 856 idern
880 797 1023 856 declaran-
1069 796 1287 856 contemnendus
1300 795 1490 868 spectabilium
1510 809 1691 865 personarum
1705 795 1785 852 adest
1799 807 1892 866 popu·

165 879 168 884 ’
202 891 278 948 dum.
293 888 396 958 Quibus
409 893 475 944 ωηο
490 886 672 959 parvipensis,
687 887 722 944 ad
746 886 799 944 alia
818 900 861 945 me
881 901 943 945 mox
957 901 1024 946 cou-
1068 887 1121 945 lus.
1146 889 1282 945 praterea
1304 885 1375 942 lama
1398 884 1589 957 hujuscemodi
1608 885 1735 943 exciente
1754 883 1893 956 plebeiam

201 978 363 1045 vertebam,
401 982 429 1034 et
460 977 577 1035 maxime
609 977 773 1049 opportunis
810 977 893 1049 coepti
930 977 1023 1050 operis
1067 976 1270 1035 multitudinem
1287 976 1382 1034 eadem
1398 989 1443 1032 res
1461 988 1516 1033 non
1532 973 1620 1047 quirit
1634 975 1739 1045 latere;
1764 987 1894 1046 segrega·

202 1066 486 1126 administrationibus
514 1065 628 1124 sedulus
660 1065 846 1146 intendebam.
878 1065 923 1124 Sic
950 1067 1023 1124 iuter
1067 1069 1116 1126 tlm
1140 1069 1346 1140 perstrepentes
1368 1069 1517 1122 aecurrunt
1538 1064 1659 1135 stupide.
1681 1065 1825 1121 litantem
1840 1077 1896 1118 ma·

202 1156 373 1229 operandum
401 1169 462 1212 uum
490 1160 613 1228 tempora
644 1153 735 1212 iurent
762 1169 871 1213 emensa
904 1161 1023 1228 quatuor
1064 1157 1173 1230 loribus
1187 1155 1319 1214 cessimus
1333 1155 1367 1212 ad
1383 1153 1580 1223 accedendum,
1594 1153 1657 1210 data
1680 1154 1762 1226 copia
1779 1151 1895 1210 ridendi

201 1259 347 1315 annorum,
371 1259 403 1303 ao
425 1245 524 1318 quinto
547 1244 649 1302 debinc
677 1258 750 1302 auno
779 1245 901 1304 exterior
927 1260 1022 1305 murus
1067 1246 1197 1314 loculum,
1213 1249 1335 1302 actutum
1354 1243 1526 1302 Laudbertus
1548 1247 1654 1314 prator
1671 1243 1807 1308 urbanus,
1833 1241 1896 1298 aliis

199 1337 254 1407 jaon
279 1334 479 1407 aliquantisper
501 1339 661 1406 exsurgeret
684 1335 712 1392 in
732 1329 826 1405 alium,
851 1334 1021 1392 ediscenda
1066 1336 1161 1394 itidem
1185 1334 1341 1406 personatis
1362 1333 1428 1390 airis
1451 1331 1697 1400 conclamantibus,
1718 1345 1895 1403 nequaquam

199 1423 302 1481 ibidem
322 1428 427 1496 erpptae
451 1437 532 1480 causa
555 1423 695 1481 cardinale
709 1424 796 1481 sancti
815 1424 1020 1482 biartinlaltnre
1065 1424 1183 1484 scinde
1208 1423 1299 1496 lnquit
1321 1426 1474 1481 amoturum
1499 1422 1609 1492 pedem,
1638 1421 1728 1479 donec
1756 1421 1798 1478 rei
1823 1419 1895 1476 inibi

199 1513 359 1570 mutandum
382 1512 482 1582 luerat,
497 1513 571 1586 quod
595 1515 656 1571 sine
675 1512 813 1586 pontidcis
828 1513 888 1588 lieri
901 1528 1021 1584 prasen-
1065 1515 1178 1581 tatentls
1192 1514 1369 1586 dignosceret
1383 1513 1536 1569 veritatem.
1560 1512 1618 1567 lam
1638 1517 1695 1567 tum
1710 1510 1783 1567 enim
1802 1523 1819 1564 a
1842 1521 1897 1564 uo-

199 1602 236 1658 tia
254 1599 316 1673 (62)
332 1601 444 1660 minime
463 1601 589 1658 decebat.
613 1600 691 1670 Quod
706 1607 769 1672 post
784 1609 893 1658 octavas
908 1602 1019 1659 Paschae
1065 1607 1109 1662 bis
1131 1609 1236 1662 eertum
1262 1600 1416 1659 habebatur
1438 1599 1513 1672 quod
1533 1599 1634 1656 ibidem
1659 1599 1761 1672 aliquis
1782 1603 1897 1654 saneto

199 1691 264 1748 dnm
288 1697 452 1762 pararetur,
477 1690 541 1747 dum
556 1690 669 1748 absente
685 1691 817 1762 episeopo
833 1691 960 1763 ingentes
973 1685 1131 1752 ter-Brnm
1160 1706 1277 1764 corpore
1304 1692 1502 1749 detineretur:
1531 1677 1624 1745 se'rum
1649 1687 1683 1745 de
1706 1687 1898 1744 multominus

198 1792 290 1836 rerum
320 1778 408 1836 moles
426 1779 527 1850 quibus
550 1793 596 1835 ara
616 1779 892 1851 circumcingebatur,
912 1779 1023 1836 interim
1069 1797 1150 1857 quam
1165 1783 1200 1839 de
1214 1781 1263 1839 illo
1283 1781 1330 1852 qui
1353 1784 1456 1852 preter
1473 1793 1548 1850 spem
1564 1777 1898 1848 reperienduseratspe·

196 1869 274 1939 jussu
304 1873 401 1925 nostro
431 1872 658 1939 exportarentur,
693 1868 785 1925 subito
811 1869 1024 1926 vehementioris
1068 1873 1189 1930 rebatur.
1223 1875 1331 1929 luteres
1362 1869 1472 1927 cunctis
1503 1867 1745 1925 circumstantibus
1781 1865 1896 1923 iurasti·

200 1956 373 2029 egritudinis
396 1956 522 2013 molestia
550 1970 594 2012 me
622 1958 742 2029 graviter
765 1956 873 2026 invasit,
898 1956 1023 2014 debilita-
1068 1962 1165 2036 gandae
1180 1965 1263 2019 tantae
1278 1961 1318 2018 rei
1333 1959 1420 2030 gratia
1435 1971 1496 2016 enm
1512 1956 1747 2029 processionibus,
1763 1957 1896 2012 crucibus

198 2050 311 2118 tumque
337 2047 398 2103 siue
425 2059 501 2102 mora
531 2045 687 2104 lectotenus
716 2048 863 2116 prostravit
890 2067 896 2102 :
926 2047 1022 2118 sicque
1068 2058 1096 2109 et
1120 2051 1210 2110 cereis
1228 2050 1349 2122 peractis
1369 2046 1522 2116 acceditur,
1547 2052 1575 2104 et
1599 2047 1690 2113 nobis,
1715 2050 1746 2101 ut
1764 2045 1893 2113 decebat,

177 2148 295 2191 vsersus
317 2135 409 2192 sciens
421 2134 590 2191 voluntatem
614 2134 719 2192 domini
734 2136 775 2191 sui
794 2140 822 2191 et
836 2147 891 2192 non
907 2133 1021 2204 iaciens,
1069 2139 1177 2197 interim
1203 2139 1315 2197 litanias
1336 2137 1531 2204 cantantibus,
1560 2135 1722 2206 cunctisque
1750 2133 1895 2190 demiran-

199 2223 287 2296 plagis
301 2223 437 2296 vapulavit
452 2222 555 2279 multis.
579 2225 635 2280 Nec
650 2223 734 2280 credo
749 2237 792 2279 me
806 2229 911 2281 tautum
927 2237 1024 2295 pecca·
1067 2230 1141 2287 tibus
1155 2231 1303 2302 detegitur,
1325 2243 1358 2285 ac
1379 2227 1465 2285 multo
1488 2225 1635 2282 multorum
1653 2223 1783 2280 sudores
1803 2224 1894 2295 prima

198 2317 287 2370 torem
302 2313 394 2370 cuncti
410 2317 503 2368 reatus
522 2312 671 2369 obnoxium
684 2319 738 2368 tam
751 2318 853 2370 sauctae
868 2312 908 2369 rei
922 2311 1022 2371 iuturae
1067 2319 1122 2376 diei
1151 2318 1220 2375 bora
1247 2331 1334 2390 usque
1359 2317 1386 2372 in
1411 2329 1554 2387 vesperum
1578 2312 1675 2371 ferreis
1698 2313 1894 2368 instrumentis

198 2401 375 2473 ³¹¹l¹¹0m0d0
408 2402 560 2472 emereri
589 2400 745 2468 'mersisti
780 2401 813 2472 5¹¹,
841 2402 917 2472 brius
944 2407 1021 2458 tauto
1065 2409 1110 2465 vir
1136 2407 1295 2479 dissipatur.
1324 2406 1402 2476 Quod
1430 2405 1540 2462 taudem
1565 2409 1689 2476 opertum
1711 2401 1809 2474 grandi
1824 2402 1894 2458 satis

198 2490 306 2548 bomini
335 2491 484 2565 castigatus
512 2492 640 2562 expiarer
663 2492 788 2548 verbere.
821 2491 942 2562 ideoque
974 2491 1023 2548 ali·
1066 2497 1175 2554 artlioii
1191 2495 1330 2553 molimine
1345 2495 1502 2566 plumbeum
1517 2492 1647 2550 semotum
1663 2491 1784 2549 omnium
1800 2497 1893 2547 astan-

198 2580 320 2651 quandiu
345 2593 390 2636 res
413 2579 574 2637 destruendi
593 2580 687 2636 altaris
705 2585 771 2636 tunc
786 2578 974 2647 differebatur,
990 2594 1021 2636 ac
1067 2585 1135 2643 tium
1167 2585 1256 2642 oculis
1283 2589 1397 2656 apparet
1424 2583 1594 2640 continuisse
1620 2601 1626 2636 :
1661 2580 1765 2652 illoque
1797 2580 1892 2637 soluto

199 2669 309 2725 interim
338 2669 418 2740 copia
447 2675 528 2726 terrae
553 2683 640 2740 usque
663 2667 697 2724 ad
726 2669 811 2725 elisue
835 2667 1022 2726 circumfossae
1067 2675 1175 2732 cunctis
1200 2673 1442 2730 circumstantibus
1460 2671 1525 2728 dum
1544 2669 1683 2742 panditur,
1708 2669 1818 2726 emeriti
1843 2684 1892 2724 cu-

199 2757 415 2828 0¹l¹⁰ii³b³¹¹¹rt
431 2772 493 2815 eum
505 2758 612 2829 1⁰1⁰ssio
627 2757 718 2828 quarti
730 2759 785 2827 lim
801 2757 1022 2830 meilissdlwlis
1064 2764 1172 2835 jusdam
1193 2763 1281 2820 sancti
1301 2763 1421 2819 membra
1446 2761 1610 2818 revelantur.
1637 2759 1742 2816 Deinde
1767 2759 1892 2814 noudum

198 2847 342 2904 vexatione
365 2846 563 2918 aliquantulum
584 2846 811 2913 convalescente,
842 2848 951 2918 qnidam
980 2861 1022 2903 se·
1066 2859 1216 2924 apparente
1248 2855 1310 2924 etrus
1337 2851 1424 2907 saneti
1454 2849 1573 2906 nominis
1604 2847 1683 2904 tilulo
1711 2847 1892 2917 omniumque

199 2935 307 2992 nicrum
332 2943 490 2993 nostrorum
515 2950 558 2992 me
584 2935 677 2992 adiero
701 2935 826 2992 diceutes
850 2950 922 2992 aram
946 2935 1021 2992 iilam
1066 2940 1155 2997 oculis
1173 2939 1206 2995 ad
1231 2939 1285 2996 luoc
1309 2939 1397 3009 ipsum
1422 2935 1554 3000 intentis,
1580 2935 1623 2991 bis
1645 2941 1741 3005 terque
1765 2941 1892 2990 scrutato

197 3025 251 3096 jam
281 3031 504 3095 exportataque
532 3025 561 3081 in
588 3026 705 3081 circuitu
730 3026 790 3096 elus
813 3031 872 3082 erat
895 3001 1152 3098 congeriefltotlus
1176 3029 1250 3086 busti
1274 3025 1377 3093 loculo,
1403 3025 1550 3085 novissime
1569 3025 1620 3081 sub
1644 3023 1740 3081 dextro
1765 3024 1891 3094 ejnsdom

200 3119 307 3184 nutare,
331 3121 370 3180 et,
395 3113 424 3168 ui
448 3113 503 3170 clto
527 3112 729 3180 subveniretur,
750 3127 873 3170 casuram
892 3113 972 3178 iore:
997 3120 1025 3173 et
1065 3118 1154 3174 sancti
1187 3117 1303 3173 humero
1333 3129 1401 3172 crux
1428 3121 1556 3187 argentea
1585 3119 1693 3183 reperta
1722 3113 1890 3180 extrahitur,

200 3201 236 3258 ob
252 3201 280 3259 id
300 3201 471 3272 episcopum,
491 3199 620 3272 quoniam
645 3206 711 3256 tunc
736 3203 884 3258 Tarvenna
913 3201 1023 3271 iuerat,
1065 3207 1201 3279 nobisque
1229 3206 1263 3260 aul
1293 3217 1389 3261 manus
1417 3201 1573 3274 praefertur,
1602 3202 1646 3258 bis
1674 3205 1780 3256 tantum
1804 3201 1890 3256 trium

202 3293 320 3350 celerius
343 3291 466 3348 mastdari
491 3297 632 3362 oportere.
652 3293 736 3363 Cultus
754 3292 794 3348 rei
814 3292 900 3365 gratia
919 3294 1026 3350 arcitus
1064 3295 1210 3353 verborum
1226 3293 1355 3366 insignita
1371 3292 1491 3348 notulis:
1508 3291 1630 3346 Suncrus
1644 3291 1891 3346 lisnmsusussss.

199 3383 267 3439 satis
284 3381 417 3439 benevole
433 3381 562 3448 accurrit,
578 3387 710 3451 sextaque
729 3380 796 3437 teria
816 3381 938 3452 ejursdem
950 3383 1024 3453 lelu·
1065 3387 1121 3442 Nee
1139 3385 1234 3441 horret
1256 3383 1291 3440 ab
1315 3382 1397 3452 buJus
1418 3380 1506 3436 sancti
1530 3379 1683 3450 praeconio,
1707 3380 1781 3450 quod
1807 3379 1892 3435 nobis

199 3471 239 3526 nli
258 3471 348 3541 quarti
372 3483 445 3526 aram
470 3469 660 3526 destructurus
683 3483 744 3526 eum
773 3470 866 3526 mrultis
896 3467 1023 3541 accessit,
1064 3475 1155 3532 adhue
1179 3474 1284 3535 insciis,
1309 3485 1398 3543 neque
1423 3469 1458 3526 de
1486 3470 1540 3526 boc
1563 3468 1653 3525 donec
1672 3469 1790 3540 contigit
1808 3469 1890 3539 quid·

200 3560 301 3631 illaque
314 3561 445 3616 subversa
460 3559 555 3615 eadem
574 3558 619 3615 die
639 3558 721 3615 uobis
744 3559 837 3616 invitis
851 3559 961 3617 domum
981 3576 1025 3618 re·
1065 3579 1145 3634 quarn
1162 3561 1358 3634 praemedltatls
1375 3561 1487 3627 animo,
1512 3559 1579 3615 satis
1598 3571 1719 3630 congrue
1738 3557 1767 3612 io
1780 3556 1890 3628 jejunio

200 3650 261 3706 dltt.
286 3651 345 3718 Quo
369 3649 396 3704 in
421 3649 484 3706 loco
503 3649 567 3704 dum
583 3649 710 3720 sequenti
734 3648 789 3716 die,
810 3649 863 3706 buc
878 3655 920 3706 est
935 3650 1024 3721 septi·
1065 3653 1156 3725 quarti
1183 3651 1285 3708 mensis
1314 3657 1368 3706 tam
1392 3647 1488 3706 dilecti
1511 3647 1599 3704 Patris
1621 3653 1715 3703 sancta
1739 3645 1890 3716 contigerit

200 3753 242 3795 ma
269 3737 320 3811 (631
345 3736 414 3794 teria
437 3737 556 3809 ieiunii,
580 3738 621 3793 uti
645 3738 677 3794 ad
704 3737 819 3794 locanda
846 3737 1024 3795 fundamenta
1065 3742 1197 3799 inventio.
1224 3740 1386 3797 condecens
1409 3738 1483 3794 enim
1502 3736 1553 3793 iuit
1576 3741 1604 3792 et
1618 3735 1696 3792 valde
1711 3733 1889 3791 commodum

201 3827 283 3884 altius
312 3826 425 3894 luditur,
451 3826 515 3883 dum
536 3827 619 3882 multa
643 3833 777 3884 terrarum
800 3827 881 3898 copia
900 3827 1022 3896 etlertur,
1065 3837 1095 3888 ut
1121 3832 1154 3888 ad
1185 3836 1238 3887 tam
1272 3833 1476 3886 sacrosanctum
1510 3825 1646 3882 accessuri
1679 3825 1889 3888 commercium,

200 3930 266 3973 ecoe
280 3916 331 3973 sub
346 3917 408 3988 ipso
422 3922 518 3972 saneto
537 3917 631 3972 altaris
645 3917 707 3974 loco
722 3917 861 3988 quoddam
880 3931 1023 3990 apogaeum
1064 3927 1170 3992 quarta
1185 3926 1214 3978 et
1234 3924 1320 3976 sextae
1343 3917 1524 3988 septimaeqne
1547 3912 1624 3970 ierim
1648 3911 1770 3984 ejusdem
1787 3913 1889 3982 jejunit

201 4005 278 4061 duris
293 4004 441 4076 lapidibus,
452 4005 562 4077 tegulis,
572 4006 743 4077 antiquoque
758 4012 891 4064 caemente
906 4021 1023 4080 operose
1064 4009 1233 4081 parcimonia
1248 4007 1447 4080 aliquantisper
1469 4003 1558 4062 eiiecti
1582 4003 1766 4074 purgatiores,
1782 4001 1816 4057 ad
1832 4009 1888 4058 tam

201 4093 343 4152 conditum
372 4092 530 4151 offenditur.
560 4095 619 4151 line
647 4104 799 4166 comperto,
828 4110 880 4154 uos
911 4096 1022 4169 quidem
1063 4097 1236 4157 venerandos
1254 4095 1342 4153 sancti
1361 4100 1438 4152 artus
1455 4091 1661 4165 investigandos
1674 4103 1890 4163 properaremus

201 4183 318 4256 idipsum
346 4183 432 4240 visuri
455 4183 642 4251 accurrimus,
671 4190 700 4240 et
725 4184 851 4242 videntes
878 4200 962 4257 super
989 4201 1023 4244 eo
1063 4188 1204 4260 aliquanto
1223 4184 1643 4258 digniores.'Quaecunquevero
1658 4187 1803 4251 antequam
1819 4178 1888 4234 daut

200 4272 346 4330 admodum
363 4273 452 4330 mirati
475 4287 578 4330 sumus.
603 4275 660 4330 Nec
679 4275 744 4346 tegi,
765 4287 816 4331 nec
835 4274 926 4346 detegi
950 4275 1022 4333 ultra
1063 4283 1179 4351 possunt
1198 4274 1332 4348 pressim,
1359 4287 1391 4330 ea
1420 4285 1471 4343 pro
1496 4269 1608 4330 modulo
1634 4281 1685 4326 suo
1711 4268 1888 4340 providentia

200 4361 268 4420 illud
284 4364 462 4434 permittitur,
478 4376 513 4420 ne
534 4361 628 4420 iorsan
643 4364 666 4419 si
681 4364 785 4436 absque
800 4364 936 4421 bonorum
951 4365 1022 4422 uiro·
1063 4369 1170 4425 valeant
1197 4363 1355 4438 gubernari.
1380 4363 1478 4419 verum
1506 4362 1559 4416 ista
1582 4359 1656 4416 uude
1680 4357 1755 4415 nulla
1771 4357 1889 4414 cuilibet

200 4467 260 4510 rum
289 4453 447 4510 testimonio
480 4453 617 4510 detectum
648 4453 816 4522 solveretur,
845 4461 892 4510 aut
919 4459 1022 4512 tectum
1063 4462 1187 4515 nostrum
1201 4454 1254 4512 tuit
1268 4453 1376 4521 notitia,
1393 4451 1455 4523 quis
1479 4452 1516 4508 ita
1536 4449 1670 4522 disposita
1684 4446 1887 4514 moderaretur,

200 4540 360 4613 aliquandiu
384 4541 516 4600 occultam·
542 4553 715 4607 conaremur,
731 4554 783 4598 nos
806 4547 900 4598 nostra
921 4542 1023 4614 impru·
1062 4545 1115 4604 uisi
1130 4545 1217 4603 sollus
1231 4543 1278 4600 bet
1294 4540 1489 4614 prasclenuat
1507 4544 1561 4596 etc.

201 4629 294 4694 dentia
331 4644 559 4703 quorumcunque
597 4631 758 4688 emulorum
795 4631 1022 4702 derogationibus
1098 4635 1126 4692 d.
1146 4634 1259 4691 'talibus
1274 4646 1339 4704 ergo
1355 4631 1467 4688 iudiciis
1490 4629 1613 4700 pretioso
1636 4639 1720 4697 super
1741 4639 1840 4682 aurum
1859 4631 1887 4682 et

200 4720 417 4777 criminaremur.
442 4721 537 4792 Neque
561 4733 592 4776 ea
607 4719 652 4776 die
667 4719 814 4792 episcopus
827 4721 925 4792 attingi
940 4726 1022 4793 pote·
1063 4727 1190 4797 topazion
1222 4725 1335 4780 invento
1366 4734 1399 4777 ae
1436 4724 1578 4790 comperto
1611 4715 1762 4773 beatissimi
1796 4715 1887 4770 Patris

200 4814 254 4879 iii,
278 4809 408 4880 diffiniam
434 4809 574 4880 preterita
598 4809 643 4866 die
661 4811 753 4866 statim
777 4808 870 4867 evulso
885 4809 976 4877 alieri,
991 4815 1023 4866 tii
1062 4828 1191 4886 corpore,
1218 4825 1280 4869 cum
1304 4816 1417 4867 eatenus
1439 4807 1546 4865 diutina
1568 4811 1597 4863 et
1614 4803 1773 4878 gramssima
1794 4805 1887 4860 omnis

200 4899 304 4957 dictum
328 4904 380 4968 est,
401 4899 512 4956 domum
535 4898 665 4956 redierat.
691 4899 766 4956 Tunc
791 4899 855 4969 buc,
871 4905 937 4957 tunc
956 4899 1022 4956 illuc
1061 4911 1135 4962 terra
1161 4904 1277 4960 decocta
1300 4897 1524 4972 pessumdaretur
1545 4896 1681 4954 stuprum,
1704 4895 1742 4950 pp
1767 4897 1797 4949 pp
1826 4895 1887 4949 ppp.

199 4990 317 5048 vertitur
347 4992 478 5059 animus,
516 4991 591 5061 quod
625 4990 796 5062 potissimum
829 4990 912 5063 eligat
942 4991 1021 5048 valde
1062 5008 1140 5052 versa
1163 5001 1284 5065 segetum
1307 5003 1357 5060 spe
1377 4989 1433 5059 jam
1457 4986 1567 5058 penitus
1589 4997 1651 5042 sese
1669 4983 1795 5040 frustrari
1819 4997 1887 5052 que·

199 5080 306 5137 anxius.
330 5081 450 5137 landem
474 5094 558 5152 super
575 5080 630 5137 boc
647 5081 849 5138 communicato
863 5085 1021 5138 nostrorum
1061 5089 1190 5142 rereutur
1208 5079 1355 5153 agricolae;
1376 5091 1442 5134 ecee
1456 5075 1553 5134 eodem
1572 5081 1711 5132 momento
1734 5073 1885 5142 premissis

199 5169 328 5239 consilio,
344 5171 399 5228 bue
413 5183 465 5229 nos
479 5169 602 5228 converti
616 5169 703 5226 risum
718 5175 761 5228 est
784 5170 901 5238 melius,
925 5176 957 5227 nt
978 5170 1022 5226 bis
1062 5172 1156 5231 multis
1191 5169 1323 5228 tonitruis
1358 5171 1441 5238 atque
1477 5163 1687 5222 coruscantibus
1722 5159 1885 5217 fulminibus

199 5272 270 5330 ques
284 5260 378 5318 eadem
394 5259 454 5318 dies
468 5259 598 5316 attulerat
612 5259 699 5316 innixi
713 5259 840 5326 taedium,
856 5259 892 5315 ad
909 5259 1022 5316 iuvesti-
1061 5263 1179 5336 plurima
1197 5260 1344 5318 subsecuta
1369 5261 1411 5313 est
1434 5253 1578 5311 inundatio
1602 5250 1737 5324 pluvialis,
1753 5263 1807 5322 qua
1828 5249 1885 5306 sul·

237 5419 293 5491 (02)
306 5421 375 5478 Nota
390 5421 552 5494 religionem
567 5421 642 5479 illius
653 5421 796 5493 temporis,
806 5434 862 5491 quo
872 5433 946 5478 aram
957 5421 1020 5478 loco
1098 5424 1149 5497 (63)
1174 5424 1277 5492 Nempe
1301 5433 1347 5478 xm
1368 5415 1483 5474 llalend.
1506 5413 1582 5485 lulli,
1596 5425 1669 5470 anno
1684 5412 1740 5468 inc.
1759 5408 1840 5478 1050,
1855 5416 1885 5466 ut

202 5503 310 5548 morere
337 5493 406 5548 oltra
421 5499 516 5550 nutum
535 5493 681 5564 praesentis
694 5493 817 5565 episcopi
834 5505 889 5550 uon
904 5491 1015 5549 licebat.
1060 5498 1159 5571 legitur
1173 5495 1201 5551 in
1216 5493 1265 5550 lib.
1281 5507 1301 5549 u
1315 5490 1421 5556 libau..
1437 5501 1498 5559 cap.
1517 5484 1559 5541 ld.
