4036 6162
232 242 285 296 sas
321 199 325 214 ’
774 221 938 278 munuum
957 218 1223 280 unnlomunusvs
1241 224 1372 280 cunntct
1864 218 1915 270 sao

233 365 372 432 immitis,
392 357 511 434 li⁰b¹¹¹0⁸
529 355 637 411 li⁰i¹¹⁰i
659 343 970 420 ²¹l¹10¹0¹¹tii¹¹l1¹082d
986 343 1154 408 libe-htum
1171 348 1296 404 clanculo
1315 350 1342 404 in
1363 348 1435 405 lecto
1459 347 1646 418 quiescentem
1666 347 1795 413 excitate,
1811 351 1841 401 et
1853 343 1914 399 velit

234 455 350 514 randum
366 457 394 508 et
412 439 605 506 vindicandum
621 442 709 511 ipsum
726 435 897 492 lleribcrtum
919 433 1055 503 usquead
1097 436 1166 493 nolit
1181 437 1269 507 ipsum
1283 437 1411 507 accipite,
1428 443 1456 492 et
1467 449 1584 507 equosa
1604 450 1646 492 me
1660 434 1766 493 deioris
1784 449 1801 490 a
1819 431 1916 490 eastris

235 551 352 603 mortem
376 534 617 598 obstinatissimos,
647 535 674 585 et
702 525 736 582 ad
759 522 862 581 caedem
896 521 1055 578 immensam
1097 531 1267 597 praeparatos
1290 527 1378 596 ipsum
1393 527 1528 596 stipantes
1554 524 1791 596 superascendite,
1811 528 1841 580 et
1857 521 1914 576 navi

236 611 1056 706 superconradumacsuossattellitesanimisetarmisprae·
1098 618 1250 684 praeparata
1269 613 1303 670 ad
1327 613 1439 669 Eridani
1467 619 1577 684 portum
1610 612 1816 670 accuratissime
1845 607 1915 667 omni

237 726 359 796 paratus,
375 722 438 777 ante
453 721 560 782 tempus
575 709 609 765 ad
628 705 730 762 bellum
745 707 888 769 salutum,
903 701 963 757 sinc
983 699 1056 756 bello
1098 701 1213 772 depulso
1229 703 1327 759 timore
1343 703 1432 774 ipsum
1446 701 1585 759 deducito.
1606 721 1620 754 u

202 827 204 830 ·
238 809 400 882 etgentium
424 795 673 870 utriusquepartis
697 789 1058 862 stragelleribertumcon·
1133 789 1178 845 23.
1203 791 1261 846 lloc
1284 789 1316 821 ⁸⁰¹
1340 790 1434 847 audito
1461 790 1600 846 lleriberti
1634 788 1813 854 domesticus,
1836 785 1917 841 tacito

237 900 301 959 slliu
315 895 460 955 abbatissae
483 887 576 945 Sancti
604 884 683 950 Sinti,
704 893 786 952 quam
807 879 865 949 ipse
881 889 1059 934 consecrave·
1099 879 1150 935 sub
1169 884 1282 949 pectore
1301 879 1403 934 rimans
1426 878 1551 948 etunius
1573 878 1613 934 rei
1634 876 1825 933 eventumnsi
1840 887 1918 928 mann

238 982 466 1055 libaminibus
490 977 648 1046 iniquorum
668 969 803 1027 liberalit-
829 969 895 1023 Cum
915 965 987 1022 iiiiii
1001 967 1058 1020 He·
1100 967 1305 1034 commendans,
1321 973 1351 1024 ut
1374 973 1434 1023 erat
1458 966 1574 1023 edoctus
1597 979 1693 1022 omnes
1714 965 1785 1021 alios
1801 962 1919 1020 familia-

238 1076 388 1134 ribertusa
407 1065 534 1127 Cuiirado
548 1065 608 1120 viro
625 1060 719 1116 invido
734 1064 762 1114 et
776 1055 874 1113 odioso
884 1054 917 1086 ⁸⁸⁸
931 1054 1060 1110 detentus
1101 1071 1146 1112 res
1161 1056 1335 1112 fidelissimos
1354 1055 1558 1112 accuratissime
1574 1055 1602 1110 in
1624 1054 1666 1110 his
1685 1053 1813 1110 omnibus
1828 1051 1919 1122 priva·

238 1163 346 1231 luisset,
375 1172 431 1216 non
460 1161 552 1212 tamen
580 1149 757 1214 constrictus,
786 1150 818 1201 ut
845 1143 892 1200 alii
918 1142 1058 1212 dampnati
1101 1146 1149 1201 rin
1178 1145 1324 1200 animando
1366 1143 1487 1202 edocuit.
1526 1145 1638 1200 Factum
1675 1148 1718 1198 es,
1749 1147 1843 1198 amem
1875 1139 1919 1194 Μ

239 1253 341 1320 solent,
370 1248 420 1304 sed
443 1242 585 1302 curialiter
610 1253 626 1294 a
649 1233 809 1293 Teutonicis
840 1233 962 1288 munitus
983 1231 1060 1300 juxta
1102 1235 1351 1306 dispensationem
1367 1232 1631 1305 ejusmiserieordia
1652 1230 1815 1301 opitulante,
1833 1229 1920 1284 omnia

241 1343 342 1399 iumen
357 1335 431 1410 quod
455 1332 553 1391 Trebia
568 1332 692 1394 vocatur,
713 1338 768 1380 non
784 1323 865 1393 longe
880 1335 895 1376 a
910 1319 1060 1401 Placentia,
1102 1322 1159 1388 illa,
1185 1328 1215 1378 ut
1242 1323 1409 1392 predixerat
1435 1322 1574 1378 abbatissa
1604 1323 1717 1391 heuque
1749 1323 1920 1382 consecrata,

242 1432 289 1488 Del
304 1424 511 1499 dispensatim
533 1425 616 1490 atque
640 1417 742 1472 ducatu
766 1412 895 1477 linisset,
912 1408 1061 1478 bibiliossi·
1102 1412 1162 1467 sinc
1186 1411 1262 1468 caede
1281 1411 1402 1468 seriatim
1427 1416 1587 1468 evenerunt.
1611 1410 1698 1482 igitur
1717 1408 1857 1465 lleriberti
1878 1407 1922 1461 do

240 1521 292 1577 bus
307 1515 450 1574 etceteris
473 1507 642 1568 ornamentis
661 1500 879 1560 consedentibus
894 1512 943 1568 per
958 1497 1063 1567 aliquot
1104 1501 1209 1556 mestici
1225 1515 1286 1556 cum
1315 1500 1408 1557 multis
1436 1501 1518 1558 donis
1546 1499 1694 1570 multisque
1723 1495 1871 1569 promissis
1896 1496 1921 1550 in

186 1600 188 1604 ’
241 1610 303 1667 dies
317 1610 439 1663 muratus
453 1599 567 1672 quievit.
592 1598 699 1652 lnterea
720 1591 881 1647 lleribertus
894 1586 1063 1643 Teutonico·
1104 1589 1316 1646 Teutonicorum
1339 1589 1487 1646 amicitiam
1510 1588 1696 1654 devenissent,
1713 1592 1741 1643 et
1755 1585 1811 1642 illis
1826 1583 1924 1641 multos

242 1711 302 1757 rum
325 1693 500 1769 gulositatem
525 1692 551 1744 et
570 1685 678 1770 animos
700 1683 764 1737 vino
789 1678 899 1736 deditos
913 1676 1010 1734 videus
1024 1676 1138 1736 att-Bac
1153 1678 1276 1735 diversos
1308 1683 1456 1750 apparatus
1483 1682 1511 1734 et
1538 1679 1600 1735 vina
1630 1677 1801 1734 diversatum
1818 1674 1922 1744 speeie·

242 1801 296 1859 que
310 1784 342 1817 ⁸⁹·
357 1791 538 1854 cognoscens,
564 1788 648 1831 unum
671 1771 706 1827 de
721 1767 888 1826 fidelissimis
906 1764 1065 1822 domesticis
1106 1783 1165 1824 rum
1194 1767 1281 1824 onore
1308 1774 1337 1824 a
1366 1767 1513 1826 aerearum
1542 1767 1690 1824 virruuous
1717 1763 1873 1822 reuerentia
1897 1763 1921 1818 m

242 1875 354 1942 ballene,
371 1869 445 1942 quod
468 1879 560 1924 secum
584 1861 714 1928 habebat,
730 1859 763 1914 ad
788 1856 953 1912 abbatissam
973 1851 1065 1909 sancti
1106 1857 1195 1925 primo
1218 1869 1281 1912 sero
1308 1861 1519 1926 praeparassent,
1544 1855 1620 1926 ipsos
1642 1855 1671 1912 in
1696 1853 1757 1910 istis
1785 1852 1922 1910 ninnnnnns

242 1963 321 2032 Sinti,
346 1962 425 2032 cujus
448 1953 644 2014 monasterium
667 1947 739 2005 inira
758 1946 894 2002 civitatem
918 1942 1065 1998 Placentiae
1107 1945 1286 2013 delectantes,
1298 1945 1449 2017 largissime
1465 1946 1537 2003 inter
1555 1951 1648 2002 cetera
1666 1943 1728 2002 vina
1742 1942 1853 2000 diversa
1865 1955 1922 2012 pro

242 2055 325 2112 situm
340 2057 392 2118 est,
414 2045 538 2104 studiose
553 2043 581 2098 in
596 2038 723 2097 omnibus
737 2049 800 2106 quas
814 2033 924 2091 volebat
937 2032 1065 2088 edoctum
1107 2035 1243 2106 pipiantes,
1260 2035 1330 2092 ninn
1346 2035 1456 2092 mnnnin
1471 2034 1684 2092 innnninninnnn,
1700 2035 1733 2090 gn
1747 2048 1810 2090 cnm
1817 2035 1876 2103 jam
1889 2031 1923 2087 ni.

242 2139 353 2200 direxit
369 2135 420 2207 Qui
435 2135 483 2191 ubi
497 2133 589 2190 Omnia
614 2127 747 2193 seriatim,
772 2137 834 2194 quae
858 2121 1005 2177 sseitheim
1024 2119 1066 2174 iii·
1107 2125 1161 2180 mia
1171 2123 1313 2182 temulenti
1324 2125 1458 2182 ebrietate
1473 2124 1500 2181 in
1512 2124 1653 2196 potatione
1668 2122 1726 2180 iere
1736 2136 1826 2193 usque
1836 2121 1871 2178 ad
1880 2134 1923 2178 no

239 2234 314 2304 iuste
328 2228 487 2292 evenerant,
512 2221 657 2279 abbatissae
685 2215 936 2278 commemorasset,
958 2215 986 2265 et
1000 2222 1067 2265 cun·
1108 2221 1178 2270 utem
1212 2214 1328 2271 mediam
1361 2215 1550 2285 persisterent,
1588 2220 1617 2270 et
1655 2213 1846 2283 unnsquisque
1878 2224 1923 2267 sno

241 2322 333 2378 silium
348 2313 403 2388 quo
427 2313 517 2371 iuerat
538 2311 637 2366 doctus
652 2306 677 2363 ei
692 2297 866 2376 apperuisset
883 2320 889 2356 :
907 2304 937 2356 ut
966 2304 1024 2354 erat
1038 2302 1067 2354 et
1107 2301 1229 2373 compari
1250 2307 1280 2358 ut
1303 2302 1390 2374 magis
1412 2317 1444 2359 ac
1469 2303 1555 2374 magis
1579 2302 1686 2360 biberet
1710 2315 1824 2372 operam
1839 2300 1923 2366 daret,

241 2409 272 2441 ⁸⁸⁰
287 2403 459 2465 consiliatrix
480 2398 605 2472 provida,
630 2392 836 2451 accuratissime
852 2395 879 2445 et
894 2387 976 2443 tacite
992 2383 1066 2443 lnter
1106 2391 1197 2448 aureis
1212 2397 1239 2447 et
1253 2392 1391 2463 argenteis
1404 2390 1472 2448 siliis
1499 2391 1560 2464 (81)
1583 2390 1835 2462 superjocantibus,
1855 2403 1923 2445 nunc

242 2513 272 2556 se
294 2495 387 2554 rimari
396 2490 489 2562 'coepit
511 2502 566 2559 quo
589 2484 701 2556 ingenio
727 2493 815 2552 quove
837 2475 971 2535 conscilio
986 2475 1066 2531 lleri-
1106 2480 1194 2537 nnnips
1222 2480 1307 2536 10an
1337 2494 1460 2552 voceque
1488 2479 1607 2537 terribili
1634 2480 1752 2537 invicem
1786 2479 1925 2536 mim·

242 2587 382 2645 bertuma
404 2578 618 2638 Teutonicorunn
637 2572 763 2629 manibus
782 2568 889 2639 eripere
905 2573 933 2622 el
947 2565 1065 2622 liberare
1106 2578 1161 2638 tur,
1182 2573 1209 2626 et
1228 2568 1310 2627 modo
1340 2570 1415 2627 vultu
1450 2569 1611 2627 lacrimabili
1630 2569 1751 2626 lacrimis
1774 2568 1925 2640 largissime

243 2681 347 2750 nosset.
373 2673 469 2742 lunae
494 2665 642 2730 abbatissa,
657 2660 755 2718 videns
768 2655 1008 2714 conconcessum
1023 2654 1065 2708 oi·
1106 2659 1318 2715 occurrerimus
1336 2658 1439 2730 cuntur
1463 2664 1491 2716 u
1517 2674 1534 2715 a
1557 2657 1666 2716 vitrom
1689 2657 1833 2724 roeorrau,
1864 2655 1926 2726 nuta

243 2766 299 2824 mio
314 2760 448 2821 inebriari
462 2756 560 2815 solitos
583 2752 665 2810 etiam
689 2757 753 2821 post
767 2760 873 2804 coenam
887 2745 915 2801 in
931 2743 1066 2800 nucleolis
1106 2750 1220 2818 agerent
1243 2748 1355 2804 omnino
1380 2747 1548 2818 ignorantes,
1565 2753 1593 2804 et
1615 2745 1722 2818 singula
1741 2745 1868 2802 memora
1882 2757 1927 2800 sna

243 2862 272 2914 et
290 2851 441 2924 majoribus
470 2845 587 2903 nucibus
610 2841 714 2913 optimo
742 2839 806 2894 vino
840 2835 1015 2904 interjocare,
1036 2838 1067 2887 ul
1107 2849 1162 2891 non
1177 2842 1318 2891 servarent
1328 2834 1428 2903 cilicia,
1444 2836 1498 2892 huc
1513 2842 1541 2892 et
1551 2835 1617 2892 illuc
1626 2850 1687 2892 sese
1697 2838 1926 2906 prosternerent:

243 2945 314 3002 ratio
328 2941 395 3000 fiiae
418 2934 563 3010 filistiim,
592 2937 619 2988 θῑ
636 2930 786 2987 ῑῦᾱῑὸὓῑθῑθ
801 2931 829 2982 ei
843 2922 998 2980 inconsulte
1014 2920 1066 2976 dc·
1108 2924 1246 2981 lleriberti
1274 2925 1419 2981 domestici
1447 2925 1507 2981 baec
1537 2929 1636 2982 cuneta
1662 2923 1799 2992 videntes,
1829 2923 1928 2994 gaudio

244 3032 341 3090 lectari
357 3051 364 3087 ι
380 3029 435 3084 hoe
463 3023 545 3081 modo
574 3019 668 3076 tallere
698 3030 747 3073 eos
773 3013 944 3080 desiderans,
969 2997 1190 3086 vigintissganisi
1213 3015 1358 3083 inmenso,
1384 3013 1449 3070 iiins
1475 3014 1598 3086 singulos
1622 3016 1650 3070 in
1673 3014 1768 3070 sngns
1793 3013 1867 3068 nene
1886 3025 1928 3068 nn.

244 3134 330 3179 ultera
350 3115 473 3174 earnium
493 3111 661 3168 diversarum
685 3109 712 3161 et
727 3103 822 3160 decem
838 3101 959 3172 plaustra
974 3100 1067 3156 diver·
1108 3102 1180 3158 natis
1194 3102 1267 3159 velut
1282 3109 1405 3160 mortuos
1428 3109 1571 3173 portantes
1589 3102 1806 3160 cniinnanefnm,
1823 3103 1929 3157 punem

244 3222 338 3268 sorum
362 3205 487 3262 vinorum
513 3213 575 3256 cum
602 3195 695 3252 multis
709 3193 834 3265 frugibus
852 3205 884 3246 ac
898 3189 1014 3246 diversis
1033 3189 1068 3244 ad
1107 3193 1246 3263 soporatis
1261 3199 1289 3249 et
1300 3193 1372 3249 bene
1385 3190 1511 3249 iacinatis
1536 3191 1569 3224 ⁸⁰⁸
1583 3192 1751 3258 Teutonicis,
1765 3192 1797 3248 in
1811 3205 1928 3262 quorum

245 3299 421 3356 fleiibfflum
440 3289 582 3363 magnifiee
608 3284 692 3352 misit.
708 3288 737 3340 θῑ
759 3278 1066 3350 ⁵0¹³³001liiiilsillum
1108 3282 1234 3338 custodia
1258 3283 1420 3338 lleribertus
1442 3289 1511 3351 erat,
1537 3282 1689 3340 lldelissiml
1712 3283 1772 3352 eius
1799 3281 1930 3350 cumiam

244 3392 351 3447 secrete
370 3381 569 3446 lldelissimum,
594 3388 676 3446 quem
696 3372 750 3429 sibi
764 3370 927 3427 lleribertus
942 3369 1063 3435 miserat,
1108 3377 1216 3442 tempus
1238 3370 1272 3427 ad
1297 3372 1437 3443 negotium
1461 3376 1591 3428 statutum
1611 3372 1752 3443 prosperis
1773 3367 1930 3426 accelerare

244 3479 328 3536 1³⁰1oe
352 3489 384 3532 ³⁰
407 3471 546 3541 Siliiemer
570 3462 726 3522 isss⁰¹¹⁸ssd⁰
752 3458 881 3515 instruxit
895 3458 1024 3528 quatinus
1038 3457 1067 3512 in
1108 3459 1283 3517 successibus
1304 3459 1448 3529 vidissent,
1473 3467 1500 3518 et
1521 3461 1665 3518 Teutonici
1689 3459 1825 3518 ebrietate
1848 3459 1931 3515 nimia

244 3567 333 3640 primo
347 3575 422 3631 ⁵0¹⁰,
442 3571 496 3631 (11¹⁰
512 3559 660 3628 illimus
684 3548 831 3608 Ηθΐῑῧθῑῑθ
856 3545 1066 3616 ischlilisscOliO
1107 3549 1162 3605 vini
1178 3548 1277 3606 diversi
1293 3549 1407 3620 pertusi,
1427 3551 1557 3607 membris
1570 3549 1627 3607 iere
1643 3549 1759 3606 mortuis
1771 3555 1801 3604 et
1816 3549 1929 3604 omnino

244 3651 436 3727 repraesentati
450 3647 577 3713 luissent,
593 3637 957 3707 omnibusviribusoperam
969 3634 1067 3689 darent
1108 3638 1209 3695 ebetati
1228 3638 1374 3694 iubeneste
1401 3639 1577 3709 quiescerent
1595 3643 1622 3695 si
1641 3637 1805 3696 unsinning,
1833 3643 1931 3692 siene.

244 3751 275 3804 ut
293 3739 436 3801 Teutonici
451 3737 534 3794 nimia
554 3746 630 3790 caena
646 3727 758 3801 turgidi,
779 3726 835 3783 illis
848 3724 972 3781 studiose
982 3735 1067 3778 nuces
1108 3734 1180 3796 inni,
1195 3728 1297 3785 sinceri
1312 3733 1339 3784 en
1353 3727 1396 3783 sui
1419 3726 1523 3785 domim
1547 3727 1635 3785 salute
1653 3727 1728 3784 anxii
1742 3724 1930 3782 secretissime

244 3842 327 3906 atque
343 3827 487 3889 nucleolos
512 3822 681 3894 frangentes,
711 3818 738 3873 in
764 3816 865 3888 quibus
892 3812 1067 3869 delectarint
1107 3815 1457 3884 lleribcrtumexcilantes,
1487 3817 1576 3888 ipsum
1603 3823 1776 3883 renuentem,
1793 3815 1856 3871 sinn
1872 3813 1929 3870 αι.

245 3923 348 3994 largius
370 3917 468 3974 blbant
496 3912 571 3969 soliti
594 3912 669 3976 sunt,
699 3904 822 3962 funditus
851 3901 1064 3966 inebriarentur,
1108 3903 1266 3972 sennensis,
1295 3905 1402 3962 nemine
1427 3903 1536 3962 sporum
1554 3905 1702 3973 sentiente,
1731 3904 1765 3961 ab
1788 3903 1848 3959 iuis
1870 3915 1930 3958 eum

246 4010 313 4082 quin
338 4007 419 4064 etiam
444 4014 540 4059 omnes
566 3995 705 4054 lleriberti
729 3991 872 4050 domestici
901 3988 1066 4060 permultum
1106 3992 1279 4062 abraserunt,
1321 3997 1349 4049 et
1389 4007 1475 4063 equos
1503 3993 1769 4065 superascendentes
1802 3989 1929 4048 ninnnnin

245 4112 307 4156 sese
326 4096 422 4153 bibere
437 4105 469 4147 ac
485 4086 649 4144 manducare
668 4081 838 4146 simulantes,
855 4079 916 4150 puri
931 4084 959 4134 et
972 4091 988 4132 a
1002 4077 1066 4132 vino
1106 4081 1140 4136 an
1160 4087 1269 4152 pnnnnn
1297 4081 1428 4138 citissime
1450 4087 1644 4152 pervenerunt.
1663 4083 1722 4138 Μ
1746 4082 1819 4138 emm
1841 4078 1930 4136 mim

246 4187 348 4246 sinceri
363 4183 575 4254 liiifflissiissssli
592 4174 701 4230 (limum
719 4170 760 4226 ⁵10
778 4168 921 4234 ficientes,
937 4172 964 4222 ei
979 4179 1066 4235 ilique
1105 4171 1343 4241 conscenderant;
1373 4186 1438 4228 ecce
1461 4171 1605 4230 Teutonici
1629 4169 1747 4229 terribili
1761 4171 1870 4242 garritu
1883 4187 1930 4229 ro·

246 4279 281 4336 id
305 4274 438 4349 till⁰i¹1m
463 4268 574 4324 tertium
600 4269 629 4320 θῑ
651 4264 778 4334 quartum
801 4263 910 4314 Cinium
936 4269 986 4330 ‚00⁸
1004 4263 1065 4311 Sili·
1106 4261 1239 4332 cibusque
1258 4261 1465 4318 dissonantibus
1479 4263 1564 4319 nimio
1581 4261 1637 4318 vini
1652 4261 1752 4318 ardore
1766 4261 1928 4328 bachantes,

246 4368 324 4426 diosc
343 4367 465 4422 etcaute
480 4353 643 4415 inebriando
658 4350 851 4423 perducerent.
869 4365 883 4398 u
898 4346 1066 4416 AtcumJ'am
1077 4327 1155 4406 Dsua
1183 4364 1238 4408 non
1270 4351 1363 4422 lingua
1391 4349 1551 4407 frendentes
1579 4351 1759 4417 cursitabant,
1793 4364 1826 4408 ae
1856 4350 1930 4408 uelut

245 4458 330 4517 nimia
344 4454 401 4513 vini
416 4450 550 4508 ebrietate
569 4440 712 4501 temulenti
732 4437 874 4494 Teutonici
885 4451 916 4493 ae
932 4435 1066 4492 deebriati
1106 4445 1183 4496 torva
1206 4439 1333 4496 animalia
1356 4439 1455 4496 latratu
1480 4440 1630 4498 saevissimo
1654 4440 1709 4498 buc
1727 4439 1851 4511 illucque
1870 4440 1929 4496 dis-

245 4551 300 4607 huc
318 4551 402 4616 atque
426 4541 492 4597 illuc
515 4537 577 4593 vina
599 4532 633 4589 ad
656 4530 819 4600 semetipsos
833 4526 981 4584 fundentes
999 4526 1066 4597 quid
1107 4527 1255 4596 currentia,
1285 4528 1370 4585 nimio
1398 4527 1495 4586 dolore
1518 4529 1560 4586 vel
1589 4529 1631 4587 sui
1658 4531 1862 4601 percussionne
1886 4529 1928 4584 nni

245 4642 328 4710 agant
353 4631 465 4691 omnino
489 4626 657 4698 ignorantes,
687 4627 715 4675 et
744 4617 853 4674 tandem
874 4614 979 4686 fatigati
1002 4616 1066 4671 vino
1107 4621 1267 4673 venatorum
1293 4612 1405 4689 ingenio
1441 4619 1541 4690 sagitta
1573 4619 1671 4676 emissa
1699 4617 1741 4676 vel
1775 4619 1929 4676 catulorum

245 4735 328 4799 atque
338 4723 433 4780 labore
443 4716 560 4782 militia,
572 4725 633 4769 sese
642 4711 670 4766 iu
682 4709 751 4765 locis
761 4705 850 4763 solitis
859 4710 1067 4777 prosternentes
1107 4705 1264 4774 amissione,
1281 4719 1351 4777 quos
1369 4711 1484 4777 paterno
1503 4715 1532 4765 et
1546 4714 1670 4765 materno
1693 4721 1787 4765 amoro
1807 4708 1867 4779 ism
1884 4719 1931 4762 nn.

244 4813 410 4888 quieverint,
426 4815 482 4865 lunt
503 4818 564 4862 cum
584 4801 641 4857 suis
656 4797 766 4855 clericis
789 4793 925 4862 omnibus,
948 4792 1067 4850 dimissis
1108 4800 1152 4851 tea
1171 4793 1332 4865 diligebant,
1348 4795 1525 4865 pervolabant
1544 4795 1649 4853 lacibus
1668 4795 1762 4853 multis
1775 4809 1809 4852 ac
1823 4795 1928 4865 magnis

245 4902 394 4962 mobilibus
417 4896 497 4969 equis
520 4897 603 4962 atque
626 4887 763 4953 mulabus,
779 4883 910 4940 domnum
933 4883 1067 4939 Heriber·
1108 4884 1243 4953 accensis,
1264 4898 1296 4940 ac
1311 4883 1458 4941 multorum
1481 4886 1584 4957 ignium
1610 4891 1638 4943 et
1660 4885 1800 4959 pulsarum
1814 4885 1926 4941 nnn-ign.

921 5026 1032 5082 vanlAE
1060 5027 1250 5084 LECTIONES.

278 5174 360 5230 “ab
375 5163 586 5296 imperatore&
602 5157 646 5215 Μ’
693 5153 764 5211 ων·
780 5167 806 5208 ³·
827 5151 918 5207 dmm
937 5153 967 5207 Β·
1014 5151 1160 5209 ⁸⁰⁰d00ttrs
1175 5153 1205 5208 li.
1252 5149 1281 5183 ⁸⁰¹
1297 5151 1335 5208 iro
1349 5154 1458 5224 conjecit
1477 5155 1507 5211 V.
1523 5157 1556 5210 il.
1574 5153 1724 5226 crotatood.
1745 5161 1809 5212 utro
1822 5145 1921 5224 ress?

244 5247 321 5306 codd.
337 5255 397 5302 mos
446 5253 474 5310 g.
489 5233 532 5291 nt.
577 5231 609 5263 ‘⁰¹
626 5226 744 5286 Titulus.-
759 5226 797 5280 lie
812 5223 975 5279 liberatione
990 5221 1019 5278 d.
1035 5223 1172 5280 lleriberti
1194 5221 1395 5295 archiepiscopi
1419 5224 1529 5282 llcdiol.
1555 5229 1597 5282 A'.
1621 5225 1744 5293 Qualiter
1766 5227 1919 5284 flambertus

244 5316 470 5389 archiepiscopus
488 5303 675 5375 acaptivitate
690 5299 823 5354 liberatus
837 5301 888 5350 est.
903 5293 962 5351 rell.
1000 5293 1032 5326 ⁸⁰⁸
1046 5309 1071 5350 a.
1087 5310 1112 5351 v.
1129 5295 1219 5352 desum
1235 5297 1264 5351 Β.
1303 5294 1396 5352 “litu
1412 5297 1432 5352 i.
1447 5311 1471 5353 e.
1483 5297 1621 5369 imoootu
1633 5299 1666 5354 Δ.
1682 5298 1712 5354 Β.
1727 5300 1858 5370 saginata
1877 5295 1917 5352 nl.

283 5512 344 5587 (81)
360 5510 390 5569 ld
410 5510 453 5566 est
468 5501 588 5576 scyphis.
1031 5419 1139 5476 ΝΟΜ.
