4108 6164
154 292 201 350 ³25
546 277 551 292 '
626 287 730 344 GESTA
748 287 958 344 ARClllEPlSC.
979 285 1159 344 MEDIOLAN.
1179 315 1216 328 ·-
1234 288 1297 344 tte.
1318 289 1361 344 tv.
1779 297 1834 355 326

152 419 235 492 globo,
250 420 336 472 totam
359 412 451 470 subito
472 412 628 470 micuerunt
646 426 696 484 per
719 412 825 479 urbem,
842 417 872 468 ut
886 412 1063 484 quodArem
1080 410 1169 483 (158),
1185 426 1217 468 ac
1232 410 1305 470 dono
1325 413 1398 487 regis
1417 422 1580 486 artoeptnros
1598 433 1659 478 sese
1683 428 1831 492 pastorem.

153 504 261 564 ciuitatis
284 503 424 560 residuum
444 503 500 573 y'am
524 501 627 558 dictum
642 500 709 557 illud
725 507 849 557 eraserat
864 502 963 558 ineen-
1003 501 1125 570 Cumque
1140 500 1351 572 ingrederentur
1365 503 1548 561 communiter
1560 506 1667 575 urbem,
1682 510 1833 570 driembal·

153 597 237 661 dium,
261 598 349 649 toturn
364 604 443 662 paene
462 590 577 648 dammis
592 591 755 646 adureretur
769 590 961 660 presentibus,
1004 589 1056 646 dus
1079 596 1110 645 ut
1134 603 1244 662 semper
1262 593 1400 650 consortis
1424 594 1584 665 impaciens,
1609 600 1763 656 astantibus
1777 602 1829 660 sibi

151 684 205 742 solo
219 687 298 738 mnus
312 685 535 750 conquassatum.
552 681 608 734 Nec
623 684 713 734 tamen
729 691 762 734 ex
777 682 835 734 toto
850 677 906 734 illis
920 693 964 734 ar·
1005 677 1222 735 concionabatur
1236 694 1311 738 more
1330 695 1391 739 suo.
1418 683 1452 740 Ut
1466 697 1530 740 rere
1556 684 1687 743 cohibere
1712 687 1832 746 lurorem

152 775 199 831 dor
211 773 260 828 iste
281 769 407 841 pepercit
429 767 547 835 aedibus,
563 781 625 837 quae
644 768 721 838 prins
735 767 856 824 incensae
870 767 964 824 multis
1005 765 1078 822 ultra
1092 780 1147 823 non
1162 768 1256 838 valuit,
1272 768 1345 828 laeto
1365 786 1428 828 cunr
1452 771 1509 829 suis
1533 774 1637 846 impetu
1660 781 1687 832 et
1702 776 1831 849 elamore,

148 867 198 936 jam
212 860 319 918 lucrant
333 863 468 929 reparata
482 857 639 914 sudoribus.
654 856 725 924 Quid
740 857 812 912 enim
827 856 882 912 dici
892 856 962 912 valet
1005 852 1169 911 festinanter
1182 858 1279 927 arripit
1294 873 1388 928 arma,
1409 861 1537 920 vexillum
1557 864 1631 934 quod
1647 867 1734 922 sancti
1759 867 1832 924 Petri

150 951 269 1017 ulterius,
289 961 370 1019 quam
390 947 465 1017 quod
484 946 556 1018 iguis
574 946 620 1002 bic
639 944 726 1002 instar
740 944 791 1002 luit
809 960 860 1016 per
873 947 964 1004 omnia
1005 941 1115 1000 dicebat
1129 944 1225 1002 dextra
1247 961 1356 1018 gerens.
1382 950 1501 1006 Econtra
1520 949 1552 982 ’⁵'
1575 953 1649 1010 cives
1668 953 1732 1012 dum
1754 964 1832 1026 parte

148 1037 308 1110 suprataxati
318 1034 454 1092 alterins?
468 1033 522 1090 boc
532 1037 623 1090 tamen
632 1031 782 1101 crudelior,
794 1032 868 1104 quod
878 1033 964 1091 multo
1005 1037 1122 1104 surgunt
1137 1033 1171 1089 ab
1186 1036 1272 1102 omni,
1284 1043 1404 1094 armatus
1419 1039 1547 1111 prorupit
1560 1041 1588 1098 in
1602 1041 1732 1100 medium.
1747 1045 1833 1112 Quem

148 1128 282 1200 pluresne
300 1125 419 1196 majores
433 1122 584 1181 combussit
597 1121 747 1190 ecclesias;
766 1122 841 1180 illam
859 1122 966 1179 scilicet
1005 1120 1034 1178 1ιι
1050 1129 1189 1179 momento
1202 1137 1233 1181 ac
1246 1125 1334 1194 prima
1348 1125 1439 1185 lroute
1454 1129 1832 1192 beliitantaadrersariorum

147 1218 263 1274 estivam
285 1229 318 1272 ac
340 1212 493 1271 mirabilem
516 1215 619 1271 sanctae
642 1211 757 1284 uirginis
777 1210 877 1283 teglae,
891 1211 964 1268 beati
1006 1212 1146 1283 oppressit
1159 1211 1293 1282 incursio,
1305 1220 1336 1272 nt
1350 1217 1420 1273 nibil
1434 1221 1612 1278 memorabile
1626 1229 1721 1294 posset
1734 1224 1768 1281 ab
1783 1225 1831 1283 illo

146 1319 252 1377 quoque
265 1303 382 1371 Nararii,
392 1315 501 1360 necnon
518 1300 727 1373 protomartyris
741 1299 872 1371 Stephani
882 1299 964 1371 (155),
1006 1299 1076 1357 lieri.
1099 1301 1151 1360 Ubi
1164 1315 1230 1360 vero
1245 1303 1448 1362 circumventus
1462 1312 1504 1365 est
1524 1310 1658 1382 undique,
1675 1310 1749 1370 illico
1769 1327 1833 1370 cre-

146 1401 303 1466 ceterasque
326 1393 429 1464 plures,
446 1405 561 1463 quarum
584 1391 727 1462 parietina
748 1391 828 1447 annis
846 1404 965 1462 appare-
1006 1389 1065 1446 bris
1078 1389 1225 1462 configitur
1243 1392 1355 1461 ictibus,
1371 1394 1503 1468 dictoque
1522 1398 1606 1454 citius
1625 1401 1747 1458 moriens
1766 1416 1831 1459 cor-

146 1485 208 1540 bunt
229 1488 264 1541 ut
286 1495 351 1540 reor
375 1480 437 1553 plus
459 1479 545 1538 mille.
568 1481 643 1536 inter
661 1493 730 1550 quas
744 1478 859 1536 aliarum
878 1485 967 1536 mater
1006 1479 1082 1548 ruit,
1106 1481 1238 1538 comitatu
1263 1483 1323 1554 ejus
1344 1483 1444 1555 exigue
1468 1485 1682 1560 circumquaque
1706 1491 1832 1562 disperso

143 1579 242 1630 sanctae
265 1571 313 1630 Del
332 1569 475 1642 genitricis
489 1567 622 1639 hyemalis
636 1567 759 1636 basilica,
776 1582 793 1625 o
808 1567 890 1625 dolor
910 1567 965 1624 ite·
1006 1567 1089 1640 (159).
1101 1571 1309 1640 Cujuscadaver
1319 1573 1443 1630 exanime
1454 1581 1620 1645 prostratum
1635 1577 1709 1634 humi
1723 1581 1831 1638 discer-

144 1676 254 1734 rumqnc
266 1660 389 1718 dolorm
401 1666 407 1716 t
424 1659 502 1716 exuri
517 1657 685 1728 permittitur
699 1656 829 1728 collapsis
842 1657 966 1714 lunditus
1008 1656 1063 1726 ptis
1077 1671 1191 1728 prorsus
1201 1660 1310 1717 exuitur
1324 1661 1502 1732 indumentis,
1514 1664 1700 1736 nudatumque
1714 1666 1832 1726 lustibns

142 1751 301 1822 parietibus.
324 1751 408 1821 Cujus
432 1753 637 1805 sacrosanctum
661 1745 747 1803 altare
771 1760 827 1804 non
851 1742 1128 1819 apparetBundique
1152 1748 1278 1806 tunditur
1296 1756 1378 1821 atque
1402 1751 1499 1823 petris,
1516 1753 1608 1824 utqui
1627 1754 1720 1810 virens
1739 1755 1832 1812 multis

141 1847 270 1911 qnantum
284 1839 369 1896 luerit
383 1844 430 1895 aut
445 1836 537 1909 quale,
553 1836 662 1892 lamina
677 1849 742 1892 vero
762 1850 854 1893 aurea
870 1836 962 1907 lique·
1003 1836 1104 1893 terrori
1118 1833 1217 1906 inerat,
1238 1837 1387 1896 multorum
1405 1840 1562 1912 subjaceret
1577 1841 1683 1918 lusibus
1698 1843 1829 1901 moriens.

141 1928 215 1986 lacta
229 1933 298 1986 sunt
312 1927 398 1984 nimio
413 1941 471 1998 prae
485 1931 620 1984 caumate.
640 1927 688 1982 Set
701 1925 776 1982 mille
791 1925 886 1982 talenti
901 1927 962 1983 anri
1002 1925 1035 1980 Et
1050 1939 1110 1982 enm
1123 1932 1279 1997 gestaretur
1292 1927 1456 1998 humandus,
1474 1930 1548 1987 nulla
1561 1931 1638 1988 illum
1653 1934 1829 2004 exequiarum

139 2016 269 2076 librorum
280 2017 312 2049 ²³⁰
335 2016 455 2086 dampno
470 2019 610 2087 nequeunt
630 2015 794 2086 comparari.
810 2015 886 2071 lianc
900 2015 962 2085 qui·
1002 2020 1044 2070 cst
1058 2022 1205 2085 prosecuta
1219 2017 1340 2076 devotio.
1356 2020 1423 2076 Post
1437 2019 1497 2076 baec
1511 2021 1698 2091 liutprandus
1715 2023 1762 2080 ille
1774 2024 1830 2094 y'am

141 2106 199 2162 dem
214 2111 328 2178 peccata
347 2111 442 2162 nostra
466 2108 608 2161 merentur
630 2117 810 2175 aerumpnam,
831 2104 961 2174 quoniam
1002 2101 1093 2160 dictus
1107 2106 1253 2176 presbyter
1267 2106 1331 2163 dum
1345 2107 1452 2178 lugeret
1466 2107 1605 2177 inventus,
1622 2110 1736 2167 auribus
1751 2117 1827 2169 trun·

137 2195 222 2252 sancti
237 2195 358 2265 Spiritus
372 2192 536 2250 offendimus
550 2193 578 2249 in
594 2198 689 2250 nostro
704 2192 768 2250 telle
783 2192 960 2266 columbamg
1002 2197 1081 2248 catur
1095 2199 1123 2250 et
1146 2207 1223 2262 uaso,
1244 2199 1275 2251 ιιι
1294 2195 1341 2266 qui
1360 2196 1480 2254 alienum
1499 2199 1675 2270 presumpsit
1696 2198 1827 2268 elicium,

137 2289 230 2340 contra
250 2283 370 2340 divinum
386 2295 503 2352 namque
518 2281 675 2338 mandatnm
690 2288 814 2338 sanotum
829 2289 871 2338 est
885 2284 961 2340 cani·
1002 2281 1076 2350 quod
1091 2281 1194 2340 habere
1208 2283 1353 2341 videbatur
1371 2285 1510 2342 amitteret
1531 2285 1613 2358 (160).
1633 2291 1755 2359 Apparet
1779 2287 1830 2359 igi-

135 2372 184 2429 bus
198 2373 335 2430 innostro
350 2378 474 2442 tempore
489 2371 592 2439 datum,
609 2376 637 2427 et
659 2371 791 2442 spiritalis
813 2374 960 2443 margarita
1001 2374 1046 2424 tur
1057 2369 1089 2401 ¹⁸⁰
1102 2369 1209 2441 liquido
1224 2387 1288 2429 vera
1303 2371 1362 2430 lore
1377 2373 1496 2431 dicentis
1509 2375 1625 2432 assertio
1638 2395 1645 2431 r
1660 2375 1778 2447 dispelle
1792 2377 1830 2432 eat

134 2475 284 2531 porcorum
305 2462 378 2530 jacet
399 2458 517 2530 pedibus
531 2459 693 2516 indecenter
705 2460 808 2517 attrita.
824 2460 959 2532 nettquo-
1000 2463 1027 2513 nt
1041 2457 1378 2532 temperamentorum,
1394 2477 1452 2534 quc
1465 2461 1534 2519 mab
1548 2468 1608 2520 snut
1621 2463 1744 2520 tredento
1754 2465 1829 2536 ptin-

132 2563 192 2606 mm
208 2562 267 2606 non
286 2553 328 2606 est
342 2561 473 2604 numerus
485 2547 660 2604 delictorum.
1000 2545 1078 2618 cipio.
1098 2548 1198 2606 Eadem
1220 2549 1288 2606 bora
1308 2556 1372 2621 post
1394 2550 1449 2608 boe
1471 2551 1580 2623 insigne
1595 2551 1742 2622 tropheum
1756 2552 1829 2609 eires

163 2638 192 2695 9.
209 2639 299 2709 igitur
314 2638 387 2694 inter
401 2641 444 2693 tot
455 2637 595 2708 angustias
610 2639 757 2706 tantosque
771 2634 882 2694 dolores
897 2651 958 2694 cum
1001 2646 1097 2690 omnes
1111 2636 1291 2708 triumphales
1306 2647 1456 2708 personant
1471 2640 1588 2710 hymnos
1598 2641 1654 2697 beo
1664 2654 1697 2697 ac
1711 2645 1829 2711 patrono

133 2731 186 2784 tota
201 2725 276 2783 leret
294 2726 323 2781 in
345 2724 413 2781 urbe
433 2724 524 2782 luctus
543 2725 633 2780 omnis
656 2723 763 2780 ordinis
778 2730 806 2780 et
819 2723 851 2756 ‘⁸⁷
870 2725 960 2782 atads
999 2725 1229 2794 connubendo,
1255 2728 1352 2784 armati
1372 2729 1507 2786 adeuntes
1520 2729 1608 2800 ipsius
1622 2729 1779 2787 ecclesiam.
1797 2729 1827 2784 ln

132 2817 274 2886 utriusque
293 2830 386 2882 sexus,
402 2813 489 2871 solius
504 2813 669 2872 driembaldl
690 2813 846 2884 intrepidus
864 2828 959 2885 perse-
1000 2811 1150 2868 crastinum
1163 2813 1244 2874 simul
1257 2829 1318 2871 oum
1334 2816 1409 2874 clero
1424 2817 1487 2875 laici
1499 2819 1528 2875 in
1540 2818 1651 2875 letaniis
1660 2824 1689 2874 et
1698 2816 1826 2874 laudibus

133 2906 242 2961 terebat
251 2901 573 2961 etlndexibilisanimns.
584 2901 724 2972 Siquidem
735 2901 900 2959 instantibus
910 2917 958 2973 pa·
998 2899 1032 2955 ad
1056 2905 1181 2958 sanctum
1205 2903 1296 2960 denno
1320 2905 1505 2974 procedentes
1526 2906 1711 2974 Ambrosium,
1732 2912 1826 2963 reatus

132 2993 269 3050 senatibus
283 2992 354 3049 albis
367 2991 424 3064 (cu.
444 2989 521 3060 1075,
537 2992 603 3062 ιρι.
620 2989 661 3056 lt,
671 2989 800 3060 baptismi
815 2991 956 3062 satagebat
998 2989 1155 3060 praeteritos
1170 2991 1337 3048 comitentur
1350 2991 1532 3062 alterutrum
1548 2993 1722 3051 absolutione
1734 3007 1825 3050 veroa

132 3082 200 3140 sicut
222 3083 366 3154 praeterito
390 3081 494 3138 lecerat
516 3092 599 3146 auno,
620 3080 715 3150 ignoto
739 3079 886 3136 chrismate
909 3065 1188 3136 in-Gsaccrdotibus
1207 3079 1254 3150 qui
1279 3086 1381 3150 praesto
1404 3080 1521 3138 aderant
1535 3080 1682 3151 celebrata,
1698 3095 1826 3140 reversus

133 3169 229 3229 cinare
244 3171 414 3243 mysterium.
430 3170 552 3241 Cumque
567 3166 721 3225 cardinales
735 3167 871 3238 ecclesie,
887 3181 957 3239 qno·
996 3173 1039 3223 est
1053 3167 1081 3222 in
1097 3181 1165 3237 pace
1179 3167 1299 3238 populns
1314 3169 1458 3226 universos
1472 3167 1507 3226 ad
1527 3170 1650 3241 propria.

133 3273 188 3316 mm
203 3261 341 3318 intererat
355 3257 588 3333 somnolentos,
614 3256 720 3314 nollent
734 3263 830 3314 contra
844 3255 955 3314 solitum
1035 3254 1077 3312 11.
1102 3256 1152 3312 111ε
1174 3258 1229 3327 y'am
1254 3264 1370 3328 apparet
1391 3259 1529 3316 scismatis
1546 3259 1661 3330 hujusce
1680 3260 1823 3329 terndnus,

132 3362 226 3420 agere,
253 3349 346 3406 adstat
368 3348 444 3406 illico
468 3347 652 3419 liutprandus
674 3344 784 3416 quidam
810 3347 956 3418 presbyter
997 3343 1091 3400 decem
1116 3358 1270 3416 novemque
1294 3361 1344 3417 per
1367 3361 1455 3404 annos
1478 3361 1588 3419 semper
1601 3349 1636 3404 ab
1658 3348 1717 3418 ipsa
1733 3349 1825 3406 radice

134 3445 305 3510 nuncupatus
319 3435 405 3508 (156),
421 3451 436 3493 a
452 3435 675 3507 progenitoribus
691 3434 816 3490 ecciesiae
830 3433 954 3502 vernula,
997 3431 1148 3503 pululando
1159 3434 1293 3502 protensi.
1318 3433 1396 3490 Unde
1412 3435 1568 3491 Patarinnm
1584 3433 1720 3504 processit
1735 3435 1824 3504 primo
1915 3467 1919 3476 «

133 3529 175 3596 qni
186 3530 266 3598 jussu
283 3541 315 3584 ac
325 3528 425 3583 virtute
439 3525 514 3581 illins
526 3523 729 3582 ordinariorum
744 3523 885 3594 usurparit
899 3523 957 3580 niti·
996 3519 1169 3586 vocabulum,
1194 3533 1250 3576 non
1273 3520 1386 3589 quidem
1410 3521 1556 3583 industria,
1577 3527 1619 3577 set
1643 3535 1707 3578 casu
1729 3521 1825 3592 prola-

134 3615 210 3685 clnm‚
225 3616 372 3674 uenientes
386 3612 542 3673 inconsulte
557 3612 707 3682 baptizans.
723 3612 757 3668 Ει
770 3610 831 3667 baec
845 3611 957 3681 quidem
997 3613 1066 3662 tum.
1093 3607 1176 3677 Culus
1195 3606 1289 3662 idiona
1313 3607 1443 3673 nominis,
1460 3606 1525 3664 dnm
1540 3609 1567 3662 in
1586 3609 1705 3678 quodam
1721 3614 1826 3679 etymo-

32 3745 33 3748 .
133 3704 257 3762 uiolentia
276 3705 382 3762 recenti
403 3705 499 3774 juncta
523 3701 642 3758 civitatis
665 3701 786 3756 incensae
806 3701 956 3768 memoriae,
999 3695 1132 3766 logiarum
1148 3699 1222 3751 tomo
1238 3708 1327 3765 nuper
1341 3695 1419 3766 ptum
1434 3695 1613 3763 revolverem,
1629 3697 1667 3752 ita
1690 3696 1825 3767 scriptum

134 3795 348 3866 quamplurimos
357 3791 473 3850 olleudlt
486 3790 605 3861 graviter
620 3787 694 3844 circs
703 3787 745 3854 ¹⁸⁸,
759 3787 897 3858 praecipue
909 3787 958 3843 mi·
999 3785 1108 3855 reperio
1134 3803 1140 3839 :
1169 3783 1268 3840 Potius
1294 3784 1385 3840 Graece
1407 3785 1500 3840 Latine
1527 3784 1624 3841 dicitnr
1650 3785 1824 3858 perturbatio.

135 3877 201 3949 lites,
211 3895 273 3952 prae
285 3880 374 3938 ocnlis
383 3880 518 3937 habentes
528 3877 601 3949 qnod
614 3875 724 3948 quidam
738 3877 877 3932 Romanus
887 3874 957 3948 (157)
998 3872 1078 3930 Unde
1097 3874 1175 3944 inam
1198 3885 1267 3930 nteae
1291 3873 1434 3944 parvitatis
1457 3872 1626 3945 ingeniolum
1649 3875 1825 3932 statimoon-

135 3969 169 4024 ait
182 3971 330 4041 tyronibus
346 3990 353 4026 t
375 3969 451 4026 Serui
464 3968 543 4040 empti
556 3981 608 4023 ere
623 3966 691 4022 duro
703 3966 773 4037 ferre
783 3980 837 4021 uon
847 3969 958 4037 poseant
996 3962 1070 4034 titio,
1086 3962 1160 4033 qnod
1184 3963 1303 4019 Patarini
1328 3969 1446 4034 possunt
1463 3963 1671 4034 perturbatores
1685 3964 1738 4022 rite
1756 3977 1826 4021 nnn-

135 4055 295 4115 domtrmrum
308 4057 429 4130 imperto,
445 4055 538 4112 nedum
550 4070 606 4124 ver,
622 4054 747 4124 Quirites.
998 4051 1113 4120 cupari;
1139 4050 1214 4121 quod
1233 4052 1313 4122 plane
1340 4066 1433 4110 rerum
1458 4054 1558 4124 probat
1573 4053 1696 4112 allectus.
1712 4056 1826 4112 Verum·

169 4144 207 4202 10.
232 4145 440 4205 Unde-lactum
459 4148 511 4213 est,
527 4148 559 4201 ut
575 4142 656 4200 simul
671 4142 770 4199 diebus
788 4141 895 4213 aliquot
907 4155 957 4198 ει·
997 4144 1088 4196 tamen
1102 4139 1126 4195 si
1143 4139 1254 4211 qnando
1269 4141 1332 4212 quis
1350 4141 1504 4213 probatiori
1525 4141 1609 4200 luerit
1627 4145 1825 4215 interpretatus

136 4239 172 4291 tm
193 4237 291 4295 urbem
316 4239 447 4292 exeuntes
469 4247 546 4291 snam
570 4232 624 4288 sibi
644 4233 769 4303 jurarent
784 4244 881 4304 magna
896 4230 957 4301 ple·
998 4230 1145 4299 sententia,
1168 4231 1293 4288 concedo
1316 4232 1446 4302 equidem
1469 4237 1528 4288 tota
1550 4234 1651 4289 mentis
1669 4232 1825 4304 tranquille

136 4320 174 4380 bis
194 4341 256 4384 curn
283 4329 360 4396 parte
380 4321 515 4396 justitiam
539 4327 567 4382 et
589 4321 677 4378 sancti
699 4320 836 4378 ambrosii
864 4319 957 4376 lrono·
999 4318 1200 4386 conuenientia,
1212 4318 1361 4376 dummodo
1377 4331 1477 4376 nomen
1492 4317 1644 4376 concordet
1652 4321 1741 4389 operi,
1753 4331 1827 4389 opus

811 4435 924 4491 VARIAE
942 4433 1136 4490 LECTIONES.

168 4549 637 4614 ¹⁸'citreaet132*.‹aternoParieettm
693 4549 726 4582 ¹³⁰
740 4549 872 4606 librarum
887 4551 960 4607 dtur.
1017 4547 1049 4580 '⁸⁷
1063 4552 1146 4619 atque
1160 4545 1188 4604 3.
1245 4547 1409 4608 ¹⁸⁸citosl.
1451 4531 1498 4581 ‘¹⁸⁹
1509 4550 1556 4606 ltu
1572 4547 1596 4605 1.
1613 4545 1703 4604 Parte.
1714 4560 1745 4620 p.
1759 4545 1824 4602 326.

140 4625 281 4686 gygone„
294 4626 323 4684 3.
336 4641 364 4700 g.
384 4631 481 4684 contra
496 4623 572 4682 ΒΥ,
627 4621 659 4654 ¹⁶⁰
673 4634 740 4694 ergo
753 4619 782 4677 3.
922 4690 1031 4748 NOTAE·

170 4811 246 4887 (155)
267 4815 309 4871 lbi
331 4813 360 4870 in
379 4811 473 4869 limine
491 4824 570 4868 notar
588 4807 710 4867 basilica
722 4805 991 4874 versusiuseriptln
1036 4802 1112 4859 dano
1135 4803 1279 4861 Domtuime
1304 4805 1498 4862 impanationis
1523 4801 1601 4872 1075,
1617 4801 1724 4860 indicto
1737 4817 1753 4858 e
1766 4817 1826 4873 ιιιιι,

138 4891 232 4952 sunta
246 4885 384 4944 Purioello
399 4884 427 4941 in
443 4881 514 4940 libro
524 4883 559 4939 de
570 4881 673 4938 sanetis
687 4878 852 4950 martyribus
864 4892 891 4948 p.
903 4875 957 4931 308
1000 4889 1042 4941 ιιι,
1058 4872 1126 5002 lc'trl.t
1138 4874 1247 5001 Aprglig,
1262 4875 1331 4946 terto
1344 4877 1469 4932 comedo.
1487 4871 1611 4932 incendit
1630 4873 1711 4931 etlam
1725 4875 1827 4933 Bonlzo

139 4959 251 5014 serrati:
1001 4957 1113 5002 memtm
1162 4988 1168 5002 .
1241 4989 1248 5002 .

169 5027 289 5085 Pmmmc
302 5041 389 5084 uerae
397 5026 481 5099 prieti
495 5039 599 5080 ειιιειιιιι
618 5023 653 5078 stt
667 5021 782 5079 culmino
795 5017 893 5092 tempti,
1039 5015 1118 5088 (156)
1141 4959 1272 5073 ¹PJJeclesiae
1295 5015 1389 5074 Sancti
1408 5015 1485 5074 Pauli
1504 5017 1533 5074 in
1547 5017 1683 5088 compito.
1707 5015 1828 5074 Plurima

170 5099 243 5164 Onod
256 5100 343 5171 specie
354 5100 447 5170 fomute
459 5095 524 5153 ualli
537 5038 644 5151 cedegct
658 5095 686 5150 iu
700 5093 771 5150 orde.
1001 5087 1035 5144 de
1053 5101 1091 5170 ‚eo
1112 5089 1238 5172 invenies
1255 5088 1284 5144 in
1298 5087 1419 5145 Historia
1438 5087 1564 5146 Landuili
1580 5089 1614 5146 de
1628 5090 1656 5145 S.
1676 5087 1760 5145 Paulo
1775 5101 1827 5145 ne-

171 5170 336 5242 Tcmpera'dns
350 5168 437 5226 multia
449 5169 536 5240 derat
548 5167 626 5222 decer
640 5165 715 5221 iatius
729 5164 813 5221 urbm.
1001 5163 1076 5229 potis
1095 5172 1165 5228 eyns.
1274 5229 1280 5242 ·

170 5239 250 5298 Omne
263 5241 438 5312 morutoetnm
452 5239 545 5309 recipit
557 5241 616 5308 poet
631 5239 748 5307 temporo
762 5249 860 5292 euram.
1036 5229 1114 5372 (1573
1129 5232 1165 5313 C..
1176 5231 1375 5311 itemmtuslap.
1390 5229 1500 5312 sallust.
1516 5232 1579 5301 ing.
1594 5228 1639 5287 31.
1673 5301 1689 5314 ..
1788 5300 1794 5312 .

171 5311 273 5369 Gerrait
287 5314 400 5380 cornino,
416 5310 563 5382 eedupsum
576 5308 659 5376 carpit
673 5306 707 5363 ab
720 5307 783 5362 true.
1038 5299 1100 5368 (158
1129 5303 1250 5358 Picentes
1269 5315 1298 5357 ec
1316 5305 1489 5371 tntcprttotem
1503 5304 1536 5360 B.
1556 5301 1689 5359 nmmum
1702 5298 1767 5358 odie
1779 5314 1827 5372 pp.

170 5381 223 5438 Sed
236 5384 314 5456 primi
329 5382 424 5440 endum
437 5381 525 5453 nequit
540 5377 704 5449 equiparare
717 5377 868 5433 secuudum.
1000 5385 1074 5428 rure.
1090 5373 1202 5439 Bouizo,
1240 5411 1247 5426 .
1263 5370 1327 5428 813.

170 5452 245 5509 Plebs
259 5455 400 5526 spectando
415 5454 476 5510 time
486 5455 622 5524 peccatum
636 5462 717 5503 cumn
730 5448 833 5503 mine:

173 5525 288 5596 Teprine
301 5526 424 5598 oedidcca,
436 5529 497 5581 turc
510 5515 648 5578 adaucte
661 5519 798 5589 reformes.
1002 5513 1089 5570 mnu.
1106 5513 1141 5570 de
1155 5515 1184 5570 S.
1200 5512 1285 5571 Paulo
1300 5527 1326 5572 c.
1341 5513 1387 5572 tt.
1402 5513 1443 5573 Cl.
1461 5513 1670 5573 bertholduma
1687 5513 1765 5571 1077.

170 5595 216 5652 Sia
230 5595 350 5670 templum
365 5595 480 5664 Donriui,
494 5592 581 5666 piacet
594 5588 634 5646 itii
647 5587 751 5660 fabrico
766 5585 863 5660 templi.
1041 5582 1121 5658 (160)
1137 5585 1168 5640 V.
1190 5585 1276 5642 Laud.
1292 5584 1327 5642 de
1344 5587 1372 5644 S.
1388 5587 1430 5656 P..
1447 5601 1473 5645 c.
1492 5586 1516 5655 1,
1535 5583 1563 5656 d,
1582 5585 1624 5654 15,
1640 5583 1685 5642 44.

1039 5439 1115 5514 1159)
1140 5444 1199 5500 inte
1226 5449 1317 5500 ectum
1341 5456 1393 5512 per
1413 5441 1563 5500 amanum
1587 5442 1622 5501 de
1647 5441 1742 5500 Raude
1761 5441 1829 5500 dicit
1918 5456 1925 5463 ·
