4034 6152
196 261 264 346 rost
722 285 750 341 s.
770 283 915 340 onmem
934 269 1073 340 nonanis
1092 277 1350 338 stnvmmroms
1814 274 1887 331 rosa

194 429 267 485 nem,
284 427 339 472 non
355 413 454 470 avertit
472 413 644 485 petitionem,
665 410 712 467 sed
739 407 832 466 diliert
854 408 1121 481 responsio-Aque
1153 405 1206 463 sibi
1226 403 1356 460 affluebat
1387 415 1439 473 per
1466 402 1664 474 erogationem.
1689 402 1829 474 Erogabat
1859 408 1890 458 et

195 519 268 562 nem.
288 505 372 574 Cujus
404 501 593 573 responsionis
623 499 757 556 dilatione
781 499 873 556 statim
904 499 1017 555 interoi-
1057 494 1232 562 abundabat;
1257 492 1413 549 donabatur
1426 505 1488 547 cum
1508 489 1608 558 dabat;
1642 491 1706 561 quia
1731 490 1824 547 divina
1846 505 1888 546 re-

195 595 309 666 piuntur
328 591 503 662 imperatoris
531 589 687 660 precatoria
714 587 863 659 legatione.
892 590 926 644 Et
953 588 1017 659 quia
1057 585 1172 641 tributio
1192 597 1254 640 eum
1282 595 1393 652 semper
1421 580 1617 651 praeveniebat.
1646 580 1724 648 Quod
1749 580 1810 637 suis
1829 594 1888 636 non

195 687 350 749 annusest
367 682 429 737 dum
446 679 607 747 moliuntur,
628 679 797 747 molitiones,
817 678 893 735 illico
919 677 1018 734 dissol-
1059 673 1254 740 credentibus,
1289 671 1337 727 sed
1371 669 1528 728 terentibus
1556 669 1669 741 indigne
1706 670 1801 726 taliter
1820 671 1891 726 olina

194 779 304 829 vuntur.
324 770 440 826 Auditor
454 769 598 840 imperiale
618 769 785 837 mandatnm,
807 774 834 825 et
852 767 947 824 audito
967 781 1018 838 pa·
1059 763 1232 834 propalatum
1252 765 1295 818 cst
1314 760 1407 816 divina
1422 758 1556 817 bonitate.

195 862 264 919 riter
282 859 389 917 reditur
403 858 609 916 monasterium.
1099 851 1141 906 ld.
1175 851 1282 908 Em'mto
1319 847 1449 921 coempto.
1473 849 1617 904 -Tanta
1649 847 1770 918 deniqne
1802 863 1892 919 super

233 951 274 1006 13.
303 947 419 1007 Corbct'ca
441 947 569 1005 reclusus.
592 977 627 990 -
646 949 679 1004 itt
708 947 771 1020 quia
801 947 835 1003 ad
862 950 955 1003 votnm
975 960 1019 1002 res
1061 947 1189 1012 petentes
1219 940 1346 1012 largitate
1365 953 1431 995 nsns
1450 942 1493 994 est
1525 936 1675 1009 aliquando
1702 942 1734 994 ut
1750 937 1891 994 iratribus

195 1043 285 1112 coepta
312 1038 367 1094 sibi
391 1051 447 1094 non
467 1036 674 1108 suppeditabat,
705 1038 733 1093 in
753 1037 795 1092 sui
816 1036 939 1108 disponit
958 1049 1019 1090 esse
1061 1031 1194 1102 pulmenti
1209 1029 1279 1085 nihil
1293 1031 1368 1085 esset
1382 1026 1487 1084 residui
1502 1027 1626 1093 omnino,
1642 1039 1698 1082 non
1710 1027 1815 1097 pisces,
1830 1041 1890 1082 non

194 1127 397 1201 qualiscunque
416 1127 445 1183 in
473 1126 565 1184 alieno
584 1127 647 1184 loco
667 1140 728 1182 esse
751 1126 922 1182 decreverat.
943 1125 1021 1180 Inter
1060 1134 1166 1188 caseus,
1187 1132 1243 1176 non
1258 1117 1359 1188 aliquis
1378 1122 1480 1188 preter
1503 1129 1599 1187 panem
1624 1116 1825 1173 monachorum
1846 1117 1891 1171 vi-

195 1223 323 1290 parentes
340 1221 395 1272 stat
413 1219 440 1272 et
456 1220 592 1286 parentes
611 1214 692 1286 fugit,
712 1215 776 1284 quia
805 1213 953 1269 claustrum
969 1225 1020 1283 pro
1061 1215 1131 1266 ctus.
1153 1209 1231 1266 Unde
1246 1208 1308 1278 plus
1320 1209 1395 1277 justo
1420 1206 1579 1277 indignatus
1602 1205 1697 1273 irater,
1721 1207 1770 1278 qni
1791 1205 1891 1262 talium

194 1317 288 1363 eremo
304 1304 420 1372 babens,
441 1302 615 1359 orationibus
630 1301 743 1358 insistit.
764 1300 838 1357 Nihil
853 1301 936 1356 habet
951 1313 1020 1368 prar-
1061 1305 1121 1355 erat
1139 1299 1294 1370 assignatus
1313 1295 1457 1352 minister:
1481 1316 1493 1344 ι
1518 1295 1611 1362 liiror,
1632 1296 1681 1362 ait,
1701 1296 1794 1362 Pater,
1820 1293 1892 1366 qnid

195 1400 238 1451 ter
257 1406 298 1460 se,
315 1393 349 1449 de
369 1392 462 1463 seipso
477 1405 591 1463 rognum
606 1391 655 1446 liei
669 1390 763 1446 studet
781 1387 836 1445 sibi
850 1401 1020 1459 comparare,
1061 1388 1114 1445 sibi
1133 1387 1200 1444 velit
1219 1391 1293 1443 tanta
1313 1384 1455 1456 expensio,
1477 1391 1505 1440 et
1519 1382 1619 1440 exinde
1638 1383 1742 1440 nuliaa
1760 1398 1894 1455 quocun·

195 1481 297 1553 vigiliis
312 1486 399 1544 vacat,
418 1481 524 1551 jejunio
539 1493 569 1536 se
585 1479 735 1536 excruciat.
1061 1493 1116 1550 que
1135 1479 1275 1549 repensio.
1290 1477 1351 1532 lion
1366 1475 1457 1531 animo
1476 1473 1588 1530 reducis
1610 1475 1742 1544 penurias
1758 1473 1890 1542 imtmm,

233 1569 276 1624 14.
296 1567 386 1625 Abbus
414 1569 527 1639 elipitor.
558 1568 639 1624 liclia
667 1581 753 1637 repeat
779 1567 917 1639 Pippiouat
935 1563 1023 1620 ruode-
1061 1573 1092 1625 ut
1106 1568 1242 1635 deberes;
1267 1565 1315 1623 sed
1335 1564 1481 1637 egentibus
1494 1563 1645 1630 succurris,
1661 1569 1689 1620 et
1702 1564 1763 1635 ipse
1779 1579 1856 1636 eges.
1876 1587 1891 1613 a

195 1665 283 1715 rotor.
295 1689 331 1698 —
345 1658 465 1715 Proinde
480 1658 542 1714 talis
561 1656 680 1713 eflicitur
694 1663 724 1712 ut
739 1669 794 1713 non
809 1656 898 1712 solum
913 1653 1021 1721 ordine,
1062 1657 1157 1715 titillo
1176 1655 1324 1714 subridens
1337 1652 1555 1711 dissimulando:
1574 1653 1664 1709 nilon
1684 1653 1819 1721 turberis,
1840 1655 1892 1723 ait,

197 1747 248 1804 scd
263 1746 464 1804 etiambonore
479 1747 622 1803 sublimari
647 1746 786 1817 dignetur.
805 1747 862 1801 Nec
881 1745 911 1799 iit
929 1741 1157 1814 aliquaBirater,
1191 1745 1363 1816 inquirentes
1396 1743 1468 1800 enirn
1494 1742 1639 1800 bominum
1671 1755 1729 1799 non
1757 1743 1894 1799 deficient

198 1835 366 1892 sublimandi
395 1835 503 1904 dilatio,
525 1841 687 1892 cunctorum
716 1835 800 1891 corda
819 1835 853 1890 ad
882 1833 910 1889 id
929 1833 1023 1903 dispo·
1063 1837 1139 1894 omni
1158 1837 1241 1894 bono.
1270 1835 1321 1900 Tu,
1345 1833 1435 1904 inquit
1457 1831 1514 1900 ille,
1535 1832 1573 1887 ita
1589 1845 1699 1902 semper
1726 1831 1891 1903 polliceris;

198 1930 282 1981 trente
295 1925 363 1981 Deo.
380 1926 461 1980 Pater
474 1924 578 1995 quippe
592 1924 764 1990 monasterii,
780 1921 906 1993 corporis
920 1921 1024 1978 viribus
1064 1927 1179 1985 sednon
1192 1919 1581 1991 siccontinuodabiturquod
1595 1919 1790 1977 indesinenter
1804 1921 1894 1978 eitun·

198 2028 228 2070 se
261 2014 386 2070 sentiens
416 2013 540 2081 destitui,
576 2013 693 2070 electum
726 2012 829 2068 adnutu
862 2017 1023 2068 cunctorum
1065 2017 1118 2073 dis.
1138 2015 1218 2072 Prius
1241 2012 1363 2070 sentient
1381 2010 1481 2067 iratres
1504 2009 1706 2080 expendentem
1729 2025 1814 2081 qnam
1838 2010 1894 2066 de-

200 2103 361 2175 snbrogavit
378 2103 554 2159 adalardum.
584 2103 668 2173 Cuius
691 2102 835 2174 dignitatis
853 2101 958 2159 bonore
978 2101 1021 2156 in·
1065 2108 1148 2164 beant
1161 2104 1256 2160 videre
1265 2101 1474 2172 rependentem.
1487 2120 1502 2150 a
1511 2101 1597 2156 nanta
1612 2099 1769 2156 lacessitum
1782 2101 1892 2156 patrm

200 2193 336 2260 dosiatns,
352 2199 380 2248 et
399 2208 414 2248 a
433 2193 560 2262 principe
584 2192 662 2263 regni
681 2190 1022 2262 legaliteriutroninatus,
1065 2193 1256 2264 indignatione
1290 2190 1337 2261 qui
1366 2189 1555 2261 indignantem
1588 2188 1746 2259 patiebatur
1777 2187 1893 2244 imment

200 2295 255 2338 non
267 2281 387 2336 eitlcitnr
397 2281 593 2352 philopompus
604 2279 731 2351 (38l,non
742 2285 773 2335 ut
783 2279 877 2349 piures
886 2278 1021 2344 adsolent,
1066 2282 1280 2355 prosperitate,
1301 2279 1422 2350 respexit
1445 2277 1518 2335 tilius
1541 2277 1693 2346 charitatis,
1714 2281 1743 2334 et
1765 2278 1894 2349 porrexit

199 2369 404 2442 pompolentus.
424 2369 518 2437 Qualis
541 2370 601 2439 ipse
621 2374 689 2436 erat,
707 2368 776 2424 tales
795 2381 860 2425 snos
879 2381 939 2424 esse
951 2366 1025 2423 vole·
1065 2385 1176 2430 manum
1194 2369 1339 2442 largitatis.
1359 2369 1455 2425 Statim
1471 2366 1544 2423 enim
1568 2367 1668 2423 adsunt
1692 2367 1749 2424 dno
1767 2367 1896 2437 plaustra

200 2460 257 2525 bat,
278 2464 306 2515 et
324 2465 354 2515 ut
373 2465 476 2527 essent,
497 2457 624 2528 exemplo
643 2457 781 2525 trahebat,
806 2456 899 2514 verbis
918 2455 1023 2527 predi·
1066 2461 1247 2535 proforibus,
1263 2473 1319 2516 non
1334 2459 1418 2516 boum
1432 2457 1597 2524 ministerio,
1617 2455 1665 2512 sed
1689 2456 1819 2512 ministro
1844 2457 1896 2512 Dei
2010 2479 2011 2490 r

199 2549 290 2604 cabat.
310 2549 367 2603 Nec
382 2547 477 2604 deerat
501 2547 693 2618 predicationi
718 2545 861 2615 multiplex
888 2546 1023 2610 scientia;
1066 2553 1186 2610 deducta
1214 2549 1356 2616 divinitus,
1377 2561 1462 2605 unum
1490 2551 1619 2604 onustum
1644 2547 1743 2614 caseis,
1773 2545 1897 2603 alterum
2010 2559 2011 2562 ¹

200 2637 344 2693 scientiam
359 2649 425 2695 vero
444 2635 577 2692 fundabat
591 2635 619 2691 in
635 2635 768 2698 cordibus
781 2634 938 2691 auditorum
956 2649 1026 2704 pre·
1067 2642 1201 2714 piscibus.
1215 2640 1272 2708 Qua
1287 2639 1383 2694 beatus
1410 2638 1492 2693 Pater
1514 2635 1672 2692 visitatione
1691 2634 1841 2702 relevatos,
1870 2643 1899 2691 et
2010 2639 2011 2642 ’

204 2725 293 2782 dulcis
309 2724 446 2782 facundia.
468 2728 497 2782 ln
513 2739 567 2796 qua
582 2739 663 2795 quam
678 2725 811 2782 decenter
830 2725 953 2793 emicuit,
968 2737 1026 2781 cm·
1067 2734 1130 2806 ptus
1148 2729 1342 2800 redargutione
1361 2725 1454 2782 iratris
1472 2740 1554 2796 qnam
1574 2726 1655 2781 etiam
1670 2725 1730 2796 ipsa
1745 2725 1899 2782 relevatio

201 2817 244 2873 nis
263 2815 431 2886 Galliaque
447 2815 639 2888 eiusconsilio
654 2815 835 2882 innitebatur,
852 2822 948 2886 pacata
962 2828 1026 2884 pro·
1068 2837 1102 2878 ne
1117 2821 1236 2892 gavisus,
1259 2817 1348 2887 jubet,
1369 2820 1396 2872 et
1415 2813 1494 2870 adest
1522 2813 1597 2870 illico
1625 2812 1672 2869 ille
1698 2817 1804 2884 jussus.
1834 2818 1898 2882 Quo

136 2913 141 2922 '
200 2905 295 2971 bavit;
316 2906 432 2961 maxime
451 2919 516 2961 lem
535 2904 613 2960 ltalia
632 2919 695 2974 tlssae
713 2904 767 2960 Sibi
785 2919 802 2959 ³
820 2904 919 2960 Cal010
937 2902 1027 2959 sutrii
1068 2916 1186 2982 praesto:
1200 2925 1214 2960 c
1225 2905 1406 2970 Timentibus,
1416 2899 1721 2972 inquitlteumirater,
1733 2903 1804 2958 nibil
1816 2903 1899 2960 deest
2010 2879 2011 2918 i

200 2993 356 3058 commissa,
386 2997 415 3048 ut
443 2993 560 3062 pippino
578 2993 686 3049 iuniori
713 2993 748 3048 au
768 2993 919 3064 rmcndum
938 2993 1027 3063 magi·
1068 2998 1236 3070 atiquanoo;
1258 2995 1356 3050 beatus
1369 2993 1411 3048 vir
1424 2992 1472 3062 qui
1490 2997 1584 3062 sperat
1602 2993 1630 3048 m
1653 3006 1697 3049 eo.
1717 2993 1801 3060 nece,
1817 2993 1898 3063 queo

200 3084 312 3144 straret,
328 3084 356 3135 et
374 3078 409 3134 ad
429 3084 557 3135 stateram
575 3079 690 3149 justitiae
706 3092 821 3150 regnum
841 3078 963 3135 italicum
981 3077 1213 3147 in-llqmepasa
1229 3086 1285 3140 beo
1306 3081 1450 3154 arguitur,
1480 3086 1509 3136 et
1526 3080 1707 3137 incredulitas
1734 3087 1781 3137 tna
1797 3089 1898 3152 aperte

200 3169 343 3236 formaret,
365 3167 412 3224 ubi
432 3173 534 3224 tantam
558 3175 689 3237 operatus
713 3175 756 3224 esi
781 3169 940 3238 aedssiialem
962 3174 1026 3224 ula
1067 3175 1250 3234 convincitur.
1271 3171 1419 3229 Convictus
1446 3169 1556 3226 tandem
1585 3167 1729 3235 erubesce,
1759 3173 1789 3224 et
1816 3183 1900 3225 acce·

200 3256 303 3327 populo
319 3257 521 3326 comparaverit
539 3257 593 3313 sibi
613 3256 765 3328 angelicam
780 3256 899 3314 laudem.
919 3257 1027 3314 Nullius
1068 3267 1122 3338 ptis
1136 3279 1199 3336 quae
1212 3261 1367 3333 repetebas,
1382 3259 1440 3316 noli
1459 3258 1577 3328 amplius
1591 3257 1750 3329 desperare.
1766 3277 1783 3310 a
1797 3261 1832 3315 At
1848 3257 1900 3314 ille

202 3345 275 3402 enim
289 3346 319 3402 1¹1
335 3345 442 3416 ludiciO
461 3359 608 3416 llil⁸⁰¹¹³lss
637 3347 747 3416 accedit
765 3359 855 3416 ”illue
877 3347 907 3403 in
934 3347 1027 3416 Sillim
1068 3355 1215 3413 discedens
1228 3350 1368 3418 contusus,
1388 3347 1540 3405 eratenim
1559 3347 1748 3418 simplicitate,
1761 3347 1814 3404 sed
1836 3361 1899 3405 non

205 3433 309 3492 nouum
323 3435 462 3505 quesivit.
482 3437 512 3491 m
527 3436 653 3507 ingressu
668 3448 720 3494 suo
734 3449 843 3492 omrem
857 3437 1027 3508 tvonnicam
1068 3444 1128 3502 siue
1147 3437 1419 3498 tarraconensium:
1436 3436 1502 3490 «oa
1521 3434 1599 3502 mint,
1624 3434 1724 3506 inquit,
1741 3436 1832 3498 ratae.
1850 3449 1901 3491 ve

203 3525 334 3596 deposuit
349 3530 524 3596 potestatem,
540 3538 636 3581 eorum
651 3526 769 3595 scilicet,
785 3527 833 3597 qni
860 3526 934 3583 velut
958 3541 1028 3597 prae·
1068 3532 1151 3597 niam,
1174 3535 1257 3600 peto;
1288 3527 1421 3596 deinceps
1451 3524 1555 3595 quippe
1583 3523 1693 3580 credam
1720 3523 1772 3580 tibi
1802 3523 1901 3581 omnia

208 3613 296 3670 dones
324 3614 353 3670 in
386 3613 490 3685 populo
509 3615 676 3670 exercebant
689 3614 815 3684 rapiendi
835 3615 1025 3687 tyrannidem,
1068 3621 1168 3677 cedere
1187 3631 1239 3690 pro
1252 3621 1326 3675 voto.
1343 3613 1479 3672 Redditur
1497 3612 1571 3684 quod
1594 3611 1705 3680 dedisti,
1722 3611 1788 3682 quia
1808 3611 1901 3668 babes

203 3703 354 3773 unicuique
373 3716 422 3759 sua
448 3703 590 3769 restituit,
611 3708 639 3760 et
666 3702 706 3759 sic
736 3703 811 3761 inter
839 3718 887 3762 eos
898 3704 1028 3776 jurgandi
1069 3706 1142 3779 qnod
1158 3704 1517 3778 accepistigratiamquam
1531 3700 1667 3758 meruisti.
1680 3699 1901 3757 uveraconies·

202 3805 311 3848 causam
330 3792 466 3861 destituit,
487 3806 638 3863 pacemque
657 3793 761 3850 unitam
780 3793 933 3851 constituit.
1068 3797 1120 3865 sio,
1141 3811 1194 3853 nec
1208 3796 1349 3852 dissonae
1363 3792 1472 3850 merito.
1487 3793 1548 3848 Non
1563 3789 1898 3862 enimeratsemilargns,

203 3969 305 4026 Taliter
329 3969 414 4040 igitur
445 3969 620 4041 disponendo
647 3985 772 4044 regnum,
807 3975 932 4044 pervenit
961 3973 1029 4029 lines
1108 3975 1149 4030 ir.
1172 3975 1222 4032 Pio
1240 3973 1406 4031 decretione.
1420 4001 1456 4013 -
1469 3970 1496 4028 Si
1512 3969 1623 4041 quando
1644 3968 1754 4026 fortuna
1778 3975 1898 4040 egentes

202 4058 401 4124 Romanorum,
422 4058 468 4115 ubi
485 4072 500 4114 a
517 4061 608 4116 Leone
627 4073 698 4130 papa
718 4067 793 4118 tanta
816 4068 962 4132 susceptus
986 4067 1028 4118 est
1068 4065 1121 4122 sibi
1136 4063 1322 4136 praesentabat
1336 4062 1380 4118 bis
1393 4074 1489 4128 unum,
1507 4065 1537 4116 et
1550 4071 1656 4131 agapen
1672 4057 1799 4128 utrisque
1814 4071 1897 4114 com-

203 4147 390 4205 iamiliaritate
422 4153 525 4217 quanta
557 4149 693 4207 neminem
722 4153 889 4208 Francorum
919 4156 1027 4208 constat
1069 4159 1265 4225 potentemnon
1277 4152 1396 4208 babebat
1406 4150 1440 4206 ad
1451 4161 1570 4216 manum,
1582 4147 1669 4206 satius
1679 4147 1812 4204 censebat
1827 4147 1900 4204 alte·

203 4239 280 4309 prius
307 4242 466 4308 susceptum
485 4237 579 4295 inisse.
596 4240 652 4296 Nec
683 4239 712 4296 id
732 4255 798 4298 casu
824 4241 924 4310 evenit,
945 4240 1027 4298 talem
1068 4243 1091 4300 ri
1106 4248 1194 4300 toturn
1207 4241 1341 4308 tribuere,
1357 4254 1438 4311 quarn
1458 4245 1574 4310 uterque
1589 4249 1685 4294 eorum
1698 4249 1769 4306 pene
1784 4235 1900 4292 inelee-

203 4329 307 4400 quippe
321 4340 384 4384 eum
400 4327 522 4396 invonit;
539 4328 603 4385 ideo
618 4329 672 4386 hoc
687 4330 713 4386 ei
727 4331 915 4388 testimonium
935 4331 1029 4403 perbl·
1069 4338 1228 4404 mosynatus
1246 4330 1388 4388 videretur
1402 4328 1551 4396 recedere;
1576 4326 1622 4382 isti
1637 4325 1815 4396 impendebat
1829 4326 1899 4396 pie-

203 4417 283 4474 buit:
306 4438 318 4468 ι
339 4416 424 4486 Scias,
446 4417 546 4488 inquit,
572 4419 688 4489 optime,
703 4421 881 4491 Francorum,
910 4421 975 4492 quia
1002 4416 1542 4489 siDtatiseiiectum,illibenevolentite
1552 4412 1899 4472 tantummodoalieotnm.

203 4507 278 4564 aliud
298 4512 326 4563 te
340 4507 472 4564 invenero
487 4514 589 4578 praeter
619 4508 694 4578 quod
714 4509 793 4567 aiieci
812 4511 943 4580 animum,
959 4510 1029 4568 nulli
1108 4509 1149 4565 in.
1169 4512 1356 4580 nomannorum
1374 4507 1442 4563 doto
1452 4504 1591 4579 preditus.
1606 4533 1643 4545 -
1658 4504 1714 4560 Nec
1728 4509 1789 4574 erat
1803 4503 1902 4560 inanis

204 4597 337 4667 deinceps
356 4596 466 4653 credam
494 4602 658 4654 vestratum.
689 4616 704 4650 u
724 4599 827 4670 liagnar
855 4601 1029 4658 auctoritatis
1069 4598 1249 4658 avisceribus
1263 4596 1393 4668 pietatls;
1408 4609 1470 4665 quae
1485 4601 1588 4665 quanta
1601 4593 1656 4650 sibi
1670 4593 1783 4660 inesset,
1798 4607 1900 4662 parum

204 4686 307 4755 bomo,
336 4685 416 4756 cuius
434 4684 503 4742 tides
523 4699 618 4756 parurn
638 4685 716 4743 devia
743 4688 826 4745 nnius
853 4689 932 4761 regni
951 4689 1029 4747 tieret
1070 4691 1165 4758 corde,
1181 4688 1272 4746 minos
1290 4687 1380 4744 celare
1401 4689 1509 4758 poterat
1532 4683 1632 4741 oculis.
1648 4683 1762 4753 Semper
1789 4682 1901 4753 quippe

204 4774 357 4832 evacuatio.
377 4773 431 4830 Sed
446 4773 586 4845 quomodo
606 4775 640 4830 ab
664 4788 697 4831 ea
721 4781 816 4846 posset
834 4777 955 4847 deviare,
981 4778 1029 4849 qui
1069 4779 1148 4851 quasi
1162 4777 1275 4849 aliquod
1290 4775 1437 4847 aquagium
1458 4773 1605 4831 manabant
1630 4786 1663 4828 ex
1687 4772 1728 4828 eis
1751 4771 1900 4842 lacryma,

204 4876 264 4920 eam
292 4862 466 4921 deviantibus
493 4863 621 4920 studebat
648 4864 860 4938 redintegrare,
891 4874 919 4924 et
947 4868 1029 4925 etiam
1071 4883 1144 4940 que,
1162 4874 1191 4925 ut
1209 4866 1298 4924 videri
1313 4869 1432 4936 poterat,
1456 4868 1541 4920 testes
1555 4869 1635 4918 erant
1652 4859 1819 4930 dulcedinis,
1838 4875 1902 4918 non

204 4952 421 5025 imperatoribus
452 4953 567 5024 scriptis
599 4954 748 5011 intimaret
779 4957 810 5011 ln
848 4956 899 5012 lrac
934 4956 1029 5028 ntique
1069 4959 1112 5014 vel
1132 4953 1495 5028 paenitentisconscientiae.
1515 4953 1643 5020 Quicum
1671 4965 1687 5006 a
1714 4951 1773 5007 suis
1798 4963 1903 5006 seore-

206 5043 283 5100 dives
301 5048 371 5111 erat,
390 5042 440 5099 sed
460 5056 552 5099 rerum
571 5045 667 5101 mundi
685 5044 809 5115 aporiam
831 5045 1027 5118 [indigentiam]
1071 5047 1189 5128 tipribns
1212 5045 1430 5114 interrogaretur
1458 5042 1571 5098 lamenti
1595 5053 1716 5108 cansam,
1746 5057 1761 5090 o
1790 5039 1900 5110 Plango

208 5138 308 5205 sponte
322 5132 375 5190 sibi
394 5129 540 5200 inferebat,
562 5132 627 5204 quia
651 5133 680 5189 in
699 5132 808 5192 Christo
836 5149 942 5206 pauper
969 5149 1030 5192 esse
1071 5151 1114 5194 me
1129 5135 1228 5207 ipsum,
1244 5132 1304 5200 tilii,
1315 5131 1436 5200 dicebat,
1452 5143 1507 5187 non
1523 5129 1689 5188 ostentando
1711 5126 1900 5183 bumilitatem

206 5222 325 5279 volebat.
340 5222 501 5293 accipiebat
514 5237 530 5278 a
542 5222 636 5279 multis
659 5228 764 5291 mutuo,
796 5229 826 5279 ut
844 5238 954 5294 semper
978 5225 1032 5282 da·
1071 5239 1169 5293 meam,
1190 5224 1238 5280 sed
1254 5220 1444 5280 conveniendo
1464 5219 1673 5277 conscientiam.
1689 5219 1805 5287 ligone
1820 5215 1904 5272 intus

208 5317 260 5378 ret,
284 5316 313 5368 et
339 5325 449 5384 semper
476 5312 610 5380 haberem
641 5318 669 5368 et
698 5319 789 5369 tamen
808 5327 918 5384 semper
937 5321 1032 5386 egeret
1073 5319 1201 5371 etmerrte
1217 5310 1297 5378 novi;
1315 5309 1378 5366 idco
1392 5308 1492 5380 plango
1506 5307 1582 5378 quod
1597 5305 1732 5366 commisi.
1751 5304 1902 5361 »Dicebat

207 5400 389 5458 restituendo.
402 5403 518 5472 Semper
531 5402 606 5458 inter
619 5414 716 5458 manns
730 5401 850 5459 babebat
864 5402 1030 5474 largitatem,
1072 5404 1126 5461 lroc
1141 5415 1196 5459 non
1215 5398 1289 5471 quod
1308 5398 1372 5456 talis
1386 5403 1469 5464 esset,
1484 5397 1532 5454 sed
1552 5396 1599 5468 qui
1618 5395 1689 5452 tales
1702 5397 1791 5460 erant,
1812 5399 1843 5449 nt
1865 5395 1901 5449 ad

209 5495 598 5641 phiiiilgggsssst'espbilocompus,
614 5498 778 5572 prioreparte,
799 5499 955 5569 fastuosum
981 5516 1043 5559 nam
1056 5503 1163 5574 ,auctor
1188 5504 1283 5570 postea
1309 5497 1384 5554 subit
1404 5493 1594 5568 pompolentus,
1619 5493 1694 5564 quod
1709 5491 1782 5547 idem
1802 5498 1845 5548 est
1866 5507 1901 5548 ac
