4106 6178
271 303 339 360 1255

303 432 387 498 Quem
403 425 456 483 nisi
471 424 651 497 praemonitus
664 434 789 493 qnaercre
804 433 885 478 nemo
900 419 980 476 ualet.

268 519 387 585 Christe,
405 521 483 588 pater
498 505 628 579 clemens,
649 525 729 582 quem
747 524 803 566 non
817 509 870 566 nisi
885 510 1056 580 purificatus,

305 609 366 664 Non
384 606 439 663 nisi
455 603 601 661 mundatus
615 600 730 665 invenit,
746 599 845 657 invoco
860 605 898 655 te.

270 696 389 764 Christe,
407 709 457 766 per
471 694 600 757 clemens,
617 690 652 746 ad
667 703 750 762 quem
766 689 946 756 contendere,
957 703 1058 755 amare,

307 788 341 841 Et
355 798 436 856 quem
452 781 624 852 conspicere,
642 786 684 837 est
697 779 765 836 illud
781 779 883 836 habere
898 778 972 848 quod
988 786 1039 834 cst.

271 875 389 942 Christe,
410 873 478 930 tides
493 871 537 929 cui
550 885 601 930 nos
614 885 678 928 uera
692 871 803 938 excitat,
819 870 901 940 erigit
915 874 943 925 et
957 882 1032 938 spcs,

306 965 400 1034 iungit
414 977 500 1030 amor,
522 975 571 1032 per
586 975 668 1030 quem
683 959 818 1016 vincimus
833 972 914 1014 omne
930 957 1039 1014 malum.

271 1053 391 1120 Christe,
408 1060 488 1124 pater
504 1051 636 1118 clemens,
656 1049 705 1121 qni
720 1063 771 1105 nos
785 1047 942 1104 miserando
957 1047 1068 1104 reducis

304 1141 344 1198 hd
360 1147 398 1210 ιι,
414 1143 461 1212 qui
477 1155 541 1197 uera
553 1140 648 1212 janua,
665 1139 730 1206 nita,
746 1139 789 1194 via
804 1152 843 1194 es.

268 1231 378 1288 Christe
392 1233 475 1298 Dens,
493 1230 607 1302 proprio
622 1229 670 1300 qni
689 1243 741 1286 nos
760 1227 881 1299 dignaris
896 1227 1013 1293 honore,

303 1322 410 1392 Quique
426 1319 588 1376 cohaeredes
602 1333 654 1375 nos
669 1317 736 1374 lacis
751 1333 812 1374 essc
831 1325 913 1385 tuos;

268 1410 323 1466 Pax
338 1423 409 1478 mea,
429 1408 489 1464 laus
517 1421 587 1474 mea,
616 1421 680 1477 spes
704 1421 773 1473 mea,
800 1420 845 1462 res
867 1419 927 1462 mea
951 1405 999 1461 lux
1022 1417 1092 1474 mea,

925 1493 1057 1565 [Christe

299 1588 440 1656 Glorillco,
453 1601 572 1644 ueneror
587 1592 624 1656 te,
640 1585 787 1654 benedico,
804 1585 876 1642 colo.

266 1678 302 1734 'le
318 1677 407 1734 solum
423 1677 513 1744 laetor,
529 1680 556 1732 te
571 1675 660 1732 solum
674 1674 792 1746 gaudeo,
808 1673 897 1730 solum

301 1765 472 1836 Amplector,
488 1765 581 1834 cupio,
598 1762 694 1834 diligo,
711 1777 817 1832 quaero,
834 1775 945 1832 sequor.

266 1853 362 1909 Omnia
377 1853 401 1909 si
418 1853 516 1909 iterent
532 1850 672 1908 rutilantia
691 1850 782 1907 sidera
796 1850 908 1921 linguae,

303 1943 360 1998 lloc
376 1947 405 1998 ct
418 1953 502 1997 arena
516 1940 610 2007 maris,
626 1952 720 1995 semen
736 1945 763 1994 et
777 1939 840 1994 soli.

266 2032 323 2090 lloc
339 2032 412 2087 enirn
426 2035 512 2102 guttai
528 2029 672 2100 pluviales,
690 2028 794 2084 littoris
808 2027 904 2094 undae,
1012 2061 1017 2068 ·

301 2122 461 2190 Cunctaque
476 2134 538 2189 quae
553 2118 645 2174 nullus
664 2117 820 2174 dinumerat
836 2130 976 2184 numerus,

264 2210 325 2267 Non
339 2208 389 2266 tibi
404 2222 455 2278 pro
471 2207 576 2264 meritis
589 2206 686 2264 laudes
696 2207 852 2277 persolvere
867 2211 991 2276 possent,

300 2298 469 2355 immeritum
483 2297 552 2353 tanti
567 2296 641 2367 quod
661 2295 722 2363 tibi,
738 2296 857 2362 Christe,
874 2293 952 2351 iacis.

265 2389 354 2446 Verba
369 2387 436 2444 mihi
450 2387 539 2458 pictas
553 2385 664 2458 pietatis
678 2384 759 2456 plena
773 2385 875 2442 dedisti
887 2405 894 2451 ;

299 2479 462 2548 antequa
480 2477 598 2545 ueniam,
618 2481 682 2532 sunt
697 2489 728 2531 ea
746 2475 839 2543 uerba,
856 2476 910 2531 via.

264 2569 334 2624 ilum
347 2573 376 2622 tc
390 2578 446 2622 non
463 2571 571 2637 potero,
588 2571 686 2636 potero
702 2569 748 2619 tua
762 2564 845 2619 uerba
858 2562 963 2630 uidere,

302 2656 391 2712 Verba
406 2655 454 2711 liei
469 2654 588 2710 Verbum
603 2653 661 2708 visa
678 2652 773 2709 uidero
788 2652 903 2708 dabunt.

266 2746 355 2804 verba
372 2759 443 2802 novo
462 2750 509 2802 tua
523 2751 588 2801 snut
602 2743 692 2800 mellis
711 2743 822 2799 condita
837 2755 947 2814 sapore,

301 2841 385 2907 Quem
401 2834 485 2893 semel
500 2832 661 2899 imbuerint,
677 2831 715 2888 nil
735 2832 788 2888 nisi
803 2830 884 2888 dnlce
899 2830 981 2901 sapit.

264 2931 359 2986 Sermo
378 2939 449 2983 novo
465 2932 528 2980 tuus
543 2928 585 2980 cst
599 2920 726 2993 perfusus
740 2925 862 2978 aromate
880 2921 954 2988 rite,

300 3019 362 3076 vita
377 3013 556 3073 cadaveribus
571 3014 650 3082 cujus
665 3011 751 3068 odore
767 3011 850 3067 redit.

265 3108 344 3163 llunc
358 3105 419 3160 sine
435 3109 462 3158 te
476 3100 568 3158 nullus
583 3102 673 3171 potuit
687 3101 791 3156 sentire
805 3113 931 3171 saporem

299 3195 380 3260 Usus,
396 3198 424 3248 ιι
440 3191 494 3247 hoc
510 3189 612 3244 sinete
627 3187 720 3245 nullus
732 3187 818 3245 odore
830 3186 892 3244 lull.

266 3284 305 3339 Fu
320 3293 408 3339 novus
427 3293 457 3335 cs
469 3277 573 3346 cordis,
589 3290 670 3348 quem
685 3275 788 3344 lundis,
805 3277 833 3332 in
849 3289 897 3332 ora
912 3275 1057 3346 liquorem,

306 3372 401 3441 Tuque
418 3367 492 3438 quod
507 3368 536 3424 in
550 3372 657 3423 mentes
673 3363 777 3433 lundis,
792 3378 885 3421 aroma
901 3377 1011 3431 norum,

266 3462 297 3517 ln
310 3473 364 3527 me,
385 3457 459 3529 quod
473 3454 573 3523 inerat,
594 3467 677 3526 sapor
691 3454 736 3511 hic
756 3453 873 3511 exclusit
891 3467 1023 3521 amarum,

302 3549 336 3604 Et
350 3546 424 3618 quod
440 3544 554 3612 fetebat,
570 3543 615 3600 hic
631 3543 728 3614 procul
743 3544 800 3614 egit
814 3543 893 3599 odor.

268 3640 339 3710 Ergo
355 3641 400 3693 tua
414 3635 490 3692 uitiis
504 3633 585 3705 longe
597 3635 698 3690 uirlntc
713 3631 842 3702 repulsis,

303 3728 342 3784 ile
358 3729 494 3796 repetant,
511 3723 614 3794 templo
631 3723 769 3790 tullens,
786 3721 840 3778 hoc
855 3719 956 3777 reside.

267 3818 316 3885 Fu,
332 3818 413 3882 bens,
428 3816 481 3872 hoe
497 3812 598 3879 reside,
620 3810 737 3868 deiende
751 3808 916 3876 forinsecus,
934 3809 1009 3866 intus

303 3904 427 3971 Custodi,
444 3903 543 3959 domus
559 3900 619 3958 haec
633 3906 664 3957 ut
679 3900 730 3957 tibi
745 3903 803 3956 tota
816 3904 905 3956 uacet.

268 3996 335 4050 bum
349 4005 444 4049 moror
457 3992 486 4047 in
504 3991 597 4059 terris,
613 3990 732 4046 habilem
747 4003 790 4045 mc
806 3987 848 4044 iac
859 3988 910 4044 tibi
926 3987 1003 4059 regni

293 4083 359 4139 Post
378 4080 572 4147 habitatorem,
587 4079 806 4149 participemque
821 4077 871 4133 tui.

269 4173 303 4229 lit
315 4169 445 4242 quoniam
461 4168 538 4237 prius
557 4180 597 4234 cs,
614 4166 743 4235 qnoniam
763 4165 875 4235 pietatis
893 4178 986 4222 amore

305 4258 432 4329 Protegis
445 4255 593 4312 humanum
608 4253 802 4324 compatiendo
817 4266 915 4324 genus,

269 4346 510 4418 archiapostolici,
526 4345 574 4416 qui
589 4343 709 4402 culmine
728 4342 814 4414 fulget
827 4342 944 4399 honoris

1102 3099 1123 3159 G

305 4441 423 4511 Proteqc
438 4435 610 4509 Gregorium,
626 4435 682 4491 scis
696 4433 771 4504 quod
791 4445 882 4488 amare
901 4433 1022 4489 Petrum.
1104 4439 1130 4497 Ι)

269 4530 407 4601 Septimus
421 4527 450 4583 in
463 4539 579 4583 numero
595 4524 754 4596 vigilantum
769 4537 883 4579 munera
895 4527 1001 4592 septem

306 4617 450 4675 Possideat
463 4628 572 4685 semper
588 4612 705 4670 daminis
719 4610 766 4666 illa
781 4611 831 4667 tul.

239 4763 243 4776 ,
270 4709 336 4764 Cum
351 4704 455 4776 populo
473 4717 554 4775 reges
569 4702 598 4758 in
614 4714 681 4773 pace
696 4698 786 4757 faveto
801 4697 907 4767 ildeles,

307 4794 407 4863 Possit,
421 4800 451 4851 ut
465 4792 599 4850 Ecclesia
614 4796 672 4848 tnta
687 4803 797 4846 manere
812 4787 900 4859 quies.

272 4888 411 4957 nepreeor
424 4882 537 4954 Agnetis
554 4881 657 4952 reginae
672 4877 714 4935 iac
729 4877 899 4942 memoreris,

308 4976 374 5045 Quae
390 4985 485 5044 regum
499 4970 580 5040 Regi,
595 4981 691 5038 seque,
707 4981 841 5036 suumque
855 4963 940 5022 dedit.

275 5067 312 5124 Fe
331 5061 463 5122 desiderii
477 5071 612 5126 memoro,
625 5059 705 5114 Pater
720 5055 824 5126 optime
839 5052 936 5125 patris,

310 5154 349 5210 Fu
364 5149 512 5209 desideriis
525 5161 635 5218 semper
652 5146 748 5203 adesto
763 5143 831 5201 suis.

275 5243 389 5302 humina
403 5238 553 5297 luminibus
567 5241 654 5293 totum
668 5234 770 5306 qulbus
781 5231 882 5302 aspicis
897 5230 990 5287 orbem

311 5334 399 5390 Cerne
411 5345 461 5388 suo
480 5327 573 5386 studio
587 5331 689 5397 quanta
703 5323 817 5381 casinus
831 5320 924 5376 habet.

276 5423 364 5479 Cerne
379 5417 547 5478 domicilium
567 5415 720 5483 Benedicti,
732 5410 850 5471 contulit
862 5422 943 5466 omne

313 5511 371 5567 Hoc
385 5508 470 5566 decus
484 5506 519 5564 ad
533 5504 642 5563 laudem
657 5503 776 5563 nominis
790 5501 850 5571 ipse
869 5496 921 5554 tul.

278 5601 365 5658 Cerne
381 5595 562 5664 domicilium,
577 5595 694 5667 quodie
709 5591 825 5652 custode
839 5591 970 5660 regatur3

826 294 971 351 ALPHANI
990 291 1213 351 SALERNlTth
1233 293 1393 350 anclilne.

1894 301 1959 357 1256

1097 422 1124 481 A
1166 420 1279 491 Agmina
1291 421 1337 491 jus
1351 426 1476 476 sanctum
1491 433 1574 477 cerne
1590 417 1714 491 professa
1730 427 1817 480 tuum.

1136 511 1202 566 llaec
1216 508 1343 577 benedic,
1359 509 1463 581 illoque
1478 523 1558 567 sacro
1573 509 1707 581 pertunde
1726 511 1846 583 liquore,

1170 599 1254 666 Quem
1269 599 1367 666 Patris,
1388 605 1471 670 atque
1486 605 1549 656 tuus
1563 600 1682 671 Spiritus
1695 599 1783 658 almus
1797 603 1893 670 habet,

1135 688 1223 743 Cerne
1238 687 1407 755 sacerdotes,
1423 687 1517 745 leuitas
1532 703 1624 758 cerne,
1641 690 1782 748 ministros

1170 777 1301 834 Ecclesiae
1316 777 1449 848 reliquos,
1464 779 1561 850 vulgus
1576 785 1604 835 ιι
1619 793 1699 836 omne
1712 795 1802 838 suum.

1135 868 1235 923 Omnes
1249 868 1427 935 conveniunt,
1444 873 1471 925 et
1486 869 1625 934 noctibus,
1637 876 1719 940 atque
1737 871 1837 929 dicbus

1171 956 1263 1022 lloris,
1280 957 1427 1012 momentis
1441 961 1468 1013 ιι
1487 960 1547 1014 sinc
1564 959 1617 1015 dne
1632 965 1746 1016 canunt.

1134 1046 1260 1103 Christus
1272 1060 1322 1116 pro
1337 1047 1473 1114 manibus,
1486 1047 1612 1105 Christus
1629 1063 1678 1119 pro
1695 1048 1807 1118 lumine,
1824 1051 1958 1110 Christus.

1171 1137 1223 1191 Pro
1238 1135 1330 1204 labiis,
1344 1136 1470 1192 Christus
1489 1150 1539 1208 pro
1555 1137 1612 1194 lare
1627 1139 1719 1196 cordis
1738 1140 1853 1196 habent.

1134 1224 1229 1282 Redde
1242 1226 1329 1282 vicem
1344 1225 1460 1294 uicibus,
1474 1227 1600 1283 meritum
1616 1227 1775 1300 meritisque
1791 1231 1925 1300 repende.

1170 1316 1262 1370 Mutua
1277 1315 1390 1385 majoris
1404 1321 1468 1372 sunt
1487 1316 1538 1372 tibi
1554 1316 1644 1374 danda
1660 1318 1752 1374 modo.

1134 1405 1208 1472 Quos
1223 1403 1323 1460 dilecta
1339 1403 1393 1460 luis
1411 1405 1537 1460 manibus
1557 1405 1678 1476 plantata
1693 1407 1810 1463 decores

1170 1492 1253 1548 Vinea
1268 1492 1408 1563 producit,
1424 1500 1454 1549 lu
1473 1493 1543 1564 lege,
1560 1494 1677 1562 Christe,
1694 1496 1801 1553 botros.

1134 1583 1194 1638 Non
1209 1581 1245 1637 sit
1258 1595 1359 1648 amara,
1376 1595 1479 1638 nocens
1493 1596 1549 1639 non
1564 1589 1659 1640 extera
1673 1585 1736 1640 ultis
1750 1585 1777 1641 in
1793 1585 1852 1652 illa,

1169 1672 1204 1726 lli
1216 1669 1305 1740 rapiat
1317 1668 1423 1727 fructus
1437 1671 1502 1727 hinc
1517 1673 1605 1729 aliena
1619 1686 1726 1730 manns.

1096 1765 1119 1821 Β
1133 1761 1209 1815 lianc
1224 1761 1314 1824 Pater,
1330 1759 1401 1816 hanc
1418 1760 1550 1818 Dominus
1562 1762 1636 1833 jugis
1650 1763 1775 1820 custodia
1791 1771 1894 1828 servet,

1168 1849 1229 1905 Sint
1247 1855 1275 1905 et
1290 1850 1314 1905 ei
1330 1865 1411 1920 sepes
1424 1865 1498 1921 spes,
1514 1864 1601 1917 amor,
1617 1859 1699 1922 atque
1713 1852 1793 1910 fides.

1133 1941 1220 2009 htqne
1235 1953 1297 1995 cum
1317 1939 1461 1996 cherubim
1477 1941 1627 1997 munimina
1643 1949 1707 1998 sunt
1722 1941 1857 2012 paradisi,

1168 2029 1295 2100 Undique
1310 2029 1469 2100 rhomphaea
1490 2030 1612 2086 flammea
1627 2029 1708 2088 uallet
1727 2046 1768 2088 ea.

1490 2120 1603 2176 illllllV.

1266 2207 1310 2263 Ad
1325 2207 1454 2278 disciscat
1465 2209 1611 2281 principem
1624 2209 1832 2268 Sclerailonsrn.

1257 2296 1366 2353 Urbana
1383 2298 1475 2368 potius
1494 2297 1639 2355 nobilitate

1203 2385 1256 2440 Pro
1271 2392 1348 2442 certo
1368 2386 1437 2442 nihil
1453 2391 1495 2443 est
1509 2387 1579 2455 sola,
1597 2387 1671 2458 qnod
1687 2395 1764 2446 actus

1204 2474 1323 2531 llunitos
1339 2477 1446 2546 probat,
1463 2481 1492 2533 et
1507 2483 1606 2554 cuncta
1622 2477 1733 2534 relellit.

1202 2564 1268 2630 Quae
1284 2564 1377 2634 prodit
1391 2564 1497 2635 levitas,
1514 2567 1631 2623 maxime
1648 2567 1787 2638 princeps.

1255 2653 1394 2724 Quidquid
1410 2667 1509 2726 nempe
1524 2657 1604 2726 probi
1625 2656 1748 2728 possidet
1762 2656 1849 2724 orbis,

1207 2743 1266 2800 lloc
1282 2747 1368 2800 lotum
1384 2746 1508 2814 probitas
1522 2745 1626 2803 lecerat
1641 2747 1731 2814 Urbis,

1202 2834 1287 2901 Quam
1301 2847 1411 2890 servare
1426 2834 1512 2902 domi,
1528 2836 1690 2907 militiaque

1203 2921 1328 2978 Decrevit
1346 2921 1437 2978 stabili
1450 2924 1512 2994 iure
1527 2931 1650 2981 senatus.

1237 3011 1276 3066 Fu
1291 3011 1392 3067 uirtute
1407 3012 1490 3069 animi
1503 3014 1640 3084 corporis,
1656 3020 1684 3070 ct
1699 3013 1725 3070 ui

1201 3101 1338 3169 Augustos
1356 3100 1491 3171 sequeris,
1508 3101 1583 3158 nulla
1598 3101 1709 3158 Catonis

1202 3189 1239 3244 Te
1254 3189 1339 3246 vincit
1352 3192 1481 3262 gravitas,
1497 3191 1574 3249 solus
1588 3193 1700 3248 haberis

1202 3279 1242 3335 Ex
1255 3278 1349 3336 mundi
1365 3280 1485 3338 dominis
1499 3283 1551 3338 rite
1566 3288 1717 3353 superstes.

1239 3368 1305 3436 Quis
1321 3369 1377 3438 jam
1395 3367 1544 3426 irondiiera
1559 3376 1682 3440 tempora
1703 3373 1781 3426 lauro

1204 3455 1281 3514 blilcs
1295 3463 1322 3512 te
1333 3457 1429 3529 religat
1444 3457 1554 3530 dignius
1569 3473 1693 3530 nsquam.

1204 3544 1233 3601 si
1251 3544 1426 3616 Carthaginis
1438 3546 1484 3603 hic
1498 3547 1588 3603 uictor
1602 3548 1711 3604 adesset

1204 3632 1306 3688 Consul
1321 3640 1420 3704 sponte
1435 3634 1484 3691 tibi
1505 3635 1617 3692 cederet
1633 3638 1702 3706 ipse.

1240 3721 1363 3792 Tarpeiae
1379 3723 1468 3780 solilae
1483 3739 1597 3781 cernere
1612 3740 1696 3796 rupes

1206 3811 1340 3868 Victrices
1353 3813 1469 3884 aquilas,
1487 3815 1614 3885 protinus
1633 3817 1707 3871 omni

1205 3901 1285 3958 Pulsa
1300 3902 1441 3970 moestitia,
1457 3905 1574 3961 Caesaris
1592 3913 1652 3962 acta

1205 3989 1329 4046 Gaudent
1343 3992 1462 4061 praeside
1477 3998 1504 4049 ιι
1522 4008 1604 4064 posse
1624 3995 1728 4051 novari.

1239 4079 1331 4136 Gallos
1345 4093 1462 4152 namque
1477 4082 1563 4140 duces
1578 4083 1650 4140 colla
1662 4082 1763 4154 ligatos

1204 4169 1324 4238 Aulique
1339 4169 1467 4240 grauibus
1485 4185 1562 4228 more
1577 4174 1692 4240 catenis,

1205 4257 1261 4313 Nec
1275 4257 1376 4315 vidisse
1388 4261 1474 4332 juvat,
1490 4261 1518 4318 ni
1538 4262 1649 4319 videant
1662 4276 1736 4319 nunc

1205 4347 1261 4402 llos
1275 4359 1291 4402 a
1306 4353 1333 4403 te
1349 4349 1461 4419 reprimi
1481 4352 1564 4408 llario
1580 4354 1695 4409 recenti.

1243 4435 1353 4504 Paulos,
1370 4443 1398 4493 ct
1412 4437 1521 4508 Fabios,
1542 4440 1752 4511 corneliosque,

1208 4525 1356 4594 Gracchos,
1372 4528 1524 4597 Fabricios,
1540 4531 1626 4588 homa
1641 4530 1779 4596 Lucullos,

1209 4616 1245 4671 Te
1258 4615 1318 4671 viso
1334 4623 1478 4685 memorat,
1494 4617 1593 4688 hisque
1608 4619 1730 4686 decenti,

1207 4705 1292 4771 Quem
1307 4705 1407 4761 virtute
1423 4720 1515 4776 parem
1536 4714 1682 4774 monstrat,
1699 4713 1727 4764 et
1742 4707 1836 4764 armis.

1244 4794 1308 4849 llaec
1323 4808 1455 4851 mucrone
1469 4801 1518 4852 tuo
1532 4795 1659 4868 frangere
1673 4795 1768 4869 Pyrrhi

1207 4882 1265 4936 Jam
1280 4879 1392 4938 lestlnat
1406 4896 1485 4954 opes,
1500 4884 1698 4956 annibalisque

1210 4969 1344 5026 Fortunas
1358 4977 1477 5040 veteres,
1493 4976 1576 5043 atque
1591 4972 1708 5043 inrores,

1210 5059 1245 5114 Ut
1259 5059 1376 5131 stringat
1389 5059 1480 5118 solitis
1494 5061 1602 5134 legibus
1616 5064 1721 5120 orbem.

1504 5151 1606 5207 XXXV.

1228 5235 1429 5294 liundorum
1441 5239 1552 5310 fratrem
1563 5241 1691 5312 principis
1699 5239 1872 5298 salonensi.

1139 5325 1254 5397 Cognita
1272 5341 1354 5383 cansa
1369 5329 1433 5394 mei,
1449 5327 1599 5386 fortissime
1613 5329 1712 5399 Gnido,
1728 5329 1842 5401 uigoris,

1175 5416 1256 5472 Sume
1271 5415 1337 5473 llcet
1350 5417 1488 5474 modicum
1503 5420 1634 5476 carminis
1648 5419 1729 5490 hujus
1743 5433 1813 5489 opus

1140 5505 1200 5561 Non
1214 5501 1273 5560 iero
1288 5505 1406 5576 diuitias,
1423 5513 1567 5577 ambrosi,
1583 5509 1627 5566 cui
1642 5507 1735 5566 nullus
1753 5508 1875 5566 habendi

1176 5593 1228 5648 bes
1247 5593 1299 5650 nisi
1314 5609 1376 5665 quac
1390 5594 1465 5668 larga
1479 5609 1592 5656 munera
1607 5597 1690 5670 digna
1701 5611 1795 5656 manu.
