4106 6178
230 313 298 369 itit
786 317 933 376 aladini
951 319 1174 377 salmunlnnltl
1193 319 1349 377 muniar.
1846 319 1916 378 lata

226 438 313 496 lotium
324 438 486 509 reipublicae
500 439 648 508 Christum,
658 441 706 511 qui
721 441 749 496 in
764 440 843 497 coelis
856 448 909 508 est,
923 443 1081 511 adorantia
1091 443 1166 500 illico
1185 443 1278 502 diriuo
1294 443 1419 500 examine
1433 442 1580 500 retroactis
1597 441 1730 515 vestigiis,
1755 447 1834 517 quasi
1855 461 1917 518 pas

226 528 306 599 culus
332 527 475 594 instinctu,
505 530 653 600 cujusque·
666 529 765 585 liduula
785 531 1050 600 perniciosissimum
1089 531 1166 588 sibus
1193 533 1268 589 senis
1294 533 1386 596 vicino
1414 531 1512 606 parieti
1540 531 1726 601 adhmsemnt,
1742 540 1773 590 ut
1786 533 1918 605 proiecto

227 629 288 673 esse
320 617 479 674 existimans
497 617 716 674 sceleratissimis
748 624 776 675 et
808 619 969 677 miserrimis
995 621 1051 678 ho-
1090 625 1222 691 lyraunus
1240 627 1404 694 agnosceret
1426 621 1557 678 militesa
1575 621 1693 692 puellari
1716 623 1794 680 carde
1819 625 1915 694 expul-

227 705 421 762 rauneionlbus
448 705 598 763 divinitatis
613 709 782 777 majestatem
801 711 950 777 ascribere,
967 718 1050 781 alque
1090 720 1136 770 sos
1155 710 1259 767 viribus
1286 710 1384 767 aliems
1407 711 1534 767 cessisse.
1565 711 1652 766 lhne'
1668 711 1749 767 beata
1776 713 1915 769 christina

227 806 322 851 eorum
345 793 527 864 supplicando
555 795 719 864 simulacris,
747 797 904 854 Creatorem
927 800 1048 856 omnium
1090 796 1140 854 hae
1154 797 1232 856 valde
1251 799 1432 856 admiratione
1451 811 1548 856 secura
1567 798 1625 855 alt:
1641 817 1656 851 v
1670 801 1804 872 Agnoscis
1819 815 1916 873 poenas

228 896 320 940 rerum
334 883 485 951 offendere,
505 885 588 940 statui
617 898 649 941 ea
677 885 803 942 manibus
831 887 900 944 meis
927 887 1049 944 coulrin-
1089 891 1151 942 tuas
1165 887 1331 957 ineiilcaces‚
1347 889 1476 956 Urbane;
1504 887 1655 958 perpendis
1681 888 1783 946 milites
1811 897 1914 961 quanta

226 985 302 1042 gere,
318 976 347 1028 et
360 971 496 1042 quidquid
515 973 605 1030 inerat
623 974 730 1046 argenti
745 975 787 1031 vei
801 976 861 1032 anri
881 978 1050 1047 pauperibus
1089 975 1118 1032 in
1133 990 1176 1034 me
1200 983 1317 1048 possunt
1344 978 1385 1034 uti
1414 977 1598 1044 credulitate;
1628 985 1776 1035 occurrant
1805 978 1855 1046 dii,
1885 985 1913 1035 et

227 1073 360 1132 megaera
397 1060 481 1131 idque
515 1069 596 1120 nocte
624 1069 762 1121 transacta
790 1073 931 1136 peractum
959 1071 1047 1123 est.»
1089 1065 1153 1135 qnia
1168 1080 1219 1136 pro
1233 1081 1263 1124 se
1282 1068 1453 1124 certantibus
1471 1073 1612 1137 nequeunt
1635 1068 1813 1138 suppeditare
1836 1069 1915 1125 auxi·

227 1149 354 1206 Urbanus
364 1155 456 1206 autem
470 1150 505 1207 ad
520 1151 581 1209 hec
595 1153 672 1210 nulio
692 1153 776 1210 modu
802 1169 944 1212 assensum
973 1169 1049 1228 pra·
1089 1153 1166 1221 llum,
1181 1155 1236 1226 ipsi
1256 1156 1308 1212 sibl
1337 1156 1526 1228 opitulentur;
1556 1155 1735 1226 experiantur
1760 1157 1789 1213 in
1817 1170 1864 1213 rne
1889 1158 1913 1213 si

225 1237 292 1294 bere
325 1242 443 1309 poterat,
474 1240 548 1310 quod
573 1243 637 1299 ostii
665 1243 851 1312 obseratione,
881 1252 909 1301 et
932 1245 1050 1302 excelsae
1089 1256 1170 1314 quam
1186 1245 1306 1302 babeant
1320 1245 1473 1302 divinitatis
1492 1245 1663 1317 potentiam;
1693 1245 1757 1316 quia
1782 1245 1825 1302 eis
1857 1259 1914 1303 non

224 1326 312 1382 turris
326 1326 472 1386 altitudine
485 1329 520 1386 ad
534 1343 593 1386 eam
609 1329 766 1388 hominibus
779 1334 930 1406 negabatur
943 1333 1049 1406 ingres·
1090 1346 1201 1403 parvum
1234 1334 1315 1391 intuli
1350 1333 1491 1402 dedecus;
1520 1348 1591 1404 quos
1619 1334 1702 1390 dictis
1743 1334 1914 1392 contutanda

227 1429 284 1472 sus.
300 1417 421 1486 cumque
441 1431 534 1475 secum
551 1419 668 1490 plurima
688 1420 818 1490 volveret,
840 1429 867 1478 et
887 1437 944 1493 prae
963 1424 1048 1480 nimio
1090 1422 1254 1493 contempsi,
1287 1423 1500 1481 contemnendo
1528 1421 1629 1490 delusi,
1659 1422 1818 1480 deludendo
1846 1437 1914 1480 cuu-

226 1503 325 1561 doiore
343 1505 480 1564 obstinata
499 1522 550 1578 per
570 1509 682 1566 domum
701 1516 793 1566 mente
815 1512 968 1580 incederet,
984 1527 1049 1569 casu
1089 1509 1178 1583 tregi3
1193 1511 1295 1582 quibus
1313 1510 1410 1568 oculus
1428 1512 1498 1578 crui,
1527 1511 1628 1582 quibus
1656 1523 1706 1566 ora
1732 1509 1850 1568 neiarma
1865 1511 1913 1568 ob·

225 1590 354 1651 ienestrm
378 1596 551 1669 incumbens,
566 1597 641 1654 videt
670 1605 783 1668 repente
813 1601 969 1668 resticulos,
989 1601 1051 1672 qul·
1089 1600 1188 1668 struxi,
1203 1600 1304 1670 quibus
1319 1599 1403 1670 pedes
1416 1598 1528 1671 fugaces
1545 1599 1662 1665 abscidi,
1683 1598 1797 1656 brachia
1821 1597 1912 1670 iregi,

225 1682 278 1739 bus
296 1683 396 1742 abinde
411 1686 570 1758 huiusmodi
584 1686 650 1745 lacti
662 1687 856 1747 conferebatur
874 1689 953 1747 tides.
973 1692 1049 1748 Tunc
1089 1688 1150 1744 sine
1163 1697 1226 1746 actu
1241 1690 1363 1746 membra
1376 1689 1536 1747 comminui.
1556 1703 1575 1744 a
1595 1687 1718 1746 audiens
1745 1688 1799 1745 hoc
1827 1688 1915 1744 urba-

224 1769 357 1829 immensa
389 1789 532 1846 accensus,
553 1777 593 1833 ira
622 1781 651 1834 et
678 1778 749 1835 ultm
776 1793 858 1849 quam
887 1775 1142 1850 parentibuanus
1156 1779 1241 1835 nimio
1260 1791 1379 1837 maerore
1398 1777 1540 1847 confusus,
1569 1777 1668 1835 terreis
1690 1777 1809 1835 nocuis
1840 1777 1914 1834 colla

225 1862 372 1917 conveniat
401 1862 431 1919 in
463 1864 567 1922 liberos
594 1867 721 1935 saeviens,
752 1868 838 1940 alapis
865 1874 893 1926 et
926 1869 1049 1927 calcibus
1089 1866 1207 1925 delicata
1233 1869 1407 1941 constringit,
1438 1875 1467 1926 et
1485 1869 1513 1925 ln
1541 1865 1666 1925 inieriori
1685 1859 1764 1938 parte
1792 1868 1914 1924 carceris

224 1947 395 2006 mitissimam
415 1951 521 2022 prolem
548 1953 716 2025 aggreditur.
746 1957 934 2028 suggerebant
957 1963 1048 2014 autem
1088 1957 1151 2014 locu
1178 1957 1298 2029 quodam
1324 1958 1505 2015 subterraneo
1533 1956 1642 2024 clausit,
1672 1971 1705 2013 ac
1726 1971 1757 2013 se
1778 1955 1915 2013 indatio

224 2036 561 2108 militeseircumstantos‚
576 2043 615 2100 uti
635 2058 693 2101 eam
718 2053 831 2115 palerna
859 2045 991 2114 alliceret,
1021 2053 1049 2104 et
1089 2059 1164 2103 mum
1191 2047 1358 2118 proripiens,
1392 2047 1487 2118 ibique
1510 2045 1677 2104 furibundus
1704 2059 1799 2102 secum
1827 2044 1913 2101 muita

223 2127 358 2183 suasoriis
375 2129 618 2200 insinuationibus,
640 2134 707 2203 quid
721 2135 750 2190 in
770 2148 800 2191 re
824 2141 897 2192 esset
922 2135 1050 2207 exquire·
1094 2136 1249 2205 revolvens,
1265 2137 1339 2209 quod
1355 2137 1503 2208 insperata
1523 2136 1563 2192 rei
1587 2135 1675 2191 malus
1688 2134 1913 2192 eventusincur·

224 2221 277 2284 rei,
296 2216 422 2274 simulate
446 2220 579 2276 addentes
601 2235 656 2279 non
671 2237 731 2280 esse
745 2223 894 2281 verisimile
908 2223 1047 2290 laminam,
1090 2231 1174 2294 rorat,
1191 2226 1302 2298 conjugi
1318 2225 1439 2283 tristitias
1459 2238 1568 2282 calisam
1587 2224 1713 2296 poscenti
1727 2237 1785 2280 rena
1812 2222 1913 2294 aperit,

223 2311 278 2362 tant
302 2305 442 2374 solertem,
459 2313 568 2380 tamque
586 2311 615 2366 in
630 2313 761 2369 Romanis
783 2313 891 2385 legibus
913 2315 1048 2370 eruditam
1089 2314 1171 2371 liliam
1198 2315 1381 2372 Christianam
1408 2314 1531 2372 edemam
1561 2313 1654 2370 multis
1685 2312 1840 2370 asmntibus
1869 2327 1915 2382 pa

224 2395 360 2465 ejusmodi
380 2397 586 2468 patrivoluisse
605 2400 709 2458 inferre
732 2402 871 2474 injuriam,
892 2405 965 2460 unde
986 2406 1049 2474 jura
1089 2403 1192 2462 teiecit.
1223 2405 1265 2460 itit
1297 2406 1446 2462 amicorum
1479 2410 1593 2474 repente
1612 2409 1773 2468 conventus,
1804 2407 1833 2457 et
1859 2415 1915 2456 rna

224 2485 298 2540 civili
314 2492 479 2545 testamento
503 2497 618 2560 paterno
643 2492 768 2548 exhaeres
786 2495 884 2551 merito
908 2495 1050 2551 scribere·
1089 2498 1230 2549 tronamm
1245 2493 1379 2549 maximus
1403 2492 1525 2562 undique
1552 2505 1669 2558 eursus;
1689 2496 1842 2560 concrepat
1859 2489 1914 2545 do·

223 2580 273 2630 tur
305 2576 400 2646 sicque
438 2579 522 2635 rebus
555 2581 659 2650 privata
684 2580 869 2640 hereditariis
895 2583 1048 2654 improvide
1090 2592 1148 2636 mus
1177 2581 1294 2638 diversis
1325 2580 1453 2637 dolorum
1479 2580 1588 2636 turbata
1615 2579 1774 2652 generibus,
1790 2579 1912 2634 mrortrn

225 2669 272 2719 aut
286 2662 440 2721 voluntarie
455 2667 509 2722 sibi
528 2668 628 2726 obesse
644 2668 794 2727 videretur.
810 2673 892 2728 Beata
910 2672 1049 2728 Christina
1091 2683 1124 2726 ac
1156 2671 1312 2739 mulierum,
1341 2669 1513 2739 amicorum,
1543 2677 1571 2726 ei
1598 2667 1710 2724 familiar
1738 2667 1845 2738 repleta
1878 2665 1915 2721 la-

225 2750 390 2821 respondit:
421 2753 448 2810 Si
477 2755 531 2812 huc
559 2756 634 2828 leges
653 2759 835 2830 constituunt,
865 2760 919 2820 hoc
941 2761 1046 2830 volum,
1088 2759 1198 2815 mentis.

224 2839 262 2895 ad
274 2839 328 2896 boc
342 2847 478 2912 spectant,
498 2849 530 2902 ut
548 2857 653 2914 omnes,
679 2849 726 2918 qui
745 2850 895 2920 opprobria
923 2851 1049 2922 patribus
1124 2849 1191 2903 mm
1210 2846 1270 2904 haec
1289 2847 1362 2918 apud
1376 2859 1425 2904 eos
1443 2849 1585 2918 gematur,
1602 2843 1760 2901 beatissima
1772 2843 1913 2900 Christim

224 2929 374 3002 ingerunt,
413 2945 508 2990 eornm
546 2936 723 3005 possessione
760 2939 920 3009 priventur,
958 2946 1047 2996 vestra
1087 2936 1288 3008 aliquantisper
1301 2937 1423 2994 orationi
1440 2936 1576 3004 incubuit,
1599 2933 1803 2992 obsecransuti
1819 2934 1844 2989 el
1860 2935 1913 2990 lto-

224 3020 361 3076 sententia
392 3021 454 3092 jtrre
478 3023 647 3092 plectemini,
677 3027 724 3097 qul
753 3041 768 3083 a
795 3035 887 3085 vestro
917 3030 1047 3086 creatore
1087 3027 1178 3084 minus
1191 3033 1287 3084 eontra
1302 3027 1455 3084 diabolicas
1473 3027 1547 3083 acies
1571 3023 1780 3096 impenetrabile
1804 3029 1928 3080 scutum.

225 3107 317 3176 divisi,
333 3110 381 3178 qui
400 3111 435 3165 ad
450 3110 657 3170 similitudinem
671 3129 750 3171 suam
774 3117 886 3184 creavit,
915 3104 1151 3175 demoni-illuct
1174 3115 1308 3173 conferat.
1341 3115 1472 3173 Oratione
1497 3120 1587 3172 summ
1616 3113 1697 3179 lacta,
1724 3111 1820 3169 subito
1850 3127 1911 3168 cum

225 3194 277 3252 bus
291 3210 341 3253 vos
359 3197 502 3255 ultroneos
516 3201 662 3258 exhibetis.
678 3205 735 3274 Ego
758 3217 823 3260 vero
847 3207 907 3276 ejus
929 3205 1048 3262 haeredi-
1088 3205 1221 3274 exsiliret,
1251 3211 1315 3261 ante
1343 3204 1440 3262 oculos
1463 3205 1523 3274 elus
1548 3203 1657 3274 juvenis
1670 3199 1913 3272 splendifflsimus

226 3289 309 3340 tatem
321 3285 384 3355 jure
398 3286 524 3353 obtineo,
552 3289 581 3346 in
600 3303 656 3359 qua
674 3291 742 3346 mihi
769 3291 894 3349 cohaeres
921 3293 1047 3350 Christus
1088 3293 1171 3365 gneo
1202 3292 1352 3364 splendore
1379 3291 1563 3349 circumhrsus
1593 3291 1741 3362 apparuii;
1776 3291 1823 3345 cni
1850 3288 1912 3344 haec

224 3378 275 3439 est,
307 3374 436 3430 conches
467 3376 567 3448 angeli,
594 3384 739 3436 consortes
765 3381 894 3450 apostoli,
924 3383 1047 3438 consocii
1088 3383 1177 3438 dixit:
1193 3399 1208 3434 u
1227 3383 1300 3438 llisit
1318 3395 1361 3438 me
1376 3381 1597 3438 dominustesus
1611 3377 1747 3446 Christus,
1775 3378 1855 3448 cutus
1885 3385 1912 3432 te

223 3467 367 3534 martyres,
396 3464 476 3522 amici
505 3465 693 3538 coniessores,
723 3467 820 3527 aidues
845 3471 984 3543 rirgines;
1000 3471 1047 3528 ubi
1087 3469 1215 3528 lammam
1229 3475 1289 3527 toto
1303 3470 1389 3528 corde
1403 3469 1529 3528 consessa
1542 3483 1582 3538 es,
1599 3475 1629 3525 ut
1647 3469 1698 3524 sim
1723 3467 1778 3524 tibi
1799 3475 1912 3523 eternae

225 3552 318 3608 nullus
331 3553 398 3610 mihi
417 3555 613 3628 subrogabitur
635 3557 735 3627 haeres,
761 3558 852 3616 nuilus
872 3566 975 3631 pretor
997 3574 1048 3631 po·
1087 3561 1185 3618 miritis
1198 3560 1286 3633 galea,
1303 3565 1331 3617 et
1344 3559 1584 3631 impenetrabilior
1597 3560 1632 3615 ab
1650 3557 1727 3614 omni
1740 3555 1912 3612 immissione

223 3642 289 3698 terit
300 3642 436 3702 bonorum
455 3646 657 3717 possessionem
680 3647 812 3716 adimere,
828 3649 920 3706 nuilus
935 3649 1049 3708 audebit
1087 3648 1193 3706 lerna:
1209 3656 1237 3706 et
1255 3649 1316 3706 hmo
1336 3650 1443 3718 dicens,
1473 3661 1582 3720 panem,
1610 3659 1694 3718 quem
1711 3657 1806 3701 secum
1834 3644 1912 3700 detu-

224 3739 337 3789 axactor
352 3735 537 3804 pensitatione
556 3751 654 3794 vexare
677 3737 806 3794 iiscall.»
826 3740 953 3796 Urbanus
977 3739 1047 3796 dixit
1086 3738 1158 3795 ierat
1180 3739 1291 3808 obtulit,
1307 3740 1389 3809 eique
1404 3743 1434 3796 ut
1452 3737 1611 3796 comederet
1624 3735 1779 3806 imperavit.
1794 3732 1911 3800 lteinde,

224 3821 348 3878 adhaec:
371 3841 386 3876 u
409 3825 553 3898 ilesipisca
579 3827 741 3896 temeraria,
772 3833 800 3886 et
827 3830 862 3886 ab
891 3829 1046 3887 intentione
1087 3827 1163 3884 brevi
1177 3833 1291 3899 peracto
1305 3829 1407 3900 spatio,
1427 3841 1493 3887 ecca
1511 3833 1598 3884 mater
1617 3823 1746 3882 muliebri
1762 3821 1912 3894 miste

224 3908 328 3968 nefaria
342 3912 462 3971 animum
480 3919 593 3984 averte;
613 3915 711 3974 alierto
734 3917 812 3986 deos,
837 3931 908 3989 quos
930 3919 1047 3976 abscon-
1087 3916 1239 3985 remissior,
1255 3918 1359 3988 sparsis
1372 3917 1505 3986 crinibus,
1528 3919 1603 3973 veste
1622 3914 1749 3980 discissa,
1773 3912 1834 3968 luto
1856 3924 1913 3966 cm·

224 3997 301 4064 disti,
322 4005 350 4056 et
368 3999 454 4058 libato
473 4003 524 4070 eis,
554 4003 677 4075 alloquin
705 4006 734 4062 in
763 4007 893 4064 membris
912 4007 951 4063 tui
971 4011 1046 4063 tanta
1087 4019 1179 4076 noque
1193 4005 1325 4075 volutata,
1353 4005 1469 4080 adeius
1495 4004 1600 4078 quippe
1627 4002 1792 4061 calamitatis
1820 4001 1912 4057 iocum

224 4099 367 4157 pennarum
390 4103 491 4159 genera
520 4092 681 4162 experieris,
706 4100 808 4165 quanta
836 4101 864 4151 te
892 4095 921 4152 ln
949 4095 1047 4152 alienis
1086 4095 1206 4163 advenit,
1227 4095 1364 4167 lihamque
1379 4096 1484 4154 catenis
1502 4095 1629 4152 innexam
1643 4091 1741 4150 lemeis
1756 4091 1909 4161 mospextt

224 4175 313 4232 solum
334 4176 435 4234 vidisse
453 4171 577 4236 terrerisl
595 4182 706 4237 ubaata
725 4183 862 4240 christina
882 4184 1043 4254 respoudit:
1087 4184 1157 4240 Hinc
1185 4184 1397 4242 irremediabilis
1424 4185 1581 4252 cruciatus,
1609 4183 1675 4239 hinc
1688 4179 1913 4251 incomparabilis

226 4267 328 4322 rebeus
346 4271 410 4323 tuos
433 4267 529 4325 desine
558 4269 684 4336 ulterius,
714 4270 832 4337 Urbane,
862 4273 1043 4342 perquirere;
1086 4272 1189 4341 lutatus,
1206 4273 1270 4330 hinc
1287 4273 1368 4332 dolor
1392 4275 1482 4331 oritur
1508 4272 1669 4340 inauditus;
1698 4269 1851 4327 conhrilur
1876 4281 1910 4323 ex

223 4368 286 4411 cum
305 4355 371 4426 quid
387 4355 422 4412 de
441 4357 482 4414 eis
504 4357 681 4415 landabiliter
697 4365 804 4431 gestum
823 4360 860 4442 sit
879 4375 1047 4434 recognove·
1088 4361 1156 4418 urbe
1170 4365 1228 4419 tota
1243 4361 1278 4419 ad
1302 4368 1357 4419 tam
1386 4363 1496 4420 exitiale
1525 4359 1733 4433 spectaculum
1762 4357 1830 4428 quid
1847 4363 1911 4427 agat

225 4445 283 4501 ris:
302 4450 357 4502 tam
372 4447 443 4504 maie
463 4447 609 4515 animatus,
625 4454 708 4520 atque
722 4449 749 4506 in
770 4463 875 4507 memor
897 4451 951 4520 sui,
967 4457 997 4509 ut
1017 4429 1244 4509 iquisercnda
1258 4465 1336 4521 anus,
1352 4466 1407 4523 quo
1426 4465 1456 4508 sc
1475 4456 1563 4508 vertat
1577 4452 1683 4506 incerta
1697 4453 1749 4504 est.
1765 4444 1913 4516 appellare

224 4533 425 4604 pretiosissimo
444 4536 615 4593 metallorum
635 4537 724 4595 nitore
744 4537 898 4597 damonum
913 4539 1047 4614 imagines
1087 4537 1170 4595 liliam
1185 4539 1293 4610 incipit,
1313 4541 1362 4596 sed
1381 4539 1524 4612 intercipit
1541 4537 1680 4595 anhelitus
1702 4548 1817 4602 vocem
1842 4533 1910 4604 quid

224 4622 335 4678 casiams
354 4625 484 4693 patiatur,
512 4631 539 4681 et
564 4639 619 4682 nou
639 4641 692 4697 qua
716 4633 807 4698 potest
830 4629 972 4686 celeritate
991 4635 1046 4686 tam
1086 4627 1152 4684 velit
1183 4628 1301 4700 ignorat,
1335 4629 1470 4700 quidquid
1499 4628 1603 4684 iactura
1633 4625 1744 4682 videtur
1769 4621 1909 4694 displicet.

224 4700 342 4768 nefanda
356 4720 477 4769 monstra
494 4713 627 4771 eliminet.
638 4733 653 4768 o
665 4714 791 4772 Urbanus
803 4716 890 4774 dixit:
908 4735 923 4770 a
938 4719 1045 4791 Ergone
1086 4717 1166 4774 Videt
1174 4705 1209 4773 'in
1223 4731 1290 4789 gyro
1305 4717 1453 4788 dispositas
1467 4717 1565 4775 sedere
1587 4719 1736 4781 matronas,
1761 4719 1788 4768 et
1815 4724 1911 4767 unam-

224 4798 366 4857 iorlissimi
393 4801 468 4857 lovis
485 4801 630 4873 imaginem
650 4817 759 4860 auream
788 4804 910 4862 delesti?
929 4825 943 4859 u
964 4809 1046 4864 beata
1086 4819 1223 4876 quamque
1255 4807 1400 4864 nominans
1430 4805 1575 4878 appellat,
1617 4807 1720 4876 rugat,
1758 4801 1911 4871 obsceni,

224 4889 361 4947 dhrisiina
381 4891 542 4961 respondit:
570 4913 583 4943 α
607 4893 663 4964 Ego
678 4898 763 4950 totam
789 4907 906 4952 massam
925 4895 972 4952 tall
988 4895 1046 4967 pol·
1086 4893 1242 4951 obtestatur
1266 4895 1306 4950 uti
1335 4901 1459 4952 materna
1483 4894 1585 4966 pietate
1622 4899 1706 4948 mutae
1738 4890 1823 4946 filiam
1855 4888 1914 4945 silvi

223 4978 332 5036 lotione
358 4978 553 5036 dedecoratam
571 4980 601 5036 in
618 4979 719 5038 trustra
734 4982 874 5053 distribui,
904 4997 942 5042 nc
966 4991 995 5042 et
1013 4999 1046 5042 ea
1086 4983 1195 5040 unicam
1225 4983 1333 5041 radant.
1362 4985 1470 5042 Adeunt
1501 4987 1594 5056 ltaque
1630 4981 1686 5038 illae
1723 4979 1910 5037 beatissimam

226 5111 233 5124 .
274 5111 280 5124 .
320 5108 328 5123 .
368 5107 376 5122 .
414 5068 488 5125 lovis
507 5066 623 5141 eiigiem
651 5070 817 5128 insensatam
845 5072 1043 5130 deleverim.»
1086 5072 1261 5142 christinam,
1289 5081 1318 5130 et
1343 5075 1434 5132 verbis
1459 5087 1517 5130 eam
1545 5071 1678 5130 suasoriis
1705 5070 1802 5128 taliter
1829 5081 1912 5126 occu·

223 5154 284 5212 ilex
313 5158 438 5214 Urbanus
462 5157 620 5215 incredibili
638 5157 731 5217 irrrore
754 5168 916 5233 correptus:
941 5163 1047 5220 Eamn-
1086 5166 1171 5233 part:
1204 5182 1217 5212 ι
1245 5163 1419 5235 Repugnant,
1448 5161 1596 5230 christina,
1615 5159 1711 5216 virtuti
1728 5157 1911 5228 scientiaque

223 5243 283 5301 dite
314 5259 373 5304 eam
407 5261 532 5320 pronam,
567 5248 658 5320 lnquit
684 5249 827 5318 militibus,
856 5257 886 5307 et
912 5253 1046 5310 atrociter
1086 5265 1167 5322 quam
1181 5252 1217 5307 de
1233 5256 1261 5308 te
1275 5251 1475 5322 opinabamur,
1496 5250 1604 5307 vincula
1618 5249 1720 5321 qulbus
1738 5247 1907 5310 innecterlsr

224 5331 342 5392 luctibus
355 5337 515 5409 castigetur,
536 5343 566 5394 ut
584 5337 816 5396 animadvertatur
837 5345 941 5411 quanin
960 5342 1045 5398 exitio
1087 5345 1115 5395 ut
1131 5343 1159 5396 et
1173 5340 1321 5406 cernimus,
1338 5349 1413 5397 tuum
1441 5339 1681 5397 exornatissimum
1708 5337 1829 5393 studium
1861 5348 1911 5391 no

224 5419 310 5492 (ligna
325 5424 371 5493 sit,
391 5439 454 5497 quae
473 5427 543 5484 deos
564 5426 733 5484 immortales
751 5428 838 5485 atroci
860 5427 961 5499 iniuria
983 5429 1047 5487 vio—
1086 5428 1193 5485 bilitate
1212 5435 1258 5485 tua
1277 5429 1388 5501 indigna
1408 5429 1589 5487 obscenitate
1604 5425 1714 5484 loedasti
1727 5447 1734 5496 ;
1749 5424 1860 5482 mdemr
1874 5423 1910 5480 de

223 5509 331 5568 laverit.
1087 5523 1117 5573 te
1130 5529 1252 5589 congrue
1267 5517 1322 5573 dici
1350 5516 1461 5593 vulgare
1489 5515 1558 5573 iilud
1587 5514 1781 5588 proverbium:
1800 5514 1909 5582 Quanta

260 5597 406 5672 liislussls
418 5601 574 5674 duodecim,
599 5605 647 5681 qul
661 5605 781 5664 vicissim
800 5611 930 5678 parerent
952 5606 1044 5677 ciuem,
1086 5605 1171 5663 altior
1181 5605 1269 5679 gloria
1295 5609 1359 5677 post
1377 5604 1554 5676 triumphum,
1584 5609 1661 5663 unta
1688 5601 1808 5662 imorlm
1831 5601 1911 5674 ignu-
