4034 6152
246 261 1936 340 Q

856 443 952 489 INTRA
970 439 1088 486 ANNUM
1106 439 1322 486 Mum-mxcv

634 631 1025 770 SANCTUS
1082 625 1543 768 GERALDUS

371 1017 373 1022 ,
492 905 885 992 sinim-Metonis
921 902 1103 988 PRIMUS
1139 899 1296 984 debas
1332 899 1392 982 ET
1429 897 1692 994 FUNDATOR

818 1251 965 1392 utun
1003 1252 1048 1348 s.
1088 1247 1358 1351 creduut

612 1453 812 1520 AUCTORE
835 1451 1046 1518 MONACHO
1068 1449 1282 1517 ANONYMO
1307 1449 1565 1524 SUBAEQUALI

481 1614 573 1690 (dpud
587 1615 699 1702 blaertc.
713 1614 781 1667 ricto
796 1610 851 1667 SS.
870 1607 981 1664 bened..
994 1608 1039 1676 ix,
1055 1605 1118 1674 886,
1138 1620 1173 1661 ea
1187 1605 1264 1661 codd.
1280 1619 1341 1662 ntes.
1358 1609 1383 1662 ci
1396 1605 1484 1682 Aprili
1492 1605 1694 1684 commea.)

729 1868 1180 1966 oeseuvnuromes
1212 1867 1449 1958 remvtm

216 2033 219 2042 ’
280 2051 303 2104 l.
324 2051 412 2122 liuius
422 2048 494 2108 beati
504 2047 611 2104 abbatis
621 2057 721 2124 nomeu
732 2044 902 2100 recentiores
912 2042 985 2098 uarie
1000 2040 1068 2097 scri·
1073 2038 1272 2114 Aperbibebat
1297 2037 1458 2102 miraculum
1484 2041 1620 2109 patratum
1643 2035 1745 2104 misse;
1776 2057 1791 2088 r
1812 2043 1845 2094 et
1863 2049 1935 2096 amu.

242 2139 320 2206 bunt,
354 2139 400 2197 aiil
433 2139 535 2212 quippe
565 2149 626 2194 eunt
658 2133 803 2194 Geraldum
835 2137 883 2192 eut
913 2129 1063 2198 Giraidum,
1105 2128 1233 2200 sequenti
1249 2149 1256 2188 ι
1275 2148 1288 2183 c
1307 2127 1389 2190 titud
1414 2141 1524 2202 quoque
1548 2126 1672 2187 miraculi
1691 2140 1782 2198 genus
1805 2124 1937 2196 praelatas

241 2226 366 2286 nonnulli
380 2228 534 2294 odardum.
556 2225 681 2296 uterique
702 2223 852 2282 derandum
871 2221 952 2292 vulgo
966 2219 1065 2291 appei-
1106 2219 1191 2280 abbas
1214 2217 1496 2276 corruscantem.»
1516 2216 1620 2273 Deinde
1637 2215 1712 2272 idem
1732 2220 1848 2282 auctor,
1865 2229 1936 2274 uum.

241 2315 317 2384 laut;
334 2323 362 2372 at
380 2316 409 2371 iu
421 2315 617 2372 uetustioribus
632 2313 700 2369 vitre
715 2311 917 2382 exemplaribus
931 2307 1065 2366 deraldus
1106 2304 1151 2373 32,
1178 2309 1296 2360 testatur
1314 2317 1346 2360 ea
1360 2303 1493 2360 miracula
1508 2317 1571 2375 qum
1596 2303 1742 2367 enarravit,
1770 2316 1803 2358 se
1823 2302 1861 2358 ab
1880 2301 1938 2357 allis

154 2393 163 2406 ’
242 2411 401 2461 constanter
415 2390 527 2461 dicitur.
547 2402 731 2460 Consentiunt
744 2399 886 2456 baldricus
901 2398 986 2454 abbas
1001 2403 1066 2453 tuno
1109 2412 1123 2446 c
1144 2392 1192 2465 qui
1218 2408 1250 2450 ea
1273 2392 1426 2450 certissime
1450 2393 1575 2450 riderent
1593 2399 1621 2450 et
1639 2392 1797 2464 audierant,
1820 2410 1836 2444 r>
1858 2405 1937 2448 acce·

242 2495 430 2566 burguliensis
450 2493 478 2550 in
497 2494 580 2550 uariis
599 2491 747 2564 epitaphiis
768 2503 831 2560 qum
855 2481 889 2544 ab
914 2501 948 2544 eo
975 2486 1066 2545 statim
1111 2485 1195 2562 pisse.
1220 2483 1298 2552 Quod
1321 2485 1403 2542 Petro
1428 2484 1540 2545 minime
1559 2484 1705 2554 conuenit,
1735 2483 1882 2559 siquidem
1908 2495 1938 2538 ea

245 2591 308 2654 post
338 2583 413 2640 beati
446 2578 556 2640 Geraidi
592 2586 707 2638 mortem
741 2578 900 2648 conscripta
931 2582 1007 2643 suut,
1035 2591 1067 2632 ac
1108 2574 1168 2645 ipse
1195 2586 1289 2632 coram
1303 2573 1410 2643 positus
1432 2573 1538 2632 viderat
1559 2577 1588 2629 ei
1611 2571 1731 2644 propriis
1749 2571 1873 2629 auribus
1890 2585 1937 2629 au·
2014 2633 2015 2636 ,

244 2672 400 2744 Stephanus
423 2670 605 2728 Tornacensis
626 2670 793 2740 episcopus,
820 2667 868 2738 qui
901 2679 1066 2732 sermonem,
1109 2662 1207 2718 dierat.
1236 2663 1278 2718 dn
1305 2675 1371 2719 vero
1399 2663 1538 2736 posterior
1565 2661 1612 2718 iiie
1640 2667 1739 2718 auctor
1759 2661 1859 2716 uerbis
1886 2660 1938 2715 illle
2014 2687 2015 2718 r

244 2763 371 2834 hymnos,
394 2759 502 2835 aliaque
532 2759 561 2816 in
581 2759 641 2830 ejns
663 2757 810 2815 ieetiritate
834 2754 958 2814 canenda
981 2755 1069 2811 edidit
1109 2751 1210 2824 quibus
1229 2749 1390 2810 miraculum
1413 2766 1429 2809 a
1451 2752 1533 2814 Petro
1557 2751 1656 2810 abbate
1680 2751 1817 2824 scriptum
1847 2749 1938 2808 laudat

245 2850 347 2908 saeculo
363 2851 488 2922 proxime
502 2849 640 2920 sequenti.
664 2849 721 2904 imo
736 2845 894 2904 invetustis
909 2844 1069 2902 monasterii
1110 2840 1255 2914 designare
1286 2838 1405 2900 voluerit
1432 2840 1520 2902 llitam
1546 2842 1667 2911 priorem
1695 2854 1778 2911 quam
1808 2853 1826 2895 a
1858 2840 1937 2899 Petro

244 2938 448 3008 Silva-Maioris
463 2937 663 3005 instrumentis,
679 2950 742 3006 uum
761 2949 827 2994 saue
842 2931 960 3004 plurima
973 2947 1069 3004 super·
1110 2931 1211 2988 abbate
1234 2929 1365 2998 scriptam
1393 2929 1594 2998 existimasset,
1626 2941 1681 2986 uon
1709 2929 1777 2984 licet
1801 2927 1936 2984 divinare.

245 3033 321 3096 sunt,
337 3031 363 3082 et
379 3041 413 3082 ex
436 3027 480 3080 bis
498 3024 631 3082 nonnulla
646 3025 720 3080 beati
739 3023 846 3080 abbatis
862 3035 953 3090 manu,
974 3027 1021 3080 aut
1034 3035 1068 3078 eo
1110 3022 1191 3076 Certe
1220 3019 1322 3090 prioris
1344 3019 1419 3075 illius
1447 3019 1516 3076 iiim
1539 3024 1654 3087 auctor,
1674 3017 1803 3090 quisquis
1829 3017 1937 3074 taudem

247 3116 370 3171 dictante
395 3119 514 3181 exarata,
542 3127 597 3169 uno
621 3117 668 3168 aut
695 3113 782 3168 altero
811 3115 927 3181 excepto
955 3110 984 3166 in
1014 3123 1069 3182 quo
1111 3107 1204 3178 inerit,
1220 3123 1355 3183 nusquam
1376 3108 1462 3167 ullum
1483 3109 1555 3170 i’etri
1569 3108 1702 3180 scriptum
1725 3105 1761 3166 de
1785 3106 1864 3166 beati
1887 3107 1938 3162 Ge·

247 3203 388 3260 Geraudus
410 3201 522 3270 dicitur,
543 3200 646 3272 ubique
671 3199 803 3260 Geraidus
826 3200 947 3271 scriptus
964 3199 1071 3258 inreui-
1110 3197 1181 3258 raldi
1196 3197 1336 3261 miraculis
1359 3197 1529 3266 memorarit,
1544 3197 1641 3265 nemsi
1656 3194 1807 3267 aliquando
1826 3195 1938 3267 miquod
2014 3213 2015 3230 ¹

248 3300 306 3360 tur;
322 3291 383 3362 ipse
406 3305 471 3350 vero
486 3305 516 3346 so
530 3289 663 3349 Gemitus
677 3295 724 3348 aut
744 3289 891 3346 Giraudum
910 3293 1071 3346 constanter
1111 3289 1261 3354 exstiterit,
1281 3286 1315 3344 ad
1331 3291 1505 3356 posterorum
1520 3285 1678 3345 memoriam
1694 3286 1835 3360 pervenit.
1856 3288 1940 3342 cete

249 3385 399 3450 nuncupat.
722 3396 723 3403 ¹
1081 3391 1174 3449 Brum
1194 3381 1297 3452 praeier
1313 3376 1383 3433 duos
1398 3377 1462 3436 iilos
1476 3382 1614 3444 auctores,
1631 3373 1704 3431 beati
1718 3373 1833 3430 Geraidi
1855 3377 1939 3432 vium

285 3468 312 3523 2.
342 3469 408 3541 Eius
430 3467 518 3523 Vitam
543 3465 681 3537 duplicem
704 3465 846 3534 babemus,
877 3469 1020 3536 utramque
1042 3464 1070 3522 in
1113 3467 1225 3546 scripsit
1250 3468 1370 3525 ioannes
1393 3479 1409 3526 a
1433 3465 1535 3534 Guisia,
1559 3461 1634 3522 beati
1661 3462 1801 3522 vincentii
1833 3464 1939 3522 Lauda-

250 3555 418 3616 rnouasterio
438 3555 642 3626 Siirae-liaioris
665 3552 747 3624 paulo
771 3560 834 3624 post
857 3552 944 3622 ipsius
967 3552 1072 3613 obitum
1114 3557 1208 3620 nensis
1228 3555 1332 3616 saeculo
1357 3553 1465 3618 docimo
1493 3559 1593 3626 ouario
1612 3557 1730 3614 exeunte
1756 3552 1867 3620 abbam
1894 3553 1939 3611 ssd

251 3646 392 3716 scriptam.
409 3644 547 3712 ductoris,
563 3644 611 3713 qui
630 3642 751 3712 priorem
766 3641 863 3708 edidit,
881 3654 980 3698 nomen
994 3642 1073 3712 iguo-
1114 3647 1174 3703 bec
1193 3645 1252 3701 Vita
1268 3643 1336 3700 nibli
1355 3643 1430 3700 aliud
1445 3648 1487 3700 ert
1510 3655 1592 3712 quam
1607 3642 1709 3712 prioris
1723 3642 1794 3702 litae
1809 3656 1941 3713 compes

250 3743 308 3792 turn
323 3741 383 3801 est;
400 3733 514 3789 alterius
525 3731 646 3802 scriptor
660 3732 689 3787 ln
704 3729 801 3787 codice
813 3730 985 3798 corbeiensi,
999 3730 1072 3787 unde
1114 3735 1199 3790 dium.
1215 3735 1255 3790 Er
1268 3732 1312 3789 bis
1327 3733 1447 3804 priorem
1470 3733 1558 3788 llitam
1578 3731 1674 3788 damus
1695 3731 1730 3788 ad
1754 3730 1874 3787 codices
1888 3737 1941 3788 tres

252 3837 312 3880 eam
335 3821 525 3878 Henscbenins
548 3835 577 3876 se
601 3821 730 3877 babuisse
753 3818 873 3887 scribit,
902 3820 1073 3878 christianus
1115 3827 1258 3890 eraclam
1284 3820 1431 3880 secundam
1460 3819 1546 3882 habes
1573 3818 1646 3892 apud
1669 3817 1882 3878 bollandianos.
1907 3821 1939 3874 be

252 3911 416 3982 appellatur.
432 3912 553 3981 Uterque
567 3909 718 3966 monachus
732 3908 793 3978 luit,
809 3915 837 3968 et
851 3909 963 3981 quidem
973 3908 1073 3980 suive·
1115 3911 1240 3974 baldrico
1262 3915 1290 3969 et
1313 3909 1375 3972 aliis
1397 3909 1568 3976 auctoribus,
1593 3908 1641 3978 uui
1663 3907 1775 3970 beatum
1793 3908 1940 3967 Geraldum

250 4001 371 4069 iiajoris,
398 3998 437 4056 uti
462 4013 496 4054 ex
517 4013 610 4054 earum
634 4003 765 4056 contextu
788 4005 920 4068 apparct;
936 3996 1009 4054 unde
1026 3996 1074 4052 mi·
1114 3999 1178 4056 data
1193 4000 1339 4057 occasione
1359 3998 1552 4064 celebrarunt,
1577 3995 1693 4052 iuferius
1712 3997 1844 4059 coenibii
1869 3998 1941 4054 dica·

253 4087 307 4142 rari
318 4085 393 4144 subit
408 4087 527 4156 priorem
544 4086 675 4141 llitamab
690 4085 923 4142 alteriuseditore
939 4099 1073 4155 nusquam
1115 4103 1185 4148 mus.
1205 4092 1239 4145 it
1266 4089 1359 4144 mirari
1383 4087 1457 4144 subit
1484 4086 1580 4142 ambos
1598 4088 1657 4158 ejus
1676 4085 1746 4141 ilisa
1761 4087 1938 4158 scriptores:

252 4175 336 4232 luisse
355 4173 502 4246 laudatam,
525 4175 633 4232 tametsi
657 4174 725 4232 nibli
750 4173 807 4232 iere
826 4175 936 4242 babeat,
951 4175 1074 4246 exceptis
1116 4177 1162 4248 qut
1186 4179 1215 4235 iu
1247 4175 1426 4252 Silva-baiori
1450 4174 1596 4242 vixerunt,
1626 4173 1694 4234 nibil
1723 4173 1783 4231 iere
1807 4175 1846 4232 de
1871 4173 1939 4232 beati

250 4261 347 4336 paucis
369 4263 509 4325 miraculis
532 4264 567 4320 ad
591 4263 665 4322 beati
688 4264 739 4321 viri
765 4263 922 4334 sepulerum
946 4264 1072 4335 patratis,
1114 4267 1222 4325 abbatis
1250 4267 1279 4324 in
1306 4265 1355 4327 ilio
1375 4265 1542 4324 monasterio
1566 4263 1700 4333 praeciare
1718 4265 1807 4334 gestis
1827 4265 1938 4322 dixisse.

252 4361 354 4424 pretor
368 4368 400 4412 ea
415 4368 477 4424 qum
490 4354 518 4410 iu
533 4353 621 4425 priori
641 4353 699 4410 lliia
713 4359 742 4408 ei
760 4352 871 4422 quidem
885 4351 973 4409 insius
991 4367 1075 4409 enar·
1114 4358 1203 4425 Quare
1217 4356 1303 4411 visum
1318 4359 1361 4410 esi
1376 4354 1457 4425 paulo
1480 4353 1568 4410 insius
1587 4352 1621 4408 de
1644 4353 1681 4426 iis
1704 4366 1798 4424 agere,
1826 4356 1939 4412 maxine

252 4448 358 4499 rantur.
374 4443 448 4499 idem
468 4442 631 4514 posterioris
649 4443 718 4498 vitre
741 4447 849 4508 auctor,
868 4455 944 4498 num.
960 4440 1006 4510 27,
1026 4443 1075 4498 ml·
1116 4443 1150 4500 de
1172 4445 1233 4514 ejus
1256 4442 1375 4502 instituti
1394 4443 1423 4498 in
1441 4443 1530 4500 carias
1551 4441 1708 4514 provincias
1727 4444 1938 4516 propagatione,

254 4531 376 4588 menium
401 4528 495 4599 reiert,
515 4529 600 4603 quod,
627 4530 728 4604 inquit,
745 4543 760 4588 a
779 4531 861 4588 Petro
876 4529 974 4588 abbate
993 4530 1075 4600 huius
1116 4547 1178 4604 que
1194 4533 1254 4604 ipso
1273 4531 1364 4590 adbuc
1378 4532 1537 4602 superstite,
1559 4535 1590 4592 ui
1604 4533 1679 4602 patet
1693 4545 1728 4590 ex
1741 4532 1829 4590 cartis
1844 4533 1939 4592 lustru

253 4619 309 4676 loci
322 4620 440 4691 septimo
460 4639 475 4674 n
495 4620 599 4694 scripto
615 4616 745 4677 traditum
764 4637 778 4674 n
798 4617 906 4687 iuerat,
927 4618 1001 4691 quod
1016 4619 1075 4691 qui·
1116 4621 1227 4688 montis,
1244 4620 1315 4680 lacta
1338 4627 1392 4678 eat.
1412 4619 1466 4678 Sed
1481 4619 1559 4690 prius
1576 4619 1712 4690 agendum
1737 4622 1838 4690 paucis
1852 4631 1895 4682 est
1908 4623 1939 4680 de

254 4709 316 4769 dem
336 4709 506 4776 miraculum,
522 4721 584 4766 cum
610 4709 640 4764 in
664 4707 750 4777 priori
774 4707 845 4775 llita,
865 4719 940 4762 num.
961 4707 1176 4781 Smne-cajus
1199 4710 1234 4766 ad
1253 4710 1345 4766 sancti
1364 4709 1486 4766 liedardi
1512 4708 1649 4766 abbatiam
1678 4709 1842 4784 electione,
1869 4712 1939 4785 quod

254 4798 362 4867 beatur,
382 4810 520 4854 nonnemo
552 4796 688 4867 suspicari
716 4799 810 4868 posset
837 4796 948 4852 Petrum
967 4796 1001 4851 ab
1020 4794 1081 4877 isto
1116 4799 1242 4856 nonnulli
1259 4812 1316 4856 eam
1333 4797 1361 4853 iu
1376 4797 1489 4855 dubium
1503 4812 1633 4858 revocare
1647 4811 1703 4856 nou
1719 4807 1881 4858 vereantur.
2014 4803 2015 4806 ’

255 4885 393 4943 laudatum
409 4887 504 4958 primae
521 4885 588 4942 Vita
607 4889 747 4944 auctorem
764 4882 859 4952 luisse,
875 4883 949 4942 bunc
968 4884 1075 4942 scilicet
1113 4903 1115 4908 ¹
1150 4889 1178 4946 3.
1198 4889 1287 4948 Testis
1305 4891 1346 4944 esi
1364 4887 1515 4954 Lisiardus,
1537 4902 1587 4944 seu
1610 4889 1704 4962 potius
1731 4889 1888 4960 ilariuiius,
1914 4889 1940 4946 it

252 4975 353 5045 ipsum,
369 4975 418 5045 qui
434 4974 544 5030 abeam
568 4973 683 5034 deraldo
707 4974 736 5030 in
756 4974 919 5032 monachum
934 4981 1073 5045 receptus,
1115 4979 1176 5038 llita
1207 4977 1295 5040 sancti
1322 4975 1426 5036 arnulli
1455 4977 1580 5048 episcopt
1607 4977 1831 5046 suessionensis,
1861 4993 1940 5052 qum

253 5066 313 5134 ejus
327 5069 424 5135 postea
447 5061 615 5132 capellanus,
636 5077 668 5117 ac
692 5062 802 5118 tandem
822 5070 902 5118 aetate
919 5065 974 5131 jam
995 5077 1075 5132 gran·
1115 5080 1198 5136 supra
1212 5068 1247 5123 ad
1270 5079 1370 5122 anuum
1396 5065 1465 5120 totta
1490 5066 1637 5134 edidimus,
1654 5068 1766 5124 beatum
1793 5070 1941 5126 Geraidum

252 5153 346 5210 daerus
360 5153 493 5224 septimus
508 5151 561 5207 luit
583 5150 788 5218 Siirae-liajoris
806 5151 901 5206 abbas.
922 5153 956 5206 dt
970 5150 1076 5220 quomi·
1116 5156 1144 5211 in
1174 5155 1299 5210 abbatem
1332 5155 1424 5210 Sancti
1457 5153 1579 5211 liedardi
1611 5156 1846 5223 suessionensis,
1881 5166 1941 5230 post

252 5255 305 5296 trus
328 5241 356 5297 id
386 5241 561 5298 admittamus
590 5239 645 5296 duo
680 5239 851 5309 potissimum
871 5239 991 5296 obstant.
1017 5239 1076 5294 Pri·
1116 5243 1204 5314 ipsius
1217 5243 1320 5299 drnniii
1334 5243 1538 5300 abdicationem
1554 5243 1672 5300 electum
1686 5242 1783 5302 inisse.
1799 5248 1831 5302 ld
1853 5255 1940 5304 tameu

252 5343 337 5397 mum,
354 5331 428 5402 quod
448 5330 550 5402 prioris
569 5329 643 5384 iilius
662 5329 731 5384 Vitae
750 5333 848 5384 auctor
865 5329 974 5384 Petrum
985 5327 1075 5397 ipsum
1116 5332 1274 5388 inficiantur
1287 5333 1457 5388 recentiores
1472 5331 1607 5398 nonnulii,
1623 5335 1698 5406 quod
1718 5335 1780 5403 ejus
1794 5335 1940 5392 electionis

253 5419 355 5488 passim
392 5419 494 5477 laudat.
535 5421 641 5485 Petrus,
672 5417 772 5487 inquit,
802 5429 878 5472 num.
911 5415 957 5485 28,
990 5416 1075 5472 multa
1115 5419 1231 5476 nuliain
1245 5419 1352 5476 duabus
1366 5421 1439 5476 beati
1463 5421 1573 5477 deraldi
1591 5413 1780 5485 llitism'cutio
1799 5431 1938 5488 amanei.
2014 5429 2015 5492 J

255 5507 369 5578 deeius
397 5509 495 5579 (saneti
518 5507 635 5579 Geraidi)
654 5505 826 5563 mirabilibus
848 5505 990 5574 relerens,
1020 5506 1074 5564 tale
1114 5509 1170 5566 imo
1198 5523 1251 5566 nee
1281 5511 1309 5565 in
1339 5509 1403 5566 uilis
1430 5509 1638 5580 Silua-Maioris
1661 5515 1870 5584 monumentis,
1896 5514 1940 5570 ubi
2014 5549 2015 5556 ,
