4024 6174
216 215 269 272 439
701 221 889 279 uenenotul
907 216 1116 288 pausarium
1135 221 1416 280 constantiensis
1467 183 1474 198 ἢ
1842 226 1896 282 tto

211 344 267 410 vit;
285 343 331 399 nbi
346 344 476 414 prudenti
491 358 553 402 curn
569 345 636 410 suis,
653 346 831 414 utoportuil,
852 343 1257 418 intentissimebcomplicibus
1274 349 1421 416 universis,
1433 351 1506 420 justa
1532 352 1560 408 iu
1589 365 1637 410 eos
1660 353 1724 410 data
1747 351 1896 424 sententia,

216 431 333 488 consilio
357 433 568 500 communicato,
594 433 712 503 qualiter
736 433 866 490 Heinrico
889 434 1035 489 saxoniam
1076 435 1239 507 dampnatos
1272 446 1300 494 et
1329 453 1523 496 excommunes
1554 441 1735 498 anathematis
1767 441 1898 498 strictura

216 534 292 576 snam
310 521 439 577 invadere
457 524 513 591 jam
533 524 643 592 jamque
667 523 840 591 attemptanti
864 523 967 593 absque
993 521 1036 577 sui
1077 527 1264 584 convinxerat.
1292 527 1369 595 Quod
1396 529 1473 600 juxta
1501 528 1612 586 solitum
1636 529 1702 600 ipsi,
1737 530 1785 586 hei
1812 530 1898 602 justi-

218 609 384 670 dctrimeuto
412 611 541 667 resistere
565 618 667 681 posset,
693 611 828 668 sollicitus
853 612 920 666 satis
945 625 1037 681 perra·
1077 615 1123 670 tiae
1158 617 1389 672 contumacissimi
1422 624 1647 688 contempteres,
1686 619 1782 676 nichili
1820 617 1898 676 iacti-

219 698 312 754 clavit.
334 700 384 766 Qui
400 705 427 754 et
451 699 517 768 ipsis
538 698 635 754 diebus
653 700 817 768 Mogontiaci
833 713 888 756 non
903 699 1037 770 dignitate
1077 710 1177 772 untes,
1205 705 1341 762 Saxonum
1375 707 1473 762 castris
1501 705 1566 762 beili
1597 706 1736 778 caedisque
1764 721 1897 778 perquam

219 788 294 858 regia
319 792 361 843 set
385 785 620 856 qualitercumque
648 800 830 855 commorans,
856 795 884 845 et
911 788 1036 844 militiam
1078 797 1179 848 temere
1212 793 1348 862 spirantes
1386 794 1453 850 satis
1484 795 1751 864 approximaverant.
1786 796 1899 866 Hiemps

219 877 324 935 11*που
348 891 457 946 parvam
472 879 505 934 de
520 879 695 949 burgundia,
717 878 842 946 Francia,
862 880 1036 947 Alamannia,
1077 887 1256 952 cutemque
1273 881 1355 939 solito
1374 885 1498 953 asperior
1517 891 1582 940 tuuc
1606 884 1791 952 inhorruerat,
1811 885 1898 941 utris·

219 969 360 1039 bajoaria,
381 968 490 1022 Boemia
509 973 536 1022 et
551 968 742 1038 undecumque
763 969 954 1035 collectitans,
975 983 1038 1026 mox
1078 983 1131 1038 que
1160 969 1283 1038 partibus
1308 971 1342 1025 ad
1366 970 1472 1026 instans
1493 973 1634 1043 negotium
1663 985 1717 1030 non
1740 987 1824 1042 parvo
1848 973 1899 1029 im-

219 1061 282 1125 post
300 1063 409 1113 octavas
424 1055 598 1126 theophaniae
620 1057 648 1112 in
672 1057 815 1114 saxoniam
833 1058 1038 1128 expeditionem
1079 1057 1236 1127 pedimento
1264 1057 1361 1115 inerat.
1387 1061 1445 1116 Rex
1467 1059 1586 1130 dervique
1616 1060 1769 1118 Roudoiins
1790 1061 1898 1118 hostem

219 1145 313 1202 hostili
342 1145 445 1215 impetu
472 1146 623 1202 acerrimus
650 1161 810 1216 promovere
837 1161 891 1204 non
912 1149 1037 1204 cessavit.
1079 1146 1176 1202 adesse
1192 1149 1375 1217 comperiens,
1390 1163 1422 1204 ac
1441 1164 1471 1205 se
1490 1165 1551 1206 cum
1570 1150 1628 1208 suis
1647 1151 1809 1209 cohortibus
1823 1150 1900 1207 adm

221 1235 269 1290 cui
288 1248 335 1290 rex
355 1234 517 1301 Roudolius,
538 1235 655 1292 collecto
674 1243 701 1292 et
719 1237 779 1306 ipsc
799 1238 954 1308 pregrandi
971 1253 1040 1296 suo·
1080 1235 1181 1292 bellum
1211 1235 1413 1296 ordinatissime
1437 1239 1504 1294 satis
1530 1239 1673 1297 instructis
1700 1239 1790 1296 bellax
1818 1241 1902 1296 nimis

223 1338 282 1380 rum
311 1324 426 1380 militum
446 1326 588 1393 exercitu,
618 1339 763 1382 occursare
784 1328 923 1384 animosus
950 1328 1039 1398 piuri—
1081 1332 1108 1380 et
1135 1325 1290 1382 horrendus
1319 1339 1494 1396 promovens,
1522 1329 1551 1384 in
1575 1329 1631 1386 Deo
1659 1330 1773 1400 eiusque
1794 1329 1903 1399 justitia

224 1427 306 1480 mum,
328 1413 430 1483 ueique
447 1413 685 1470 misericordlae³¹⁸
705 1417 944 1486 ejusqnejustitiae
968 1417 1040 1472 ildu-
1082 1428 1246 1486 magnopere
1279 1423 1405 1486 speratus
1437 1423 1465 1472 et
1497 1417 1716 1484 corroboratus,
1743 1419 1839 1476 hostes
1870 1432 1901 1474 se

223 1504 265 1560 eia
283 1516 457 1573 summopere
475 1504 669 1559 corroboratus
683 1504 756 1561 bello
771 1507 1042 1576 congrediconstan-
1081 1505 1167 1575 gratis
1189 1504 1355 1574 impetentes
1384 1505 1559 1575 praestolatus
1586 1513 1638 1562 est.
1666 1508 1732 1564 Nam
1759 1507 1821 1578 ipse
1845 1521 1902 1564 non

218 1593 323 1650 tissime
344 1592 509 1660 destinavil;
526 1606 612 1662 eaque
635 1593 790 1649 intentione
814 1594 867 1664 ipsi
891 1595 1041 1652 obviam⁸¹⁶
1082 1598 1211 1663 caputet
1233 1594 1360 1664 inceptor
1387 1600 1471 1650 tantae
1494 1596 1707 1666 congressionis,
1735 1602 1780 1653 set
1802 1597 1903 1655 suimet

218 1696 280 1739 sese
299 1680 431 1736 bellicoso
447 1686 553 1736 terrore
569 1681 699 1737 audacter
718 1696 892 1751 promovens,
908 1683 951 1740 vix
965 1667 1248 1753 illlussssuoruvnqne
1273 1681 1404 1740 deienscr
1430 1690 1459 1739 et
1477 1683 1619 1752 liberator,
1639 1689 1667 1740 et
1685 1683 1779 1741 boc⁸¹⁸
1796 1695 1903 1740 summa

218 1783 395 1841 congressum
425 1769 598 1838 prestolatus
625 1776 676 1825 est.
703 1771 824 1841 Namque
853 1777 906 1828 mm
935 1772 1041 1829 validus
1081 1771 1244 1826 necessitate
1268 1777 1417 1838 coartatus,
1445 1777 1473 1828 et
1492 1786 1552 1830 csse
1577 1779 1606 1828 et
1628 1772 1694 1839 dici,
1721 1786 1775 1830 uon
1795 1771 1903 1828 minimi

218 1859 267 1915 zeli
283 1859 332 1914 hei
350 1858 433 1914 ardor
447 1859 523 1914 illum
542 1859 733 1926 succenderat,
749 1865 778 1916 ut
794 1861 816 1917 si
832 1860 966 1918 ecclesie
980 1875 1040 1918 san
1081 1859 1200 1916 nominis
1219 1864 1247 1915 et
1261 1859 1357 1930 gloria
1380 1861 1557 1930 computavit.
1579 1861 1724 1919 Heinricns
1746 1874 1812 1918 vero
1840 1873 1903 1916 cum

217 1955 269 2004 ctae
288 1955 388 2004 statum
412 1962 545 2018 suumque
566 1950 612 2017 jus
635 1949 796 2019 legittimum
818 1965 867 2021 per
890 1953 942 2008 boc
957 1966 1041 2008 recn-
1081 1949 1138 2004 suis
1162 1946 1318 2019 legionibus
1341 1948 1396 2004 ritn
1424 1947 1584 2006 bellantium
1604 1950 1766 2006 terribiliter
1787 1950 1904 2008 muitum

216 2051 313 2107 perare
342 2044 445 2106 posset,
475 2052 504 2092 se
530 2038 558 2092 iu
582 2051 663 2094 omrve
687 2039 839 2108 periculum
858 2046 886 2096 et
905 2042 932 2100 iu
953 2042 1038 2111 ipsam
1081 2037 1293 2108 praeordinatus,
1325 2037 1429 2108 impetu
1462 2038 1597 2095 acerrimo
1633 2039 1685 2109 ipsi
1723 2037 1904 2110 congreditur
2003 2099 2004 2107 ἵ

217 2131 331 2182 mortem
370 2125 435 2182 dare
471 2140 642 2196 nequaqnam
671 2126 861 2184 detrectasset.
893 2129 1040 2185 Heinricus
1081 2125 1179 2194 partim
1203 2139 1236 2181 ex
1258 2124 1385 2191 adverso,
1412 2126 1509 2196 partim
1535 2140 1584 2195 per
1600 2127 1715 2183 insidias
1738 2133 1766 2184 et
1784 2139 1906 2182 succen-
2003 2119 2004 2186 ζ

214 2229 280 2271 vero
295 2215 397 2270 milites
411 2227 475 2270 snos
499 2214 579 2270 solita
603 2213 740 2270 infatuans
755 2229 813 2272 snae
827 2217 993 2274 callididatis
1012 2227 1040 2278 et
1080 2215 1165 2272 iarios
1188 2228 1223 2270 ex
1249 2214 1398 2284 improviso
1422 2221 1478 2270 tota
1501 2220 1560 2271 arte
1581 2216 1634 2272 sibi
1656 2216 1822 2274 rebellantes
1841 2231 1907 2288 sup-

214 2302 343 2360 iaisitatis
360 2303 508 2367 vecordia,
538 2303 664 2372 promisit
692 2304 795 2375 absque
814 2305 888 2362 bello
912 2315 941 2363 et
963 2311 1039 2366 omni
1081 2303 1199 2374 bulmere
1222 2308 1250 2358 ui
1277 2303 1513 2374 qualitercumque
1536 2304 1684 2375 subjugate
1706 2309 1781 2360 tutus
1805 2304 1906 2360 indus-

216 2390 396 2463 repugnantia
411 2390 515 2456 hostili,
531 2404 574 2458 ac,
594 2391 917 2461 ulainut,jurejnrando
936 2395 1041 2452 condr—
1081 2392 1159 2448 trins.
1185 2390 1238 2448 Sed
1267 2405 1330 2447 mox
1357 2391 1385 2446 iu
1413 2393 1500 2462 prima
1527 2391 1648 2448 coitione
1678 2390 1833 2448 Roudolins
1858 2406 1906 2448 rex

218 2481 300 2538 mavit
327 2479 393 2546 iliis,
413 2479 537 2535 Saxomae
566 2493 679 2550 regnum
709 2481 762 2536 sibi
787 2487 904 2551 patere,
934 2490 961 2539 et
991 2500 1041 2554 per
1081 2494 1142 2536 cum
1162 2485 1238 2536 tamo
1253 2480 1357 2550 impetu
1372 2486 1479 2537 terrore
1503 2487 1531 2536 et
1553 2481 1666 2537 incursu
1685 2480 1906 2552 pugnacissimus
2003 2474 2004 2496 ¹

218 2573 355 2628 saxonum
370 2570 510 2639 majores,
537 2569 639 2639 quippe
667 2583 738 2640 quos
762 2584 858 2628 omrves
882 2571 967 2630 terme
986 2576 1039 2632 sibi
1080 2569 1148 2639 ipsis
1165 2569 1300 2626 violenter
1314 2569 1425 2634 institit,
1451 2573 1481 2624 ut
1500 2569 1609 2626 virtutis
1631 2569 1705 2626 iliius
1719 2569 1903 2626 constantiam

208 2661 361 2730 'adjuratos
384 2666 411 2714 et
430 2656 635 2715 confoederatos
658 2658 804 2726 habuerit,
830 2661 936 2717 hostem
960 2677 1039 2720 savum
1080 2658 1193 2714 omuino
1217 2657 1353 2714 sustiueri
1377 2669 1433 2713 u⁰u
1457 2655 1635 2725 sufficereut
1661 2657 1728 2727 (issiu
1747 2657 1841 2730 potins
1860 2662 1907 2714 ²¹1²

218 2747 385 2806 Roudolium
400 2761 461 2804 cum
477 2748 534 2803 anis
549 2753 642 2818 optata
666 2747 796 2805 facilitate
815 2749 868 2806 sibi
882 2760 991 2821 captum
1012 2754 1039 2810 in
1080 2745 1219 2804 interfecti
1239 2746 1297 2802 iilic
1316 2746 1517 2813 occubuerunt,
1533 2753 1580 2802 aut
1599 2759 1715 2804 enervos
1734 2753 1762 2802 et
1780 2746 1907 2802 imbelles

220 2851 316 2894 manus
339 2851 402 2893 snas
421 2836 582 2893 tradendum
601 2836 671 2904 iore,
688 2838 834 2895 etidcirco
851 2839 977 2897 eisnihil
993 2856 1041 2911 pe·
1080 2836 1143 2907 iuga
1175 2850 1205 2892 se
1234 2835 1268 2890 ah
1290 2849 1323 2892 eo
1356 2835 1479 2904 quamvis
1506 2835 1663 2892 turbulenta
1696 2834 1905 2892 liberarunt⁸¹⁸.

221 2927 301 2984 riceii
316 2931 364 2982 aut
378 2924 547 2982 diiiicultatis
566 2926 695 2992 obstare;
716 2927 783 2997 quin
800 2927 901 2996 potius,
918 2941 968 2997 pro
983 2942 1039 2998 qno
1083 2925 1147 2983 Post
1166 2939 1266 2982 nonam
1285 2938 1350 2996 ergo
1370 2924 1436 2980 beili
1455 2925 1622 2982 conflictatio
1641 2939 1749 2993 exorsa,
1768 2925 1908 2996 adusque

221 3022 263 3072 tot
286 3015 410 3072 laborum
439 3015 645 3085 insumpserint,
678 3015 731 3070 sibi
759 3029 851 3072 seeum
881 3015 916 3072 de
940 2991 1196 3074 caeteroflnoctem
1228 3015 1413 3072 diversissime
1449 3013 1618 3083 perduravit,
1648 3022 1675 3071 et
1703 3016 1777 3086 quod
1810 3015 1906 3072 divino
2003 3013 2004 3016 ’

223 3103 327 3160 tamdiu
345 3102 477 3172 adoptato
492 3103 570 3158 libitu
581 3115 751 3174 conregnare
766 3112 867 3177 presto
883 3107 1042 3176 propediem
1085 3105 1209 3162 creditur
1232 3110 1322 3160 actum
1334 3103 1365 3134 ¹¹⁸
1381 3102 1499 3172 judicio,
1522 3103 1551 3158 in
1579 3104 1639 3172 ipso
1668 3117 1766 3176 pugnae
1790 3103 1907 3161 exordio

225 3199 339 3248 restare.
359 3191 404 3248 Sic
427 3205 544 3261 namque
559 3190 708 3248 seductiles
725 3192 834 3262 sibique
849 3194 961 3249 nimium
980 3208 1045 3250 cre·
1084 3193 1176 3250 statim
1199 3198 1290 3262 partes
1314 3199 1444 3262 utrasque
1468 3192 1550 3248 turbo
1574 3193 1676 3248 nivium
1691 3192 1724 3225 ⁸¹⁷
1747 3195 1908 3250 ventosissi-
2003 3213 2004 3237 r

225 3281 305 3338 dulos
323 3279 420 3348 iactos,
436 3281 464 3335 in
484 3281 570 3350 ipsam
592 3289 706 3337 mortem
722 3282 919 3352 periclitandos
937 3283 1045 3340 cavilla·
1086 3297 1146 3339 mus
1169 3288 1224 3338 mm
1248 3280 1412 3338 mirabiliter
1435 3280 1637 3350 obtenebravit,
1663 3289 1693 3339 ut
1715 3280 1800 3338 ierme
1824 3297 1908 3340 nemo
2003 3305 2004 3319 ,

226 3371 295 3427 torte
314 3371 382 3426 satis
408 3369 598 3440 precipitavit.
628 3371 730 3440 Regem
754 3371 855 3441 quippe
879 3372 1044 3429 Roudolium
1085 3385 1151 3428 snos
1169 3369 1372 3427 commilitones
1386 3382 1554 3440 cognoscere
1573 3369 1716 3440 quivisset,
1736 3370 1827 3427 donec
1855 3386 1909 3429 nox

225 3475 286 3518 cum
302 3459 457 3531 praegrandi
482 3455 619 3528 exercitus
646 3459 688 3514 sui
715 3459 832 3530 collegio
851 3467 879 3517 et
899 3462 1044 3517 inbellem
1086 3461 1245 3525 adveniens,
1265 3458 1415 3531 fugitantes
1438 3465 1467 3515 et
1489 3466 1688 3530 persequentes
1707 3460 1735 3516 in
1764 3459 1819 3517 boc
1839 3463 1911 3518 arti-

225 3550 306 3606 nimis
326 3548 530 3619 promptissimo
549 3561 583 3604 ex
597 3549 745 3618 improviso
764 3547 849 3605 iernve
863 3549 1044 3608 offenderant.
1086 3550 1149 3607 culo
1173 3549 1367 3620 belligerantes
1388 3547 1545 3604 diremisset
1562 3547 1604 3604 ⁸³⁸.
1630 3548 1747 3618 Baioarii
1764 3555 1795 3604 bt
1809 3551 1909 3607 Franci

224 3638 385 3707 Quosdam
410 3639 469 3708 ipse
492 3638 546 3696 sibi
572 3643 626 3694 tam
651 3639 792 3708 proximos
818 3641 968 3710 arrepsisse
996 3655 1047 3711 per
1087 3652 1148 3696 cnm
1176 3652 1241 3709 rege
1266 3650 1316 3693 suo
1339 3635 1492 3708 praelegere
1521 3636 1674 3705 proximum
1695 3635 1728 3668 ⁸²⁹
1750 3649 1781 3692 se
1809 3652 1825 3694 a
1855 3645 1909 3696 tam

224 3729 413 3799 exploratores
441 3741 506 3784 suos
535 3727 734 3797 comperisset,
754 3727 832 3797 quasi
846 3728 957 3786 illorum
972 3735 1046 3786 metu
1087 3733 1178 3798 strage
1205 3726 1352 3792 dirissima,
1384 3724 1548 3795 praeceleres
1577 3739 1609 3780 ac
1637 3737 1693 3782 non
1725 3726 1911 3784 minimnm⁸⁸⁴

225 3816 316 3889 ineam
340 3817 491 3882 simulans,
521 3817 611 3872 iocum
639 3815 679 3872 eis
703 3816 849 3872 invadendi
878 3820 1046 3888 provinciam
1088 3816 1238 3889 perterriti,
1254 3815 1392 3873 enerviter
1405 3814 1610 3885 praeripiebant.
1627 3815 1664 3870 be
1683 3814 1791 3872 mamis
1805 3821 1910 3886 antem,

227 3919 288 3962 cum
308 3906 365 3960 suis
379 3904 557 3974 retrogradus
578 3904 724 3961 arliiiciose
748 3905 872 3962 dederat.
893 3908 931 3962 Ea
957 3913 1046 3964 mmen
1088 3905 1135 3976 qui
1158 3905 1186 3962 iu
1206 3903 1264 3960 suis
1279 3903 1371 3960 multis
1391 3903 1501 3959 milibus
1520 3901 1701 3972 confidentes,
1720 3904 1810 3960 eidem
1836 3906 1911 3963 bello

227 3995 382 4051 intentione
396 3989 580 4059 simulaverat,
596 4006 631 4048 ne
654 3993 677 4048 si
696 3995 724 4048 iu
751 3994 912 4052 alterutrum
933 3995 1047 4053 bello⁸¹⁷
1088 3994 1237 4052 avidissimi
1256 4007 1285 4049 se
1309 3991 1469 4060 intulerant,
1498 3997 1592 4064 utpote
1616 3995 1664 4065 qni
1693 4006 1744 4065 pro
1769 3997 1914 4054 servientis

229 4089 446 4155 consurgerent,
473 4083 526 4152 ipsi
550 4097 564 4137 a
588 4097 618 4138 se
643 4091 825 4152 persequente
853 4091 929 4142 tanto
958 4087 1049 4144 miuus
1088 4099 1146 4141 snae
1180 4081 1402 4139 remuneratione
1428 4081 1483 4138 boc
1508 4081 1608 4148 solnm,
1638 4089 1668 4138 ut
1693 4097 1750 4155 prae
1781 4085 1913 4142 omnihus

230 4187 306 4232 more
325 4187 375 4230 suo
390 4171 579 4244 diffugissent,
595 4178 697 4242 quanto
711 4172 781 4228 inira
796 4173 892 4242 patriae
906 4173 981 4232 illius
995 4182 1048 4233 ter·
1090 4174 1171 4244 primi
1185 4171 1338 4228 Saxonibus
1359 4170 1490 4243 congredi
1510 4172 1683 4240 meruissent,
1704 4174 1913 4245 percupierant,

227 4263 318 4321 minos
339 4277 355 4318 a
378 4260 568 4332 compatriotis
592 4260 720 4316 omnibns
748 4260 869 4331 undique
897 4262 992 4333 impeti
1019 4269 1047 4322 et
1092 4261 1231 4332 praecipua
1254 4267 1360 4332 strages
1381 4275 1413 4316 ac
1436 4260 1515 4316 ruina
1538 4259 1597 4317 illic
1619 4258 1690 4317 lacta
1713 4267 1765 4317 est.
1790 4263 1913 4330 Quonim

225 4351 391 4410 circumdari
410 4353 466 4406 ileo
482 4350 648 4420 propitiante
658 4347 690 4382 ⁸¹⁸
710 4351 873 4420 potuissent.
1056 4312 1223 4407 Dsummam
1256 4348 1315 4406 iore
1339 4349 1524 4406 determinant
1541 4347 1632 4415 3255,
1658 4355 1760 4420 praeter
1786 4351 1841 4408 bos
1864 4352 1912 4422 qni

262 4443 304 4498 ilii
324 4454 390 4498 vero
404 4441 493 4512 lugam
509 4441 645 4496 Saxonum
665 4453 754 4496 veram
774 4445 802 4497 et
821 4453 876 4497 uon
900 4441 1046 4512 dispensa·
1087 4439 1145 4496 iilic
1171 4438 1315 4509 perplures
1333 4439 1491 4516 ceciderant
1513 4437 1548 4494 de
1571 4437 1767 4506 Tbcutonicis,
1790 4440 1849 4496 sive
1865 4441 1913 4510 qui
2003 4473 2004 4484 ,

228 4533 326 4588 toriam
358 4530 542 4596 arbitrantes,
568 4529 698 4585 audacter
727 4527 789 4585 illos
816 4529 995 4600 insequentes
1004 4531 1045 4600 ⁸¹⁹,
1089 4528 1123 4584 de
1147 4528 1272 4598 utrisque
1287 4528 1359 4598 capti
1375 4531 1449 4594 snut,
1464 4527 1623 4597 adplenum
1639 4534 1667 4583 et
1685 4527 1718 4583 ad
1734 4535 1841 4585 certum
1856 4543 1913 4586 non

229 4621 331 4694 praedis
345 4627 372 4676 et
387 4617 542 4686 incendiis,
558 4624 601 4674 set
614 4631 671 4688 prae
682 4618 791 4674 caeteris
805 4619 861 4675 dux
874 4621 1047 4690 Boemiauns,
1089 4623 1131 4674 est
1153 4616 1382 4687 comprehensum
1407 4621 1475 4686 quot
1498 4614 1609 4672 inerint.
1635 4617 1672 4672 be
1696 4617 1793 4674 militia
1807 4626 1912 4684 autem,

228 4711 381 4767 insisistere
404 4709 504 4780 passim
531 4707 813 4778 praesumpserantul.
838 4709 915 4766 Unde
931 4710 1047 4768 consilio
1089 4705 1216 4762 Roudoiti
1236 4704 1310 4776 regis
1325 4702 1371 4770 38,
1383 4705 1408 4761 ei
1423 4704 1452 4759 hi
1463 4716 1559 4762 omnes
1572 4708 1675 4774 preter
1688 4704 1759 4762 duos
1773 4702 1808 4762 de
1823 4707 1913 4763 mino·

230 4800 258 4854 in
282 4798 309 4854 id
329 4801 418 4870 ipsum
438 4811 500 4854 cum
514 4797 657 4853 tavavensi
675 4797 838 4867 caeterisque
852 4798 959 4855 scilicet
967 4798 997 4831 ⁸¹¹
1013 4800 1046 4855 ad
1089 4795 1175 4861 ribus,
1206 4807 1261 4851 non
1288 4792 1322 4849 de
1346 4791 1511 4850 militaribus
1534 4791 1670 4860 ensiferis,
1691 4793 1826 4852 cecidisse
1842 4794 1915 4852 rete·

227 4888 349 4945 hocsibi
363 4887 574 4958 suifragantibus
592 4885 765 4956 coepiscopis
788 4886 908 4955 collato,
937 4889 1049 4960 llogon-
1089 4889 1200 4940 rnntur.
1230 4885 1350 4952 Quorum
1375 4895 1447 4938 nnus
1468 4880 1656 4954 lieginiridus,
1678 4895 1772 4939 comes
1799 4884 1914 4954 qnidam

229 4979 305 5036 tinus
322 4977 567 5048 archiepiscopus,
592 4977 671 5047 cujus
689 4988 723 5032 eo
742 4975 865 5048 iocorum
884 4989 929 5034 ros
949 4978 1049 5033 aeecle-
1091 4971 1378 5044 Partbenopoiitanus,
1393 4985 1468 5028 arma
1490 4972 1546 5041 jam
1566 4970 1613 5028 diu
1641 4983 1692 5043 pro
1710 4972 1768 5028 bec
1786 4971 1915 5043 deposita

231 5067 356 5148 siasticas
382 5065 549 5122 devastando
568 5063 797 5135 pervaseramffl,
823 5065 979 5122 Heinricum
1004 5079 1050 5121 sa-
1092 5063 1128 5120 ob
1144 5068 1239 5133 turpes
1253 5061 1435 5133 quorumdam
1454 5061 1622 5133 praediorum
1646 5066 1767 5133 quaestus
1786 5071 1915 5134 apostata

230 5158 362 5230 criiegum
382 5156 464 5226 halus
482 5153 669 5227 dissipationis
688 5154 901 5212 armiductorem
916 5168 978 5211 cum
992 5153 1058 5220 snis
1092 5157 1267 5220 resumserat,
1292 5151 1364 5208 nude
1384 5157 1412 5208 et
1437 5151 1483 5208 bei
1504 5151 1571 5222 justi
1583 5150 1688 5223 iudicis
1710 5151 1801 5210 ultore
1818 5153 1914 5225 gladio

899 5281 1012 5338 VthAE
1039 5278 1233 5338 hucmollns.

232 5382 298 5486 mm
316 5380 412 5438 militia
426 5394 454 5438 n.
475 5393 558 5452 parva
579 5379 625 5484 ¹:2⁹1
656 5379 687 5466 ¹¹}
707 5379 820 5483 mining
839 5377 876 5436 i*.
915 5378 948 5412 ⁸¹⁸
966 5375 1341 5507 ⁰bfi³ul*'·”⁸¹⁷nbft¹¹³⁸¹lll'u
1358 5375 1391 5408 ⁸¹⁸
1409 5375 1530 5504 ρὶΙοῃὶιιΙε
1548 5376 1588 5503 lviv
1609 5374 1659 5408 ¹⁸¹⁹
1677 5377 1907 5504 Pffifflff·

284 5453 573 5582 imiimliiiiid·
598 5522 630 5556 ιι·
645 5454 798 5582 illinita
819 5457 1097 5594 liubula,
1120 5463 1283 5593 aiamim
1305 5460 1408 5576 ,lit
1426 5486 1537 5576 aalma
1559 5460 1685 5575 'elffii'
1752 5491 1758 5504 ·
