4160 6196
128 265 170 320 Ιώ
625 255 723 312 NOTAE
742 253 785 309 An
805 251 930 308 nisano
950 251 994 307 DE
1012 249 1119 308 orric.
1139 251 1273 310 ECCLES.
1741 261 1790 318 106

157 387 220 462 (dib)
259 385 348 442 Talia
384 385 492 440 malain
526 379 659 452 processio
694 393 742 451 per
777 377 995 439 claustrumhel
1014 375 1167 434 diaconibus
1190 379 1226 434 od
1248 382 1546 438 somtuntoaaaenria
1559 383 1679 441 Ecclesia
1693 389 1794 459 amicae

126 477 318 538 processionem
336 474 377 530 sic
399 471 524 543 disponit
544 469 717 527 ordinarium
730 469 931 540 {rotomagense
973 465 1009 521 ad
1022 463 1107 522 locun
1120 467 1249 537 enaddan
1264 469 1399 540 landant,
1415 471 1497 542 llyrie
1513 470 1628 539 eleison,
1645 479 1669 530 et
1691 472 1795 533 ocanni

126 585 168 626 ms.
191 565 313 636 sepultae
333 562 465 635 monada
479 575 528 633 per
542 560 637 616 atriarrr
650 559 678 613 in
693 557 793 630 cappis,
808 557 933 613 sacerdos
973 569 1055 625 usaue
1075 555 1111 611 ad
1130 555 1215 612 abore
1236 577 1244 611 .·
1264 558 1459 615 ascendentibus
1473 561 1626 618 diaconibus
1639 564 1667 618 ia
1678 564 1794 635 papiam,

125 657 278 714 etliaconus
301 653 328 708 in
349 651 435 718 Albis,
459 655 484 706 et
506 648 680 706 subdiaconus
702 647 816 702 turbam
838 645 933 702 habea
980 636 1044 704 143
1074 645 1188 717 episcopi
1210 650 1235 701 el
1258 646 1401 718 presbyteri
1423 653 1571 706 statuuntur
1592 652 1621 707 in
1643 650 1708 708 locr's
1730 655 1795 722 suis,

126 760 174 802 ran
199 757 291 809 auce,
320 738 486 796 madehbris
514 738 652 806 euripus
682 735 780 792 damur
801 734 932 806 incipiat:
974 738 999 790 et
1025 732 1121 789 seham
1143 738 1203 790 eale
1226 734 1320 792 altare.
1343 737 1430 792 Flauia
1458 738 1538 810 llyrie
1564 739 1690 810 eleison,
1714 742 1797 798 innuit

125 835 197 892 ituria
218 831 387 902 llagdalene,
411 843 469 885 cunr
490 841 566 883 uersu
588 831 612 881 el
635 839 773 896 νααααααας
794 839 844 896 puro
862 823 934 895 iirdlo
973 821 1175 878 rrrdrwiaconas
1194 825 1280 895 primo
1303 824 1417 892 schola;
1440 832 1466 882 et
1489 827 1533 883 ille
1545 828 1675 886 inclinans
1695 846 1724 886 se
1747 830 1796 900 illi,

125 931 172 980 tres
184 921 215 978 de
231 920 327 990 majori
349 917 412 973 sede
429 921 554 972 malent:
578 912 666 981 Salve,
682 913 752 970 lesta
770 912 840 980 dies,
855 925 936 982 usaue
976 911 1084 982 innpiat
1097 910 1213 968 Alleluia
1232 927 1289 970 utra
1306 914 1408 985 psalmo
1428 916 1523 973 :Dixit
1537 919 1667 976 Dominus
1681 921 1797 978 Domine

124 1011 311 1070 ααααααααα.
337 1010 370 1063 ln
391 1005 503 1063 elatine
529 1007 621 1060 eomer
636 1003 746 1074 incipiat
760 1003 780 1070 rb
793 1001 870 1058 Sedit
883 1013 934 1056 an·
976 1014 1048 1067 meo,
1072 1005 1126 1056 etc.
1150 1000 1282 1058 Alcuinus
1301 1001 1350 1059 lib.
1372 1005 1410 1061 Dc
1434 1005 1518 1062 divin.
1543 1005 1616 1064 albe.
1640 1011 1741 1067 namn
1756 1011 1799 1067 dic

125 1101 203 1172 gelas.
229 1101 294 1155 thes
317 1097 349 1152 de
370 1093 513 1165 majoribus
537 1092 619 1164 [nanc
642 1093 763 1162 pactam)
787 1091 815 1146 ia
836 1089 935 1163 pulpita
976 1091 1012 1146 od
1040 1091 1167 1162 Vespems
1191 1090 1227 1146 ad
1249 1097 1366 1148 samium
1393 1097 1520 1151 loannem
1547 1101 1719 1175 calapepalac
1745 1116 1799 1157 nra·

124 1195 139 1252 t
162 1186 324 1246 crndlixum
347 1185 377 1241 in
400 1198 482 1240 crues
510 1182 572 1254 [ol.,
589 1181 699 1252 carne].
723 1179 824 1237 Nolite.
839 1179 884 1236 Ad
897 1181 937 1236 in·
976 1179 1061 1235 turim
1081 1178 1217 1236 uniuersus
1238 1181 1544 1250 easaetenatone
1562 1187 1590 1242 in
1613 1188 1722 1244 ecclesa
1744 1205 1801 1246 nra-

123 1279 221 1334 troitum
237 1275 312 1332 chari
331 1273 449 1330 doninus
467 1271 686 1344 urehbpiscopus,
703 1269 728 1324 si
747 1283 863 1341 praem
882 1269 937 1339 lue
973 1281 1043 1355 jore,
1066 1269 1094 1324 ia
1117 1269 1174 1324 loco
1198 1269 1242 1342 aui
1264 1275 1373 1327 uocatur
1395 1273 1532 1342 accinio
1557 1296 1565 1329 :
1589 1275 1677 1346 ibique
1696 1278 1802 1335 mehedt

122 1368 162 1432 rit,
176 1367 199 1422 si
213 1380 276 1432 non,
290 1368 391 1431 aanor,
412 1362 548 1434 incipiat:
572 1359 696 1416 Christus
710 1371 866 1430 resurgens,
880 1371 938 1414 cura
976 1357 1068 1414 scbcla
1087 1377 1096 1414 ε
1116 1359 1197 1430 llyrie
1226 1359 1343 1430 eleison,
1376 1366 1401 1417 et
1433 1377 1463 1418 eo
1495 1371 1620 1422 comnia
1651 1370 1803 1440 perueniant

122 1460 138 1519 r
163 1455 260 1511 hicant
284 1465 358 1510 nunc
379 1451 486 1519 ludaei;
509 1465 559 1522 oua
582 1449 654 1520 dailo
678 1447 797 1505 amana
810 1445 939 1518 archiepi-
977 1461 1059 1518 usaue
1073 1447 1109 1504 ad
1122 1447 1218 1516 altare,
1235 1456 1288 1506 etc.
1305 1451 1353 1507 Pu.

121 1559 219 1615 rcopm,
234 1545 261 1599 si
271 1556 390 1615 ραααααα
404 1540 493 1610 sueni,
516 1538 651 1595 benedicat
662 1537 796 1610 papulam,
812 1536 939 1592 etstatirn
1015 1534 1084 1606 (2301
1120 1537 1318 1596 benedicamus
1347 1541 1463 1598 bomine
1491 1542 1525 1598 ab
1552 1542 1593 1600 his
1620 1550 1666 1616 aar·
1689 1545 1804 1604 Alleluia

120 1633 259 1704 incipiatur
281 1632 372 1688 missa
397 1632 432 1687 nt
460 1629 578 1686 donam
592 1626 812 1699 ordepmmar,
830 1625 854 1680 si
869 1639 939 1697 pra
979 1628 1119 1682 contenent
1134 1625 1247 1683 dautur.
1271 1629 1348 1684 Nunc
1368 1643 1383 1685 a
1406 1629 1495 1687 tribus
1509 1631 1544 1688 de
1558 1633 1680 1690 secunda
1694 1635 1760 1692 sede
1776 1636 1803 1690 in

122 1737 177 1778 sens
198 1722 293 1792 sacal,
317 1719 412 1776 habeat
434 1733 521 1775 secun
543 1721 640 1789 septen
654 1716 780 1772 αιἀααααα
797 1707 1190 1785 ellatideraBsaperpilliceis.

118 1812 292 1868 ,saducaeos
327 1809 472 1875 recantas,
503 1798 571 1868 142
615 1805 648 1861 de
685 1804 776 1877 quibus
809 1802 944 1861 deomena
1021 1803 1094 1876 (231)
1126 1803 1289 1862 Psalrnura:
1323 1807 1466 1878 Laudate,
1505 1813 1608 1882 paeri,
1647 1813 1804 1882 boninum,

120 1902 167 1956 siat
181 1901 214 1956 de
236 1899 354 1957 secunda
376 1899 504 1963 sedeate.
519 1897 560 1953 Ad
575 1896 781 1966 processionem
799 1907 896 1953 omues
909 1894 944 1951 ‹le
985 1899 1121 1950 namanes
1141 1895 1176 1950 ad
1198 1895 1283 1966 tantm
1303 1903 1425 1969 perperit.
1450 1901 1504 1956 lste
1529 1903 1714 1972 processionis
1737 1902 1807 1960 ritus

120 1993 203 2048 choro
228 1991 288 2047 sint
311 1990 340 2046 in
364 1988 460 2060 cappis
474 2001 536 2044 cum
553 1984 720 2055 celebrante,
736 1983 946 2043 diaconusdal-
985 1981 1161 2040 landabiliter
1193 1985 1355 2042 observatur
1386 1987 1414 2043 in
1447 1989 1598 2047 cathedrali
1628 1999 1655 2048 et
1684 1993 1810 2063 plurimis

120 2081 216 2136 natica
243 2079 367 2146 indutus,
391 2082 420 2134 et
441 2075 628 2134 subdiaconus
652 2075 759 2141 tunica,
784 2074 863 2144 cajus
886 2075 945 2130 rice
986 2071 1191 2144 parochialibus
1215 2074 1340 2131 ecclesiis
1363 2076 1444 2147 hujus
1468 2079 1595 2149 civitatis,
1620 2082 1667 2152 qni
1692 2083 1719 2138 in
1735 2081 1810 2138 ordi-

117 2169 266 2240 acolythus
280 2181 391 2226 emnem
406 2165 496 2224 deleri
510 2167 603 2224 tunica
616 2164 739 2221 indutus.
986 2163 1065 2218 nario
1090 2176 1153 2228 ms,
1177 2176 1204 2233 p.
1221 2162 1266 2232 88,
1285 2163 1452 2222 describitur
1475 2168 1586 2226 disertis
1604 2170 1679 2228 hisce
1698 2172 1808 2228 verbis:

150 2258 228 2328 (2271
266 2257 386 2329 Officium
413 2255 467 2311 diei
496 2254 660 2310 celeberrime
687 2251 841 2324 compleant.
863 2251 945 2309 Ordi-
989 2253 1061 2307 Unus
1075 2251 1107 2306 de
1121 2251 1264 2322 majeribus
1286 2253 1395 2326 incipiat
1415 2276 1423 2309 :
1446 2256 1573 2327 Alleluia,
1593 2263 1618 2314 el
1640 2259 1707 2315 anus
1721 2261 1753 2316 de
1770 2275 1811 2316 re-

117 2347 224 2402 narium
252 2361 327 2416 sape
354 2344 519 2401 laudatum:
545 2342 811 2415 archiepiscopus,si
830 2355 947 2413 presan
986 2338 1103 2408 amaon
1131 2340 1236 2398 choram
1262 2343 1404 2416 incipim:
1437 2346 1567 2416 mndata,
1597 2349 1688 2420 pueri,
1715 2350 1811 2406 Domi-

116 2435 204 2503 tuerit,
248 2434 333 2504 facim
369 2431 570 2488 benediccionem
609 2447 689 2503 super
726 2429 850 2502 papulam
887 2434 947 2485 ante
986 2441 1071 2496 nuru,
1095 2428 1204 2487 laudate
1229 2444 1328 2490 nomen
1350 2433 1476 2502 bomini,
1492 2435 1617 2492 Alleluia.
1646 2438 1687 2494 Sit
1710 2450 1810 2494 nornen

116 2525 212 2594 Agnus
238 2522 300 2576 Dei.
324 2522 411 2578 Finita
433 2523 527 2591 Agnus
548 2521 608 2589 liei,
629 2533 717 2576 annes
744 2519 787 2588 pai
809 2516 946 2584 oaluaiut,
987 2517 1095 2573 Domini
1117 2518 1304 2590 benedictum,
1331 2527 1384 2579 etc.
1411 2523 1528 2580 Alleluia
1551 2545 1557 2580 :
1583 2529 1610 2580 et
1627 2525 1810 2582 siccantaado

116 2611 320 2668 flammicam,
336 2610 385 2666 pp,
987 2603 1117 2674 psalmon
1131 2611 1175 2662 eat
1186 2612 1320 2680 processio
1345 2611 1380 2667 ad
1402 2612 1488 2682 [mles
1509 2628 1566 2669 cura
1590 2615 1701 2670 diceano
1717 2619 1740 2670 el
1754 2613 1811 2670 sab-

148 2701 219 2756 Tres
244 2697 459 2756 benedictiones
477 2695 650 2769 episcopales
668 2694 733 2751 olim
747 2694 776 2749 in
791 2693 874 2749 missa
889 2692 949 2749 lieri
990 2692 1113 2760 diacono,
1139 2701 1164 2750 et
1187 2697 1308 2767 ampulla
1332 2714 1349 2754 a
1372 2700 1472 2757 dabas
1484 2702 1644 2773 presbyteris
1659 2703 1765 2772 adalb,
1790 2709 1815 2759 et

116 2789 214 2845 solitas
241 2786 429 2844 describimus
452 2800 487 2843 er
512 2801 564 2842 ms.
594 2782 746 2841 Poudlicali
772 2781 949 2838 bibliothecae
991 2794 1066 2836 caeo
1091 2781 1236 2850 burediclo,
1262 2800 1337 2855 amm
1358 2787 1427 2858 smol
1450 2803 1516 2844 anm
1534 2790 1661 2845 diaconus
1675 2791 1815 2855 {dalmati-

116 2876 293 2936 rathedralis
316 2876 544 2946 hotomagensis,
568 2887 637 2944 quas
655 2874 684 2929 in
703 2870 793 2928 missis
807 2871 950 2941 pontillca·
991 2868 1078 2940 eatus)
1101 2871 1135 2925 de
1161 2873 1276 2928 semaia
1297 2874 1378 2942 sede,
1408 2881 1433 2931 et
1456 2877 1550 2933 edorres
1569 2877 1699 2950 psalmum
1729 2880 1815 2951 Anat,

118 2968 189 3024 libus
203 2965 338 3024 revocari
352 2968 430 3036 optat
438 2963 538 3022 rituale
547 2964 760 3033 flammigenae,
771 2973 799 3030 p.
814 2975 833 3027 1,
847 2957 949 3030 psas.
990 2963 1015 3013 el
1043 2959 1114 3014 dicar
1135 2960 1250 3017 Alleluia
1275 2967 1388 3034 quatum
1415 2970 1440 3021 el
1463 2968 1528 3023 Hac
1547 2968 1607 3024 dies
1619 2969 1677 3023 siae
1689 2969 1816 3036 Alleluia,

153 3053 238 3128 (288)
267 3056 333 3112 aaa
355 3055 532 3127 macedone,
558 3057 612 3108 etc.
629 3053 659 3107 in
683 3049 727 3106 his
745 3048 873 3106 omnibus
887 3045 1021 3104 eon-ner
1043 3063 1131 3104 uersa
1154 3053 1190 3107 Et
1210 3057 1270 3123 post
1293 3059 1412 3111 cantetur
1439 3061 1500 3113 crete
1523 3057 1608 3115 altare
1631 3061 1662 3116 S.
1687 3061 1817 3118 loannis:

117 3144 215 3200 cordat
230 3142 412 3200 ordinarium
431 3145 632 3212 Rotomagense
646 3153 719 3206 ms.;
743 3137 889 3194 sicaniam
903 3135 952 3194 ha·
991 3136 1119 3207 Alleluia,
1148 3147 1169 3208 p
1197 3142 1333 3210 mudule,
1358 3147 1436 3215 pueri
1465 3153 1490 3203 et
1516 3149 1655 3205 redactur·
1681 3150 1817 3220 Alleluia;

117 3231 162 3288 het
187 3233 217 3288 in
250 3232 301 3289 die
328 3231 451 3298 Paschae,
479 3245 541 3302 pag.
566 3229 611 3285 88.
636 3229 679 3284 Ad
703 3228 830 3298 Vesperas
849 3231 903 3282 tres
919 3225 951 3281 de
992 3241 1043 3298 aaa
1066 3227 1138 3298 duta
1161 3231 1286 3286 saoerdas
1305 3231 1400 3289 dierat.⁸
1425 3236 1549 3292 oremus.
1565 3238 1647 3305 Deus,
1664 3239 1712 3309 qni
1727 3240 1820 3296 ecele-

116 3322 211 3391 raajari
232 3321 303 3380 sede
316 3322 344 3378 ia
355 3323 447 3394 cappis
460 3324 564 3378 coalent
578 3319 614 3377 ad
625 3317 837 3391 macerabatur.-
861 3314 950 3382 Salve,
992 3315 1060 3371 dam
1085 3321 1168 3373 tuam.
1188 3319 1240 3376 Per
1254 3319 1392 3378 Christum
1411 3323 1565 3380 Dominum.
1581 3327 1684 3381 Festive
1706 3341 1773 3381 uam
1788 3327 1820 3382 da

116 3407 184 3466 lesia
213 3411 303 3478 dies,
336 3426 394 3467 eura
425 3410 535 3467 diamno
567 3415 593 3464 el
623 3407 783 3464 subdidcmo
812 3404 951 3469 revestitis,
993 3405 1089 3474 majori
1110 3406 1173 3462 sede
1195 3409 1304 3480 incipiat
1324 3409 1473 3478 :Alleluia
1493 3415 1518 3466 el
1541 3427 1608 3467 onas
1626 3412 1660 3468 de
1673 3413 1820 3484 repartibae

115 3515 203 3565 arum,
217 3498 412 3566 candelabris,
434 3496 570 3557 thuribulis
584 3501 609 3552 ei
622 3497 722 3566 sipnis,·
739 3491 878 3550 ducendol
889 3504 953 3562 pra·
993 3492 1098 3548 choram
1118 3493 1189 3565 psol.
1214 3496 1244 3550 ln
1268 3497 1343 3551 emin
1366 3496 1450 3552 lsrael
1465 3499 1499 3553 de
1513 3501 1639 3568 AEgypto,
1656 3500 1781 3568 Alleluia,
1802 3507 1821 3565 e

117 3591 202 3646 cesae
215 3605 271 3662 per
286 3591 410 3646 dautran
423 3590 494 3645 alara
508 3587 635 3650 ecclesia,
649 3600 731 3657 osque
749 3584 785 3640 ad
806 3582 953 3639 αααίαααία-
994 3582 1076 3636 Facta
1091 3585 1134 3636 est
1147 3582 1241 3638 tudaea
1254 3583 1435 3640 sanctificatio
1451 3587 1519 3655 ejus,
1540 3591 1590 3643 etc.
1613 3586 1739 3656 Alleluia,
1755 3587 1821 3644 alle-

115 3678 167 3734 iem
192 3685 305 3750 portare
328 3678 454 3748 αααὶααα,
475 3683 500 3734 et
520 3676 688 3750 processione
709 3673 833 3729 ordinata
852 3671 879 3723 in
894 3667 954 3724 naui
995 3667 1050 3723 luia
1062 3687 1069 3734 ;
1080 3667 1100 3728 i
1111 3670 1183 3725 liare
1197 3668 1266 3726 vidit
1279 3677 1307 3726 et
1321 3668 1400 3743 lugit,
1415 3677 1477 3742 ele,
1493 3673 1612 3746 alleluia,
1624 3675 1743 3744 alleluia,
1756 3674 1822 3733 alle·

117 3765 242 3822 ewlesiae
267 3779 335 3824 unus
357 3768 390 3825 de
414 3765 564 3825 maronias
587 3764 720 3836 incipiet:
740 3759 822 3831 ilyrie
837 3758 953 3824 elenen,
996 3754 1061 3811 luia.
1086 3759 1121 3813 Et
1143 3757 1183 3813 sic
1203 3757 1238 3813 ad
1262 3759 1338 3830 taem
1360 3762 1538 3832 perducatur,
1563 3769 1588 3820 et
1608 3767 1637 3821 in
1654 3765 1705 3837 dae
1725 3763 1822 3838 psalmi

117 3863 141 3910 et
167 3857 313 3928 namsia
342 3858 377 3914 ad
404 3857 511 3914 ααααααα
537 3855 629 3910 redeat
655 3850 818 3908 cantando:
847 3846 954 3903 Christe
996 3843 1126 3900 dautur:
1150 3845 1241 3904 Gloria
1261 3849 1344 3916 Patri,
1366 3851 1491 3910 Alleluia.
1516 3853 1593 3911 Sicut
1608 3861 1676 3922 erat,
1694 3854 1823 3936 Alleluia,

120 3943 228 4002 eleison
243 3967 251 4014 ;
276 3951 303 4004 et
323 3946 395 4017 pabo
419 3946 501 4017 llyrie
521 3944 636 4009 eleison,
655 3941 797 4013 isandus
810 3935 844 3994 ab
858 3949 909 3992 unc
924 3935 956 3991 de
996 3932 1116 3991 alleluia.
1128 3935 1253 3992 Surrexit
1264 3939 1395 3997 boninus
1410 3941 1444 3998 de
1459 3943 1599 4015 sepulcro,
1612 3944 1739 4014 Alleluia,
1753 3945 1823 4002 alle·

119 4033 215 4104 arciori
238 4035 308 4092 sede
331 4039 386 4090 ani.
410 4033 535 4091 Alleluia.
555 4031 601 4089 Illi
614 4031 658 4103 puri
671 4027 833 4086 commerita
847 4025 882 4104 orl
893 4037 956 4096 pro-
998 4023 1194 4098 luia,alleluia.
1210 4029 1245 4083 El
1259 4030 1390 4086 conanda
1404 4031 1823 4108 psalnundescendatproceesio
1933 4033 1936 4040 '

120 4127 269 4180 necaonem
296 4144 305 4178 :
332 4121 420 4193 Salve,
453 4121 524 4179 festa
556 4121 627 4188 dies,
657 4122 749 4190 repant
781 4115 899 4181 charam,
933 4115 958 4167 el
995 4127 1044 4183 per
1067 4113 1148 4170 aliana
1171 4115 1242 4172 amm
1266 4117 1382 4176 aeneia
1404 4122 1440 4177 ad
1458 4123 1644 4180 ommenlolera
1660 4130 1765 4196 parton
1779 4139 1824 4180 ec-

119 4226 186 4266 aaas
206 4211 329 4270 saillis
352 4213 461 4286 incipiat
474 4213 503 4267 in
520 4211 614 4268 deutra
634 4208 712 4265 choro
728 4204 800 4278 psal.
815 4203 957 4259 111111110-
1000 4200 1105 4268 clesin,·
1129 4208 1155 4259 et
1179 4207 1346 4276 processione
1371 4209 1399 4264 in
1424 4211 1487 4266 naui
1514 4211 1630 4269 meloda
1652 4218 1771 4280 statuta,
1802 4217 1828 4268 et

121 4301 224 4370 ninus,
243 4301 324 4374 psal.
349 4300 517 4369 confitebor,
536 4298 607 4372 psal.
631 4301 731 4354 Beatus
744 4295 795 4351 vir.
811 4294 873 4349 Ant.
889 4290 960 4347 Alle-
999 4290 1089 4348 ubine
1104 4307 1181 4349 oasa
1201 4295 1299 4366 pualrni
1320 4297 1404 4368 aare,
1420 4303 1472 4355 tres
1495 4300 1587 4368 (nune,
1608 4301 1670 4366 duc)
1685 4301 1717 4356 de
1731 4299 1829 4368 majori

120 4388 175 4448 luia
198 4398 334 4464 ααααααα.
363 4391 464 4449 &dem
488 4391 579 4463 legere
594 4393 636 4446 est
649 4388 678 4444 in
693 4386 765 4442 libro
780 4381 890 4440 ulbcirdi
904 4380 1066 4447 lio-Dsede
1089 4381 1117 4436 ia
1141 4380 1242 4454 pulpito
1268 4391 1373 4442 cantari
1396 4386 1521 4458 Alleluia,
1545 4388 1565 4447 i
1589 4387 1826 4459 neaempnonem,

122 4481 284 4552 tumagensi
299 4494 374 4548 ms.;
395 4485 423 4536 et
441 4479 515 4552 apud
536 4477 694 4535 orandun
716 4473 839 4538 lintion,
855 4469 903 4526 lib.
920 4483 960 4537 rr,
1002 4485 1055 4526 narr
1077 4471 1215 4527 reiteretur·
1237 4472 1354 4531 Alleluia
1376 4477 1403 4532 in
1426 4477 1496 4549 βαιὴ·
1530 4493 1579 4550 prro
1603 4479 1677 4551 pnite
1703 4475 1829 4532 sacerdos

122 4583 145 4624 c.
172 4569 220 4626 89.
254 4571 300 4626 De
322 4569 376 4626 ista
399 4569 578 4640 processione
606 4570 670 4623 ante
696 4565 845 4632 vesperas,
873 4563 901 4615 et
928 4557 962 4614 de
1004 4560 1075 4616 dicat
1098 4574 1227 4616 casam:
1251 4562 1340 4622 bicite
1363 4567 1392 4622 in
1416 4567 1585 4625 nationibus.
1605 4569 1728 4623 oremus.
1746 4567 1827 4632 bens,

121 4660 206 4728 b'prie
222 4657 344 4727 eleison
356 4659 424 4716 nibil
440 4659 523 4716 hodie
536 4659 568 4714 lit
580 4658 610 4714 in
624 4653 747 4713 Ecclesia
757 4647 962 4720 Rotomagensi,
1005 4648 1052 4718 qui
1082 4662 1133 4719 pro
1167 4650 1248 4708 nobis
1281 4654 1389 4711 Filium.
1423 4657 1557 4727 Sequatur
1583 4655 1709 4712 maria
1734 4653 1830 4710 ibtdenr

122 4745 186 4806 licet
202 4749 376 4806 habeantur
398 4749 427 4804 in
450 4748 597 4806 Breriariis
611 4746 645 4803 ad
660 4757 740 4802 usum
753 4735 964 4810 Rotomagensis
1005 4737 1088 4794 beata
1115 4740 1212 4797 uarie
1240 4743 1384 4814 caiphaea
1410 4766 1418 4800 :
1448 4745 1571 4802 Paradisi
1599 4747 1689 4814 porta.
1718 4746 1737 4809 i
1766 4746 1832 4802 Post

124 4839 262 4896 Ecclesiae²
290 4851 340 4895 an.
369 4837 432 4892 1491
460 4844 488 4896 et
513 4837 582 4892 1578
606 4836 709 4901 editis;
734 4835 762 4889 et
782 4831 812 4886 in
826 4826 964 4884 breviario
1007 4832 1125 4898 partum.
1151 4830 1275 4888 oremus.
1302 4835 1419 4889 Gratiam
1447 4838 1520 4890 tuam
1559 4824 1630 4896 144
1661 4849 1830 4906 quaesumus,

123 4928 405 4986 bominicanernm:
439 4929 482 4984 Ad
510 4931 637 5000 desperas
664 4939 717 4980 aaa
740 4921 868 4977 dacter:
894 4918 966 4973 bens
1006 4916 1350 4978 contremiscebam
1374 4921 1447 4978 chari
1473 4923 1597 4980 αιααααὶα
1621 4926 1734 4981 anniam
1756 4937 1835 4978 sanc-

123 5020 149 5073 in
164 5017 361 5088 adjutorium,
376 5017 423 5074 sed
434 5017 502 5074 dicto
517 5019 599 5074 Pater
611 5019 717 5081 noster,
732 5011 772 5067 sic
789 5007 964 5081 incipiantur:
1008 5011 1103 5074 taam,
1128 5007 1299 5079 antiphona.-
1326 5012 1384 5067 Lux
1412 5015 1555 5082 perpetua.
1584 5014 1612 5070 Si
1641 5011 1794 5084 diligeretis
1817 5015 1837 5076 p

124 5113 206 5185 liyrie
224 5113 356 5177 eleison,
373 5115 427 5164 ete.
1009 5097 1068 5152 Vox
1094 5095 1208 5154 laetitiae.
1238 5101 1363 5156 oremus.
1389 5099 1467 5170 Vide,
1496 5103 1620 5171 Domine,
1650 5101 1836 5157 infirmitates.

156 5204 232 5275 (229)
261 5205 324 5260 Per
348 5199 430 5272 llyris
457 5197 563 5255 eleison
589 5197 715 5268 Vespera
738 5193 874 5266 incipiant.
904 5187 969 5245 Pius
1015 5185 1078 5240 lhos
1105 5185 1210 5256 pueri.-
1236 5187 1433 5246 benedicamus
1460 5192 1587 5261 Domino,
1611 5189 1737 5248 Alleluia.
1762 5189 1838 5246 idem

122 5289 167 5350 ille
195 5294 302 5359 ritas,
339 5301 422 5358 mem
449 5297 586 5358 germana
615 5287 787 5352 antrancatrs
814 5276 969 5352 ignorantia
1013 5287 1125 5344 quoqne
1150 5275 1266 5333 habetur
1286 5278 1315 5332 in
1333 5279 1479 5336 breviariis
1498 5281 1642 5352 Rotomag.
1658 5293 1703 5336 an.
1724 5277 1788 5334 1491
1810 5285 1838 5335 et

124 5389 222 5440 nosmn
240 5383 364 5439 demum
388 5375 492 5434 saeculo
513 5373 676 5440 abolente
699 5371 829 5429 hamanis
848 5368 971 5426 londbus
1016 5361 1095 5433 1578,
1113 5367 1141 5420 et
1161 5363 1189 5420 in
1213 5365 1416 5425 Processicnali
1438 5367 1633 5442 Rotomagensi
1655 5383 1719 5442 pag.
1741 5367 1791 5423 188
1810 5373 1838 5424 et

121 5469 155 5528 ari
186 5485 244 5531 nos
280 5473 471 5528 emanaverat.
500 5464 575 5523 Ordo
602 5465 741 5519 Romanus
766 5479 773 5516 :
802 5460 852 5516 iiie
879 5460 971 5514 sancto
1014 5466 1074 5524 seq.
1100 5454 1189 5523 liujus
1210 5455 1397 5526 antiquissimi
1415 5459 1485 5517 ritus
1504 5456 1608 5516 mentio
1630 5457 1662 5513 bt
1684 5457 1712 5514 in
1736 5457 1837 5517 Ordine

124 5563 239 5620 Paschae
265 5559 444 5628 pomairols
475 5553 566 5614 ecbola
598 5549 737 5624 temporius
761 5562 817 5605 cum
846 5545 972 5619 epicam
1015 5543 1149 5608 nomae,
1171 5543 1244 5613 apud
1265 5544 1421 5618 Alcninurn,
1444 5551 1477 5605 G.
1496 5546 1663 5615 horandum,
1683 5547 1712 5604 in
1726 5547 1837 5604 ordina-

193 5669 333 5728 Panos.
352 5663 474 5722 culli.
1727 5655 1745 5707 A
