4108 6164
197 297 251 355 359
689 295 878 354 Benlaunoi
896 293 1103 352 eumerium
1122 295 1403 354 constantinensis
1829 289 1884 347 360

199 423 334 480 nascitur,
346 421 503 480 dutumnali
519 427 642 493 tempore
665 421 757 479 denuo
771 428 901 492 repentes
924 420 1143 490 Boios-Aliceat
1159 435 1209 479 nec
1224 421 1338 478 decimis
1357 421 1408 489 nti,
1434 421 1486 478 nisi
1511 421 1652 478 canonicae
1676 417 1887 477 constitutionis

199 511 279 581 riam,
295 519 324 570 et
332 511 361 568 iu
370 510 427 567 illis
442 510 567 582 partibus
576 510 745 582 aliquamdiu
756 517 886 577 momtus,
898 509 963 566 inde
974 523 1023 580 per
1065 524 1169 575 norma,
1185 511 1285 582 aliquis
1300 517 1458 581 praesumat.
1474 512 1530 567 Nee
1544 510 1584 566 illi
1600 509 1646 581 qui
1662 510 1690 565 in
1705 507 1821 564 crimine
1832 506 1888 563 lor-

200 605 349 673 angustam
365 607 393 658 et
407 601 519 673 angiam
532 601 707 673 argentinam
718 600 828 657 devenit
839 600 986 656 civitatem.
1065 599 1211 655 nicationis
1222 601 1326 670 jacent,
1337 600 1434 660 missas
1449 598 1599 667 celebrare,
1619 604 1666 654 ant
1680 596 1831 654 secundum
1846 597 1888 650 in-

1064 685 1180 744 teriores
1205 688 1318 744 ordines
1345 687 1501 743 ministrare
1519 686 1598 742 altari
1627 687 1756 743 debeant.
1786 686 1889 741 Statuit

549 741 673 797 mxxv·
1065 777 1157 843 etiam,
1183 781 1214 831 ut
1238 777 1261 831 si
1282 777 1428 846 praenotati
1447 781 1652 846 contemptores
1675 773 1777 830 luerint
1801 773 1890 844 ipsius

203 866 263 922 lies
286 864 400 922 nololeru
427 865 531 922 Domiti
563 863 636 934 opud
663 867 855 934 Argentarium
874 878 930 922 nou
958 879 1025 935 par-
1066 865 1148 921 immo
1176 871 1333 922 sanctorum
1363 867 1472 920 Petrum
1501 864 1739 930 constitutionum,
1770 863 1890 934 populus

202 955 243 1010 vis
257 954 418 1024 optimatum
432 968 543 1010 suorum
559 952 697 1024 gloriosus
720 953 810 1024 eopiis
833 952 957 1010 oldelose
981 967 1025 1010 ee·
1066 953 1142 1010 nullo
1156 953 1239 1010 modo
1253 967 1347 1010 eorum
1363 952 1493 1018 cilicium,
1510 960 1606 1024 utpote
1621 967 1636 1009 a
1652 952 1781 1008 membris
1794 952 1890 1008 aeccle·

203 1043 329 1109 lebravit,
350 1048 378 1100 et
391 1042 493 1098 ibidem
507 1041 560 1097 sub
575 1041 685 1098 tremine
702 1043 845 1113 propalato
860 1043 1025 1099 Pannonicae
1066 1043 1114 1098 siae
1133 1043 1359 1112 abalienatorum,
1381 1043 1515 1112 recipiam
1536 1049 1567 1098 ut
1586 1043 1633 1112 qui
1658 1055 1708 1112 pro
1728 1041 1825 1097 timore
1841 1043 1891 1099 liei

203 1133 281 1203 quasi
296 1137 359 1201 post
375 1131 475 1187 Pascha
491 1145 553 1188 mox
568 1131 733 1188 reiteranda
747 1133 922 1204 expeditionis
935 1133 1027 1188 Sauo-
1067 1136 1095 1187 et
1131 1130 1213 1188 cilicii
1247 1131 1379 1204 dignitate
1412 1131 1513 1202 corrigi
1543 1131 1703 1197 noluerint,
1724 1129 1891 1186 verecundia

202 1219 271 1275 uiam
287 1233 348 1274 curn
364 1220 487 1277 exercitu
506 1235 540 1276 ex
563 1219 712 1290 improviso
736 1219 855 1277 adeundi
877 1220 1026 1277 artificiosa
1067 1219 1161 1276 saeculi
1181 1226 1209 1275 et
1227 1220 1418 1291 objurgatione
1439 1219 1534 1290 populi
1553 1220 1727 1291 resipiscant.
1743 1219 1893 1275 0boedien-

200 1309 366 1380 jamjamque
382 1307 535 1364 industrius
557 1308 711 1364 intentione
733 1323 793 1364 cum
819 1309 877 1365 suls
900 1309 1027 1366 iidelibus
1067 1309 1142 1364 tibus
1160 1314 1250 1363 auteur
1270 1315 1298 1364 et
1318 1323 1367 1378 pro
1387 1321 1481 1365 errore
1505 1321 1555 1364 sno
1579 1322 1674 1364 revera
1693 1307 1893 1378 poenitentibus

204 1396 388 1466 moliebatur;
405 1398 445 1452 sic
459 1396 651 1467 undecumque
662 1397 813 1467 prudenter
822 1397 961 1455 conducto
972 1411 1027 1454 non
1068 1398 1220 1468 apostolica
1236 1397 1444 1455 mansuetudine
1460 1403 1488 1454 et
1502 1398 1666 1453 auctoritate
1681 1411 1696 1452 a
1711 1403 1826 1467 peccato
1841 1410 1893 1452 suo

204 1485 314 1540 modico
330 1484 455 1540 militaris
469 1492 616 1555 apparatus
636 1485 763 1556 collegio,
789 1491 865 1542 tanto
884 1485 1029 1542 suaslacl·
1069 1487 1168 1542 solutis
1186 1485 1403 1542 misericorditer
1430 1485 1598 1542 indulserat:
1629 1487 1669 1542 sio
1699 1485 1893 1540 induratorum

205 1573 259 1628 lius
273 1572 360 1628 ultum
380 1573 420 1628 ire
436 1586 516 1643 posse
530 1587 645 1642 sperans
659 1574 782 1644 injurias,
807 1581 909 1644 quante
933 1574 1029 1630 adver·
1067 1577 1158 1647 iustus
1177 1576 1262 1646 judex
1277 1583 1305 1631 et
1316 1561 1432 1646 ligator,
1449 1582 1479 1630 ut
1494 1589 1557 1630 rere
1582 1574 1772 1644 poenitentium
1798 1573 1895 1629 remis-

206 1662 285 1716 sariis
300 1661 357 1718 suls
371 1661 540 1732 inopinatius
562 1663 615 1732 iant
633 1668 708 1718 totus
722 1677 755 1719 ex
771 1669 830 1720 toto
844 1664 963 1719 animum
988 1664 1030 1719 in·
1070 1665 1193 1735 surptus
1216 1671 1244 1721 et
1263 1663 1369 1720 solutor
1392 1664 1527 1720 catholica
1545 1663 1599 1720 tide
1623 1663 1811 1718 indubitanter
1834 1675 1894 1717 cre·

205 1748 341 1806 tenderat.
1036 1752 1187 1812 Bdendus.
1218 1754 1256 1809 lbi
1290 1753 1372 1809 etiam
1405 1754 1477 1823 regis
1510 1752 1683 1808 consiliarios
1710 1751 1747 1808 ob
1774 1749 1893 1806 heresim

244 1838 370 1908 synodus
402 1841 497 1897 Rome
530 1840 747 1912 quadragesimas
783 1841 881 1898 diebus
912 1856 928 1897 a
962 1855 1030 1912 papa
1072 1842 1270 1913 symoniacam,
1292 1841 1523 1911 parvipendentes
1541 1839 1895 1911 quodlegatisipsiusper

207 1928 339 1998 Gregorio
373 1943 479 1984 summo
512 1935 612 1987 uenatu
645 1930 794 2000 colligitur,
829 1931 865 1986 ob
897 1929 1033 1986 sedandas
1072 1937 1271 1986 sacramentum
1309 1931 1514 2000 promiserant,
1550 1930 1647 1986 iterum
1684 1927 1896 1984 anathematiza·

207 2016 416 2086 quomodolibet
436 2023 476 2073 ιοι
490 2018 549 2074 sine
566 2031 679 2074 numero
699 2027 801 2075 sanctae
822 2019 917 2074 matris
934 2017 1032 2074 aeccle-
1072 2021 1112 2076 vit
1124 2019 1189 2091 (il).
1205 2021 1279 2086 Quos
1294 2019 1329 2074 ob
1343 2019 1370 2074 id
1385 2033 1432 2074 rex
1448 2018 1605 2088 indignatus
1624 2019 1735 2074 minime
1754 2017 1893 2073 devitavit.

209 2106 258 2162 siae
292 2106 482 2162 scandalorum
516 2114 749 2178 praesumptuosas
781 2110 974 2174 inmanitates,
1006 2111 1034 2162 et
1073 2111 1103 2165 ln
1123 2109 1219 2165 eadem
1240 2107 1345 2178 synodo
1371 2109 1448 2177 juxta
1466 2120 1601 2163 canonum
1629 2113 1730 2162 statuta
1759 2103 1897 2162 sententia

209 2194 418 2265 aliquantulum,
435 2211 503 2267 quas
517 2195 686 2254 modernitas
701 2204 794 2254 nostra
810 2199 924 2254 omuino
947 2196 1033 2253 lerme
1074 2197 1257 2269 depositionis
1271 2195 1351 2252 simul
1367 2203 1394 2252 et
1413 2195 1704 2252 excommunicationis
1720 2194 1751 2226 ¹⁸⁸
1770 2197 1797 2252 in
1815 2197 1897 2252 llein·

211 2283 353 2340 dedicerat
381 2290 409 2340 et
436 2284 627 2352 annulaverat,
657 2286 878 2342 rememorandas
906 2286 1035 2341 observa·
1076 2289 1163 2344 rieum
1197 2289 1387 2342 nemetensem
1421 2286 1580 2355 episcopum
1613 2285 1676 2340 data
1695 2291 1736 2340 est
1758 2283 1827 2354 (72).
1847 2285 1899 2352 Qui

211 2371 282 2428 biles
295 2373 497 2444 canonicasque
511 2380 668 2430 sanctorum
683 2376 793 2430 Petrum
809 2375 1033 2431 constitutiones.
1075 2387 1126 2444 pro
1141 2375 1302 2444 symoniaca
1319 2374 1408 2430 berosi
1421 2376 1475 2443 jam
1491 2374 1539 2429 diu
1553 2373 1626 2444 apud
1641 2375 1789 2430 Romanam
1804 2374 1898 2428 sedem

211 2461 316 2530 Quippe
331 2461 379 2531 qui
398 2469 494 2517 eonua
521 2477 598 2532 spem
617 2463 645 2518 in
673 2476 778 2519 summe
807 2462 887 2518 tortis
905 2461 1034 2534 agricolae
1076 2464 1208 2518 canoniea
1224 2463 1340 2530 delatus,
1357 2471 1385 2518 et
1403 2462 1437 2518 ad
1454 2477 1562 2518 eausam
1585 2477 1661 2518 suam
1690 2463 1897 2518 examinandam

213 2547 384 2606 auxiliatoris
399 2563 476 2618 spem
492 2563 546 2607 non
561 2564 656 2620 parum
681 2551 810 2618 conlisus,
831 2565 925 2622 agrum
940 2551 1035 2607 borni·
1077 2551 1144 2608 illud
1159 2558 1281 2626 vocatus,
1302 2553 1395 2608 vertice
1410 2558 1557 2608 contumax
1571 2551 1735 2623 dedignatus
1748 2561 1799 2608 est.
1820 2554 1898 2607 Nunc

212 2637 315 2704 uicum,
335 2637 460 2708 quamvis
488 2638 573 2694 multo
595 2639 649 2708 jain
679 2653 712 2694 ex
745 2646 869 2709 tempore
897 2639 1037 2696 incuriosa
1078 2647 1168 2697 autern
1188 2641 1285 2696 mirum
1316 2642 1343 2696 in
1372 2641 1481 2696 modum
1508 2641 1602 2697 eadem
1622 2640 1668 2696 die
1695 2649 1722 2697 et
1750 2640 1818 2696 bora
1845 2654 1900 2711 qua

212 2724 448 2796 praedecessorum
481 2739 593 2784 suorum
627 2727 738 2798 pigritia
772 2728 895 2785 dumosis
924 2730 1036 2784 nimium
1078 2729 1351 2798 Romaejudicialiter
1371 2729 1513 2799 depositus
1531 2730 1617 2800 gradu
1637 2736 1670 2785 et
1692 2730 1853 2800 episcopatu
1872 2737 1901 2785 et

213 2815 421 2886 usurpationum
445 2815 625 2872 abusionibus
640 2817 790 2887 asperrime
814 2817 881 2872 satis
906 2816 1038 2873 lrutlean·
1080 2819 1266 2874 excommunis
1281 2817 1368 2874 lactus
1391 2824 1444 2886 est,
1469 2827 1535 2874 tunc
1560 2819 1619 2888 ipse
1642 2819 1730 2889 Spirae
1754 2832 1829 2875 more
1848 2833 1899 2874 suo

213 2909 278 2970 tem,
293 2916 345 2960 nee
359 2917 414 2962 non
430 2910 577 2960 veternosa
589 2903 694 2960 fructus
708 2904 898 2961 aeclesiastici
915 2905 1039 2974 ejulabili
1080 2906 1212 2962 deliciose
1228 2913 1392 2978 procuratus
1406 2907 1469 2963 ditm
1485 2921 1500 2962 a
1515 2919 1608 2962 mensa
1623 2909 1752 2978 resurgit,
1767 2921 1830 2964 rnox
1846 2915 1900 2962 tarn

214 2990 368 3051 obsolentia
382 2991 553 3049 luxurianter
567 3005 681 3063 prorsus
696 2993 886 3050 silvescentem
904 2991 954 3060 ¹⁸²,
979 2994 1038 3064 ipse
1080 2996 1238 3052 acutissimo
1253 2995 1358 3053 doloris
1372 2995 1479 3066 spiculo
1503 3002 1597 3066 guttur
1615 2997 1675 3065 ejus
1696 2995 1816 3052 letaliter
1830 3011 1901 3066 prae·

214 3087 304 3134 temen
323 3079 490 3136 authenticis
513 3079 656 3136 catholice
680 3087 708 3136 et
731 3082 891 3151 apostolicae
916 3071 1195 3152 animan-Giocamr,
1212 3098 1247 3140 ne
1266 3083 1366 3140 debinc
1390 3083 1441 3140 nisi
1467 3097 1579 3154 perraro
1602 3084 1716 3140 verbum
1738 3085 1845 3150 saltem,
1871 3099 1900 3140 ev

215 3166 349 3223 versionis
367 3167 509 3224 securibus
522 3167 574 3224 rite
589 3169 940 3240 attemptavitexpurgare;
957 3171 1037 3240 cnjus
1080 3171 1133 3228 boc
1148 3171 1182 3228 ad
1197 3185 1284 3242 usqne
1299 3185 1378 3228 mane
1397 3171 1453 3228 diei
1468 3173 1610 3242 sequentis
1622 3173 1668 3227 vix
1686 3171 1810 3242 prolerre
1824 3173 1900 3228 sulti·

214 3255 308 3326 spinas
323 3255 440 3314 tribulos
455 3262 483 3314 et
496 3257 599 3314 zizania
608 3257 860 3328 predecessoribus
874 3259 948 3316 illius
961 3259 1038 3316 iacil-
1079 3265 1164 3328 cenet,
1182 3267 1244 3330 post
1258 3259 1399 3317 meridiem
1410 3267 1498 3318 morte
1508 3261 1675 3317 amarissima
1690 3262 1724 3316 ab
1738 3262 1899 3332 episcopatu

215 3343 308 3401 limum
324 3347 380 3416 jam
395 3353 451 3402 tum
466 3360 517 3404 suo
533 3352 655 3418 tempore
669 3346 759 3404 iuerat
774 3362 835 3404 cum
858 3347 925 3405 lalsc
949 3349 1037 3405 disci·
1078 3349 1159 3404 simul
1174 3353 1202 3405 et
1216 3348 1270 3404 vita
1297 3349 1451 3419 periculose
1475 3351 1542 3406 satis
1565 3349 1746 3419 deponendus
1767 3349 1848 3421 (73);
1870 3359 1901 3406 ιιι

215 3431 310 3504 plinall
328 3432 430 3490 sensim
445 3433 594 3502 demetere,
616 3441 672 3491 tum
696 3435 806 3493 sarculo
825 3437 972 3494 doctrinali
997 3451 1039 3494 ra·
1079 3437 1106 3493 in
1121 3437 1175 3494 boc
1190 3437 1321 3494 miraculo
1341 3451 1373 3494 ea
1386 3439 1473 3494 virtus
1487 3438 1631 3496 verborum
1646 3440 1694 3495 Dei
1714 3447 1744 3495 ut
1758 3446 1785 3494 et
1799 3440 1901 3495 veritas

214 3521 316 3578 dicitus
330 3523 462 3580 exsarire.
479 3524 550 3594 Ergo
566 3522 675 3594 regulas
689 3531 846 3580 sanctorum
870 3517 978 3581 Patrem
991 3540 1039 3582 au·
1079 3527 1323 3596 comprobaretur:
1338 3528 1508 3598 Quoscumque
1517 3527 1689 3597 alligaveritis
1697 3543 1777 3600 super
1791 3533 1899 3596 terrum,

215 3609 352 3667 theuticas
371 3625 421 3681 per
439 3611 547 3683 singula
561 3624 634 3668 nuuc
654 3626 740 3683 usque
760 3613 877 3670 concilia
893 3613 945 3671 n'te
960 3628 1038 3671 cons·
1079 3613 1162 3684 lipoio
1176 3619 1251 3672 munt
1269 3615 1417 3672 etiocoelo.
1432 3617 1551 3672 -Eece
1568 3618 1624 3685 jam
1643 3618 1802 3688 evaginatus
1824 3617 1900 3673 Petri

216 3699 312 3756 titutas
326 3700 468 3770 proprium
483 3699 570 3757 robur
584 3701 722 3768 obtinere,
739 3707 798 3759 toto
808 3710 904 3758 saucio
919 3703 1038 3760 coneilio
1079 3705 1186 3774 gladius
1197 3705 1282 3775 judex
1297 3705 1431 3762 lrandium
1447 3705 1646 3763 scientissimus
1654 3713 1683 3763 et
1692 3707 1719 3762 in
1727 3707 1901 3764 adversarios

210 3786 353 3857 judcaute
369 3794 396 3844 et
415 3788 614 3851 concordante.
641 3790 793 3859 apostoliea
811 3792 975 3848 auctoritate
995 3792 1039 3848 lir-
1076 3793 1179 3851 zelotes
1194 3793 1410 3861 efficacissimus,
1422 3809 1477 3865 quo
1490 3796 1549 3866 ipse
1560 3795 1690 3851 ananiam
1706 3805 1734 3852 et
1754 3795 1899 3866 Sapbiram

216 3875 339 3930 missime
355 3875 496 3943 decrevit;
513 3883 541 3932 et
559 3878 582 3932 si
597 3877 660 3947 quis
678 3877 722 3934 bis
745 3884 892 3936 contumax
906 3880 1038 3952 relragari
1079 3881 1114 3937 de
1129 3883 1222 3951 precio
1237 3883 1294 3952 agri
1304 3881 1619 3954 fraudantesetspiritui
1630 3892 1725 3941 sancto
1736 3887 1903 3941 mentientes

216 3963 464 4034 praesumpseras
489 3964 619 4020 membris
644 3965 777 4024 aecclesiae
801 3969 914 4025 omnino
933 3969 1039 4026 alienus
1079 3971 1232 4028 mortaliter
1246 3973 1381 4043 attigerat,
1398 3986 1452 4043 quo
1472 3974 1616 4043 sunonem
1635 3988 1747 4045 qnoque
1765 3975 1904 4031 heresiar-

216 4050 262 4107 slt.
280 4051 384 4106 bebine
407 4059 509 4121 praeter
532 4060 633 4109 caetera
657 4056 735 4123 juxta
764 4055 817 4126 (70)
846 4058 1036 4114 auctoritatem
1079 4060 1157 4117 cham
1170 4061 1205 4116 de
1220 4059 1268 4117 illo
1283 4075 1333 4117 suo
1348 4062 1452 4118 caelesti
1472 4076 1588 4119 ascensu
1607 4063 1641 4119 ud
1658 4077 1744 4134 nsque
1759 4071 1847 4120 terras
1870 4065 1901 4120 in

216 4145 376 4196 sanctorum
388 4140 496 4196 Patrum
511 4141 539 4196 in
550 4140 645 4197 eadem
655 4143 762 4212 synodo
772 4147 935 4200 sententiam
949 4144 1036 4212 dedit,
1078 4156 1198 4220 quatuor
1211 4149 1310 4206 trustra
1327 4149 1357 4182 ¹⁸⁹
1371 4148 1593 4220 discerpentium,
1608 4161 1636 4208 et
1650 4153 1750 4210 dehine
1763 4154 1796 4210 ad
1813 4167 1902 4224 usque

217 4233 247 4284 ut
257 4228 285 4284 bi
295 4228 343 4298 qui
353 4242 404 4300 per
415 4229 603 4299 symoniacam
614 4230 743 4300 beresim,
759 4231 812 4290 boe
827 4243 868 4290 cst
881 4235 1037 4292 interventu
1078 4237 1183 4294 interos
1197 4244 1331 4309 perpetuo
1344 4238 1527 4295 damnandum
1543 4240 1692 4310 dejecerat,
1708 4255 1780 4298 nunc
1791 4250 1816 4298 et
1828 4257 1903 4298 sem-

216 4315 313 4388 precii,
326 4316 359 4372 ad
375 4316 494 4388 aliquem
510 4332 651 4376 sacrorum
666 4320 793 4378 ordinum
808 4322 922 4393 gradum
942 4324 983 4379 vel
1000 4322 1039 4380 ol·
1078 4340 1128 4397 per
1142 4326 1176 4382 ab
1191 4327 1319 4383 omnibus
1337 4329 1506 4398 symoniacis
1516 4333 1592 4385 tanto
1602 4329 1748 4386 sollicitius
1759 4330 1900 4399 timeatur,

216 4405 308 4463 delum
318 4407 439 4476 promoti
449 4406 636 4474 suut,nullum
647 4409 676 4465 in
686 4412 911 4468 sanctnaeclesia
922 4395 1183 4485 ulteriuquuanto
1199 4429 1254 4472 non
1270 4423 1310 4472 est
1325 4416 1495 4473 detensionis
1509 4417 1622 4489 clypeus
1642 4427 1743 4490 praeter
1766 4420 1901 4491 poniten-

216 4495 390 4552 minlstrandi
400 4495 490 4552 locutu
503 4495 633 4566 babeant,
645 4497 685 4553 illi
697 4513 819 4570 quoque,
835 4502 883 4570 qui
898 4502 1040 4559 aecclesias
1081 4503 1144 4559 tiam
1158 4504 1318 4575 perlectam,
1333 4519 1388 4575 quo
1402 4513 1455 4561 mm
1471 4506 1569 4578 longus
1593 4507 1771 4578 penetrabilis
1796 4515 1823 4565 et
1843 4509 1902 4564 ine·

216 4584 329 4642 datione
347 4585 473 4656 pecuniae
486 4586 613 4643 obtinent
625 4586 666 4644 vel
677 4588 977 4656 obtinuerint,omnino
993 4607 1039 4649 eas
1078 4593 1199 4650 vitabilis
1211 4593 1310 4650 vindex
1325 4609 1439 4666 usquam
1455 4602 1652 4666 praecaveatur.

216 4673 352 4732 andttant.
367 4675 425 4732 Nec
439 4675 572 4748 deinceps
590 4675 672 4733 alicui
691 4678 810 4735 vendere
825 4693 872 4736 eas
886 4687 933 4737 aut
947 4694 1038 4738 emere
1115 4682 1258 4740 praedictio
1284 4688 1375 4740 autem
1409 4689 1436 4739 et
1468 4685 1596 4743 omnibus
1623 4685 1707 4742 ferme
1739 4686 1901 4758 apostolieae

896 4852 1007 4910 lellAE
1035 4853 1218 4912 ladmones

253 4989 545 5052 “transmutemur
562 4991 621 5053 lies.
637 4991 801 5054 silvescente
818 4989 846 5052 2.
885 4993 916 5030 ¹⁸⁸
934 4997 1180 5057 excommunicatio
1198 4997 1226 5055 2.
1249 4999 1308 5057 tiss.
1349 4999 1379 5033 '⁸'
1397 5000 1498 5059 frustra
1517 5001 1545 5058 2.

1008 5142 1115 5199 NOTAE.

257 5275 311 5360 iili)
342 5279 426 5336 roera
457 5279 637 5338 auctoritatem
670 5307 705 5323 -
735 5279 826 5354 pepuli
860 5283 1039 5355 resipiscunt,
1119 5281 1268 5356 (ilicone.
1284 5285 1363 5344 Rom.
1380 5299 1411 5343 n.
1428 5287 1512 5345 llam.
1528 5293 1549 5344 ι.
1565 5287 1621 5356 llll,
1638 5301 1665 5360 p.
1681 5287 1745 5345 443.

221 5359 315 5416 paucis
329 5351 440 5407 mutatis
454 5356 483 5408 et
500 5353 624 5422 Gregorii
647 5365 724 5424 pape
748 5354 829 5423 epist.
854 5353 887 5409 ad
912 5357 1039 5412 Ottcnem
1119 5373 1171 5444 (ῃ)
1187 5375 1272 5432 ροῃο,
1286 5377 1366 5433 pom,
1382 5391 1412 5441 n,
1429 5375 1448 5433 ι,
1470 5376 1489 5434 p,

219 5421 914 5619 {luffeldtlffijtixffffdiiffeitffiuffiuffglssc·⁵1¹3st
931 5427 1039 5567 3¹³3&
1117 5462 1170 5530 (73)
1186 5467 1249 5521 ilaec
1268 5466 1364 5523 eadem
1383 5465 1467 5524 relert
1481 5466 1633 5525 Bertroldus
1654 5481 1751 5538 opusc.
1768 5483 1809 5538 nr,
1825 5481 1870 5539 cp.
1887 5469 1906 5522 5

219 5559 315 5618 eadem
330 5561 447 5632 epistola
477 5565 576 5636 egitur.
1081 5534 1114 5592 ³⁶
1130 5533 1286 5604 ᾹΙΙιῡῑῦιιῐι,
1304 5551 1331 5594 n·
1346 5537 1391 5594 22·
1458 5559 1473 5590 ·
