4034 6152
177 170 232 228 ⁹²⁷
715 190 881 248 munumr
901 190 1167 248 unucuaunusrs
1184 189 1317 250 cusnrct
1808 183 1866 240 οὔ

178 310 207 364 et
233 321 283 366 ros
300 309 330 368 ln
354 325 422 384 pace
440 313 571 376 diuturna
593 326 623 378 et
644 320 759 380 canate
781 322 863 381 solita
881 322 1170 386 felicitertonnibns
1183 324 1242 382 suis
1255 325 1421 398 expoliatum
1436 321 1866 383 bonisdistralrebant.0benst

178 395 286 468 vivatis,
301 413 413 473 operam
432 407 508 464 omni
522 407 594 466 dabo
608 411 763 470 conamine.
779 431 794 466 o
814 415 936 486 Cumque
955 413 1000 470 bis
1041 413 1224 484 imperatores
1251 415 1395 488 gentillum
1415 415 1450 472 de
1473 416 1529 472 beo
1547 425 1613 471 vero
1641 411 1756 470 omnino
1774 409 1866 482 ignari

177 487 305 546 arialdus
335 493 427 551 verbis
459 495 540 554 tinem
572 499 763 570 imposuisset,
797 511 825 562 et
857 505 1001 562 universos
1040 514 1097 558 non
1116 501 1197 559 talem
1216 504 1303 576 legem
1334 504 1393 562 suis
1416 501 1608 561 sacerdotibus
1632 499 1791 558 ediderunt.
1810 497 1868 556 sed

178 576 249 633 mala
264 582 404 648 praeterita
434 588 611 646 memorando
639 589 844 664 inflammasset,
872 594 1001 652 omnibus
1040 604 1139 650 novum
1155 593 1285 666 placitum
1304 607 1374 652 nova
1400 593 1478 652 dedit
1506 595 1656 664 praecepta,
1687 603 1752 662 qua
1774 587 1868 646 tubus

178 669 390 729 contacentibus
408 677 436 730 et
463 674 549 732 nichil
569 679 813 752 respondentibus,
838 683 917 755 qnasi
939 677 1001 755 gr'a-
1040 683 1132 739 Gaesar
1148 683 1192 740 vel
1210 685 1282 741 Nero
1301 688 1349 741 aut
1375 684 1547 752 ltaximinus,
1575 681 1600 738 sl
1626 680 1716 737 adbuc
1740 679 1868 736 viverent

178 753 297 814 vissimls
332 761 494 820 verberibus
529 764 627 825 luisset
663 770 790 841 attritus,
828 773 936 829 minans
972 777 1001 829 et
1040 771 1132 829 anino
1151 777 1180 830 et
1198 786 1326 845 corpore,
1355 785 1503 845 numquam
1528 769 1686 828 laudarent.
1709 768 1761 838 Qui
1780 767 1868 825 etiam

178 848 298 903 aestuans
312 851 340 904 et
358 847 521 910 insalutatus
544 857 669 915 recessit.
695 861 733 916 lia
756 865 919 932 tempestate
938 873 1000 918 oum
1041 861 1338 931 lierlembaldus,oun1
1366 862 1478 921 domum
1506 875 1562 941 non
1590 859 1706 916 baberet
1724 863 1779 914 um
1808 870 1868 912 am-

177 933 320 992 llnselmus
337 936 503 998 vicecomes
523 943 637 1003 Romam
651 949 786 1007 orationis
800 963 883 1008 causa
901 950 1000 1008 devote
1041 950 1124 1022 plan,
1144 955 1175 1008 ut
1203 964 1270 1010 suos
1296 952 1420 1025 recipere
1445 956 1549 1024 posset,
1578 949 1689 1007 domum
1716 945 1867 1019 palatinam

176 1021 235 1078 suis
252 1035 314 1079 cunr
333 1026 467 1086 militibus
488 1041 675 1106 properasset,
701 1043 729 1094 et
752 1039 812 1111 ipse
834 1039 869 1096 ab
889 1043 1001 1111 aposto-
1040 1053 1166 1112 magnam
1180 1055 1242 1098 cum
1257 1047 1335 1099 curte
1353 1040 1565 1112 admirabilique
1586 1036 1718 1097 viridario
1742 1039 1772 1092 et
1789 1033 1868 1092 dele-

176 1108 231 1168 lico
258 1111 413 1174 Alexandro
441 1118 477 1175 de
495 1126 569 1179 statu
588 1123 665 1182 urbis
682 1140 716 1185 ac
739 1128 846 1185 ordinis
869 1127 1000 1186 ecclesia·
1041 1127 1146 1198 stabili,
1162 1143 1224 1202 quae
1238 1134 1303 1188 ante
1316 1129 1461 1188 ecelesiam
1484 1129 1574 1186 sancti
1596 1125 1717 1194 Victqris
1739 1122 1777 1179 40
1794 1137 1868 1180 nuar-

175 1197 238 1255 sticl
257 1201 415 1262 sciscitatus
427 1213 510 1278 esset,
531 1214 695 1283 respondit:
718 1233 732 1268 ι
753 1218 830 1274 Enim
844 1231 860 1274 a
874 1221 999 1289 ternpore
1040 1220 1130 1288 tyrum
1149 1219 1318 1289 morabatur,
1342 1223 1373 1276 ut
1400 1231 1466 1276 suos
1484 1218 1623 1288 reciperet
1645 1213 1867 1280 consentientes,

175 1301 231 1358 qno
245 1291 345 1360 patalia
362 1301 456 1353 nostra
470 1298 499 1355 in
521 1301 631 1360 civitate
652 1304 786 1377 insonuit,
806 1308 933 1372 universa
957 1307 999 1364 di·
1040 1311 1071 1363 ut
1089 1306 1171 1364 etiam
1189 1321 1277 1379 equos
1295 1314 1325 1366 et
1346 1307 1435 1366 muas
1452 1305 1569 1376 foveret,
1589 1304 1738 1363 criminose
1753 1300 1865 1358 inmsit.

174 1376 237 1434 vina
256 1384 285 1436 et
311 1380 441 1454 bumana,
466 1387 548 1446 bellis
566 1391 715 1465 intestinis,
744 1397 850 1454 civibus
877 1398 950 1454 inter
967 1410 998 1454 se
1073 1394 1119 1450 22.
1134 1395 1201 1468 (21.)
1217 1397 1373 1456 laterculi*
1395 1397 1546 1469 aliquantis
1570 1392 1719 1453 transactis
1742 1391 1865 1459 diebus,

174 1464 321 1525 durissime
354 1472 556 1548 praeliantibus,
585 1485 612 1537 et
640 1483 833 1543 sacerdotibus
851 1485 927 1543 lalsis
945 1499 997 1543 oe·
1034 1485 1150 1555 iubente
1169 1491 1260 1544 tamen
1288 1488 1350 1558 ipso
1378 1485 1584 1555 lierlembaldo,
1614 1486 1809 1542 convenerunt
1836 1479 1866 1536 in

174 1553 332 1614 casicnibus
365 1560 512 1621 criminose
540 1568 704 1639 vituperatis
732 1573 804 1631 ultra
823 1575 944 1644 modum,
966 1578 997 1631 ut
1038 1575 1190 1633 secretario
1208 1574 1352 1648 utriusque
1374 1579 1461 1649 partis
1483 1576 1590 1635 ordinis
1608 1579 1715 1631 tantum
1733 1568 1866 1628 ecclesia·

171 1643 228 1713 lam
245 1643 301 1702 ulla
315 1659 370 1705 non
390 1651 426 1708 sit
444 1665 490 1710 res
509 1655 600 1714 ordini
619 1665 721 1718 nostrae
745 1662 872 1722 ecclesiae
895 1657 1101 1735 promi-Bstici
1116 1671 1251 1724 naturast
1269 1665 1385 1724 scienta
1400 1668 1529 1738 majores,
1545 1669 1683 1737 quatem
1705 1673 1792 1732 super
1811 1658 1865 1716 boo

173 1745 251 1803 seua,
267 1737 427 1796 conculcata
441 1747 516 1801 suut.
532 1763 547 1800 u
563 1747 612 1804 cui
625 1748 743 1808 domnus
756 1750 919 1822 Alexander,
935 1767 995 1809 rna·
1037 1756 1177 1826 negotium
1191 1755 1321 1828 capitulis
1340 1762 1368 1814 et
1382 1755 1529 1815 sententiis
1546 1755 1709 1812 alterutrum
1728 1750 1865 1808 nmaren

174 1821 227 1879 tris
239 1827 394 1884 reverentis
409 1834 498 1890 octus
513 1833 568 1892 alta
586 1841 615 1893 et
637 1838 719 1912 longa
743 1841 856 1898 imbens
876 1842 997 1913 suspiria
1036 1848 1093 1912 tur,
1108 1848 1136 1901 et
1149 1859 1331 1917 quaecumque
1345 1859 1410 1918 pars
1422 1845 1529 1902 ratione
1543 1844 1767 1908 convinceretur,
1781 1837 1864 1896 alieti

174 1910 232 1968 ait:
248 1927 265 1970 t
279 1915 506 1980 convertitlleus
524 1937 619 1984 eorum
638 1941 698 1998 cor,
722 1934 753 1986 ut
776 1931 889 1989 odirent
911 1945 998 2004 popu·
1036 1934 1183 2006 subjacens
1197 1934 1334 1993 obediret.
1355 1935 1396 1994 eb
1415 1947 1469 1992 una
1497 1937 1574 2004 parte
1598 1931 1748 1990 Guibertus
1774 1927 1864 1984 archi*

174 1998 231 2058 lum
245 2015 335 2074 suum,
351 2013 380 2064 et
398 2008 492 2068 dolum
514 2011 637 2073 iacerent
659 2017 688 2074 ln
713 2033 808 2078 servos
836 2021 906 2094 elus.
926 2023 998 2078 lna·
1037 2022 1172 2080 diaeonus
1185 2024 1330 2096 utriusque
1355 2024 1456 2097 lingue
1484 2021 1624 2095 magister,
1653 2026 1682 2077 et
1698 2017 1863 2077 Ambrosius

174 2089 266 2149 thema
291 2099 450 2156 maranatha
463 2101 501 2159 sit
519 2103 674 2176 damnatus,
701 2109 749 2181 qul
768 2110 898 2182 placitum
928 2109 996 2169 illud
1037 2111 1122 2170 ltillus
1133 2113 1180 2184 qui
1195 2119 1220 2170 et
1237 2112 1382 2182 diaconus,
1395 2119 1422 2172 et
1441 2112 1589 2170 ardericus
1603 2109 1651 2182 qui
1669 2113 1698 2166 et
1714 2107 1860 2174 baconus,

175 2178 241 2237 nint
256 2183 388 2244 lneboare
401 2187 476 2248 lecit.
497 2209 512 2246 n
534 2195 593 2253 lloc
615 2197 691 2256 dioto
713 2213 766 2257 uox
784 2200 910 2273 wadum
936 2201 997 2258 sine
1038 2203 1116 2274 ouius
1134 2216 1188 2260 vox
1200 2202 1275 2260 velut
1286 2204 1394 2260 sonitus
1417 2215 1549 2275 aquarum
1573 2199 1739 2266 multarum
1761 2195 1799 2254 de
1817 2195 1863 2253 de·

174 2281 293 2340 persona
306 2279 470 2348 respondit:
488 2299 503 2335 ι
518 2285 588 2354 Fiat,
604 2288 674 2357 Fiat,
694 2289 796 2346 Fiatu
1038 2291 1162 2348 cumanis
1175 2295 1267 2349 autem
1280 2291 1404 2350 Andreas
1426 2292 1567 2357 sacerdos,
1591 2291 1621 2346 in
1643 2287 1746 2346 divinis
1767 2294 1796 2343 et
1814 2284 1860 2342 bu·

208 2358 256 2415 21·
278 2361 351 2438 (20.)
365 2368 433 2425 cum
447 2370 479 2402 ⁸⁷¹
496 2371 558 2430 baec
577 2380 638 2432 acta
655 2375 782 2447 luissent,
803 2378 996 2438 lierlembaldo
1038 2380 1126 2438 manis
1151 2379 1254 2438 Grecis
1279 2386 1307 2439 et
1324 2381 1429 2438 Latinis
1450 2379 1625 2438 sermonibus
1645 2376 1733 2434 virilis
1757 2388 1807 2432 seu
1829 2372 1860 2406 ⁸¹⁸

174 2446 209 2504 de
223 2447 268 2506 bis
282 2454 411 2512 omnibus
424 2457 580 2531 ignorante,
596 2465 675 2535 quasi
694 2465 783 2524 bostis
805 2467 840 2524 ab
863 2468 932 2526 urbe
951 2483 997 2526 ex·
1037 2469 1166 2527 decorus.
1184 2469 1226 2526 nb
1244 2468 1331 2527 dura
1344 2482 1410 2528 vero
1433 2475 1512 2542 parte
1530 2467 1658 2526 arialdus
1683 2470 1712 2524 et
1739 2461 1861 2520 moul-

174 2534 262 2604 pulsis
277 2533 439 2614 cillianus,
455 2549 550 2620 populi
569 2557 648 2624 parte
671 2555 787 2612 maxima
810 2557 997 2628 pernimium
1037 2557 1081 2615 lus
1094 2563 1123 2615 et
1135 2557 1289 2630 aginulfus,
1305 2559 1353 2630 qul
1372 2558 1407 2616 de
1422 2557 1548 2631 partibus
1569 2555 1686 2614 diversis
1706 2553 1787 2610 urbis
1809 2564 1860 2610 no·

174 2638 237 2684 ⁰1¹¹ss
250 2627 313 2700 ¹9⁸⁰
333 2632 486 2705 urcitanae,
503 2651 612 2698 ornnem
638 2642 708 2701 iram
731 2657 896 2717 omnemque
916 2645 996 2704 luro-
1036 2647 1078 2703 vis
1092 2645 1210 2717 pedibus
1236 2653 1433 2705 convenerant.
1457 2647 1563 2716 Quibus
1580 2643 1808 2710 consedentibus,
1832 2647 1861 2698 nt

173 2729 231 2774 rens
245 2731 330 2792 supra
342 2725 512 2796 sacerdotes,
532 2736 564 2787 ut
583 2737 664 2790 autea
687 2748 835 2807 nunquam
858 2741 900 2794 est
918 2737 997 2794 audi·
1037 2735 1192 2793 rationibus
1205 2741 1234 2794 et
1252 2736 1418 2794 utilitatibus
1435 2737 1529 2808 quiete
1548 2735 1732 2807 disputarent,
1749 2730 1860 2803 malcri-

173 2809 242 2875 tuns,
270 2804 374 2868 furiose
401 2817 548 2874 convertit.
574 2821 682 2882 Etenim
708 2829 739 2881 ut
765 2826 815 2883 bel
842 2831 996 2883 mereretur
1037 2824 1089 2880 bus
1102 2823 1177 2881 laudi
1190 2823 1307 2883 iacultas
1320 2825 1384 2882 data
1399 2829 1450 2882 est.
1467 2825 1512 2882 ilii
1536 2829 1625 2882 auum
1651 2835 1713 2880 cnm
1737 2820 1787 2878 diu
1810 2833 1860 2892 per

172 2893 252 2963 inm,
268 2900 348 2969 cujus
362 2901 403 2959 ira
425 2905 504 2962 tarda
523 2913 565 2964 est
588 2916 617 2966 et
639 2913 695 2969 eito
719 2915 891 2986 propitiatio,
911 2914 996 2972 multa
1036 2914 1157 2985 apostoli
1178 2914 1255 2972 Pauli
1283 2920 1312 2973 et
1338 2928 1472 2974 mnenon
1502 2915 1712 2978 altercarentur,
1731 2909 1860 2968 auduus

172 2994 229 3038 non
243 2981 325 3042 tanda
348 3002 432 3060 super
454 2995 614 3056 sacerdotes
641 2999 772 3059 adversus
797 3002 937 3071 mulieres,
967 2984 1065 3061 etGet
1078 3004 1228 3063 bandellus
1242 3006 1412 3077 proclamare
1431 3009 1577 3077 coeperunt
1600 3003 1745 3062 dicentes:
1769 3019 1785 3055 ιι
1808 3003 1859 3058 ve·

173 3082 258 3140 super
280 3073 411 3134 mulieres
437 3080 570 3141 adversus
596 3088 756 3148 sacerdotes
774 3091 907 3150 exercuit.
928 3093 995 3150 (lunt
1035 3097 1096 3150 tera
1110 3095 1289 3166 transierunt,
1305 3099 1333 3153 et
1346 3095 1418 3153 lacta
1439 3099 1505 3152 sunt
1527 3093 1619 3152 omnia
1642 3105 1712 3149 nora
1731 3089 1780 3165 (ll
1797 3091 1857 3148 Gor.

173 3163 264 3216 anum
279 3175 406 3223 nummos
428 3175 475 3226 aut
497 3184 605 3244 aurum,
629 3178 765 3250 equibus
792 3180 906 3238 cottidie
930 3195 996 3240 suos
1036 3199 1063 3252 x,
1082 3183 1136 3252 17).
1151 3184 1230 3253 Quod
1244 3184 1310 3242 ollm
1329 3184 1359 3242 ln
1383 3184 1527 3256 primativa
1554 3181 1673 3240 eeclesia
1697 3180 1859 3253 apatribus

173 3248 310 3309 retinebat
320 3254 421 3325 justos,
435 3271 490 3316 non
505 3261 629 3333 baberet,
645 3267 736 3325 statim
752 3270 830 3340 qnasi
845 3271 996 3343 imperator
1035 3273 1139 3330 sanctis
1152 3286 1313 3332 concessum
1336 3276 1389 3342 est,
1411 3271 1495 3331 modo
1515 3272 1705 3330 indubitanter
1727 3269 1860 3341 probibe-

170 3335 260 3409 legem
273 3353 359 3412 super
375 3349 535 3406 sacerdotes
558 3366 609 3423 per
632 3355 745 3427 triginta
765 3358 891 3416 mittebat
908 3360 993 3428 viros,
1034 3368 1090 3420 tur.
1110 3365 1225 3422 Tantum
1238 3364 1336 3422 beatus
1349 3364 1480 3436 magister
1501 3366 1530 3421 et
1553 3363 1653 3420 docwr
1679 3359 1714 3394 ¹¹⁸
1740 3361 1858 3418 ambro·

172 3424 287 3484 dicens:
305 3430 365 3488 «Si
376 3435 507 3495 sacerdos
521 3444 569 3495 aut
583 3440 666 3499 levita
679 3458 742 3501 cum
754 3446 902 3505 duodecim
917 3450 995 3505 testi·
1034 3453 1102 3522 slus,
1118 3454 1197 3525 cujus
1215 3453 1341 3511 ordinem
1354 3457 1490 3522 wnemus,
1506 3466 1556 3510 vos
1579 3451 1710 3522 dampnet
1723 3455 1772 3507 ant
1785 3449 1858 3506 altir-

172 3513 224 3573 bus
241 3517 333 3576 verbis
347 3524 513 3596 evangelicis
527 3529 621 3600 iurare
646 3539 750 3603 posset,
771 3534 845 3608 quod
865 3535 994 3596 adiebus
1034 3545 1100 3598 met.
1117 3561 1131 3593 ι
1147 3543 1223 3599 Tunc
1240 3541 1386 3599 Guibertus
1413 3541 1627 3600 arcbidIaconus
1653 3539 1728 3599 iacto
1744 3539 1857 3598 silentio

171 3605 273 3675 quibus
304 3615 542 3674 enumerationem
575 3621 693 3692 accepit,
727 3637 788 3680 oum
817 3623 918 3683 femina
936 3640 993 3684 non
1033 3628 1113 3687 init:

171 3696 363 3769 concubuerit,
379 3700 450 3760 liber
472 3715 650 3779 permaneat;
675 3711 839 3784 sinautem,
865 3715 899 3771 ab
918 3716 993 3774 omni
1034 3718 1128 3792 incipit
1141 3718 1271 3776 'flassano
1286 3717 1405 3778 (indoti
1422 3719 1548 3776 odom
1570 3716 1711 3776 Arium
1732 3721 1759 3775 et
1781 3719 1856 3776 lan·

170 3783 324 3844 substantia
348 3803 430 3861 ιιιιιιιι
452 3793 537 3852 babet
559 3798 691 3868 privetur.
710 3801 764 3859 liti
783 3817 850 3861 vero
872 3802 906 3838 ⁸¹⁸
920 3806 993 3863 intra
1386 3805 1495 3878 dutum.

171 3870 268 3930 urbem
285 3883 314 3931 et
332 3875 400 3934 loris
412 3879 525 3952 palatini
540 3898 632 3954 cacas,
649 3886 732 3946 libula
754 3890 867 3950 dimissa
889 3897 918 3950 et
941 3908 992 3951 acu
1068 3895 1104 3952 2³
1121 3895 1193 3970 (22.)
1211 3915 1227 3950 ιι
1240 3897 1366 3954 Sancum
1381 3891 1541 3953 Trinitatem
1556 3900 1585 3953 et
1598 3896 1736 3953 llnitatem
1751 3893 1802 3952 bel
1825 3907 1857 3950 ac

171 3961 327 4034 ceterisque
341 3969 461 4040 negotiis
479 3985 494 4028 e
512 3974 613 4044 quibus
626 3977 681 4034 ulta
699 3979 809 4039 illorum
834 3983 992 4041 redinebs·
1033 3985 1141 4043 bomini
1155 3986 1243 4043 nostri
1261 3988 1326 4043 lesu
1349 3984 1461 4054 Gbrlstl,
1490 3983 1589 4043 iratres
1608 3983 1755 4051 karissimi,
1783 3995 1857 4040 nuno

171 4055 226 4118 tur,
242 4051 411 4114 decoloratis
425 4058 564 4132 dentibus,
594 4077 703 4124 necnon
726 4070 849 4140 asinarii,
874 4086 992 4144 quorum
1033 4075 1118 4132 corde
1131 4079 1160 4132 et
1177 4075 1269 4133 animo
1283 4075 1443 4133 invocantes
1461 4075 1642 4146 deprecemur
1656 4078 1687 4130 ut
1699 4073 1763 4144 lpso
1774 4071 1856 4129 anxi·

170 4137 225 4195 vlta
239 4141 406 4212 turpissimis
420 4148 510 4206 trullis
528 4152 669 4211 uiuorum
681 4158 796 4216 cottidie
816 4159 992 4232 fulciebatur,
1032 4163 1128 4232 llanto,
1142 4164 1271 4222 omnibus
1293 4165 1407 4221 remotis
1424 4163 1663 4236 indignationibus
1676 4175 1710 4219 ac
1723 4161 1776 4231 ira,
1792 4175 1856 4234 quae

169 4227 271 4298 quibus
287 4232 392 4291 Patalla
409 4236 491 4296 vitam
509 4241 589 4299 malis
602 4243 708 4302 artibus
725 4247 909 4320 ministrabat,
934 4265 992 4308 mu·
1030 4254 1120 4324 justos
1134 4254 1216 4310 etiam
1244 4252 1409 4312 criminosos
1426 4251 1502 4321 lacit,
1526 4267 1589 4324 qua
1610 4249 1857 4310 bedtueationibus

168 4315 268 4376 llerum
282 4330 443 4384 ornamenta
466 4329 592 4390 clanculo
620 4333 649 4390 in
668 4341 750 4393 nocte
778 4352 829 4410 per
855 4314 1088 4399 fenestrasDtam
1102 4342 1253 4399 animarum
1267 4357 1349 4414 quam
1364 4356 1523 4414 corporum,
1550 4341 1673 4414 pandere
1699 4354 1762 4398 cum
1787 4353 1856 4412 pace

168 4405 197 4462 ln
212 4406 341 4469 domidus
359 4416 533 4477 sacerdotum
548 4421 617 4492 ipsls
643 4423 836 4496 ignorantibus
863 4428 991 4488 immitte-
1032 4435 1060 4488 et
1073 4431 1187 4488 cariute
1202 4432 1348 4504 possimus,
1364 4431 1400 4489 dc
1423 4445 1478 4504 qna
1501 4431 1614 4502 sapiens
1640 4430 1742 4488 doctor
1771 4428 1855 4502 (12¹3)

169 4496 244 4555 baut.
259 4502 318 4569 Quo
332 4503 416 4576 iacto,
435 4522 497 4566 oum
516 4511 636 4570 stridore
655 4529 808 4588 magnaque
822 4519 902 4576 ruins
916 4521 992 4592 ipso·
1031 4521 1117 4579 dixit:
1137 4539 1151 4574 ιι
1165 4521 1291 4590 Quidue
1311 4521 1427 4579 karitate
1449 4521 1565 4578 virtutes
1588 4525 1749 4592 congregat,
1773 4519 1855 4592 qnasi

168 4601 228 4645 rum
250 4588 325 4650 iores
353 4603 565 4669 prorumpentes
592 4603 702 4675 magnis
717 4603 861 4663 latratibus
887 4609 990 4667 insilie-
1030 4617 1141 4669 ventum
1155 4611 1184 4666 in
1199 4610 1338 4683 pulverem
1354 4615 1455 4683 portat.
1472 4627 1487 4664 n
1507 4609 1585 4668 Unde
1603 4608 1773 4682 apostolus:
1791 4625 1807 4660 ιι
1826 4607 1854 4664 Si

168 4677 245 4747 bant,
265 4686 293 4737 et
310 4684 480 4756 accipientes
497 4704 559 4762 quae
587 4691 767 4760 immiserant,
796 4697 888 4756 verbis
906 4701 989 4758 terri·
1030 4699 1197 4758 distribuero
1216 4698 1361 4757 facultates
1381 4712 1478 4756 omnes
1492 4713 1566 4757 meas
1589 4697 1619 4754 ln
1642 4697 1721 4754 cibos
1745 4709 1853 4767 paupe·

166 4765 308 4828 bilisslmls
321 4771 488 4835 affirmantes
511 4779 653 4839 mulierem
672 4785 873 4856 condormisse,
897 4803 990 4848 sacer-
1031 4803 1101 4859 rum,
1117 4795 1145 4847 et
1162 4788 1303 4846 tradidero
1317 4800 1419 4859 corpus
1442 4800 1532 4845 meum
1547 4787 1585 4846 lta
1600 4791 1630 4844 ut
1643 4785 1766 4854 mdeam,
1783 4783 1853 4841 tari·

167 4852 260 4916 dotem
293 4863 403 4922 nemine
434 4866 600 4929 defendente
629 4871 719 4945 ipsum
756 4873 919 4936 distractum
955 4873 1003 4936 ab
1030 4883 1114 4936 tatem
1128 4884 1219 4936 autem
1233 4875 1682 4948 nonbabeam,lactussunvelut
1696 4888 1736 4933 aa
1749 4885 1854 4932 sonans

854 5002 966 5060 VARIAE
984 5003 1177 5066 unctiones

203 5077 236 5112 ”¹
251 5081 371 5142 reulus:
386 5087 424 5146 be
437 5087 532 5149 lurore
551 5093 737 5153 lierlembaldl
751 5109 836 5168 super
854 5099 1022 5157 sacerdotes.
1060 5100 1094 5134 ⁸¹³
1106 5102 1140 5158 Et
1162 5101 1209 5158 alii
1227 5101 1258 5158 ll.
1295 5097 1328 5133 ⁸¹⁸
1354 5097 1473 5158 litulw
1492 5100 1551 5157 luc.
1572 5098 1608 5156 de
1633 5097 1766 5158 condictu
1789 5113 1849 5172 par

167 5148 236 5208 dum
255 5159 443 5238 utramnque,
457 5176 523 5236 rege
538 5165 691 5270 imperante
707 5168 912 5228 lierlembaldo.
927 5171 973 5229 at
993 5173 1032 5230 be
1047 5171 1235 5244 disputatione
1248 5172 1393 5244 utriusque
1415 5169 1502 5243 partis
1524 5184 1558 5229 ex
1578 5170 1737 5230 mamonis
1760 5183 1849 5230 sacra

168 5233 531 5298 rumscrrpturarum.rell.
567 5237 578 5271 ¹
613 5239 716 5298 arveii.
753 5239 786 5274 ”⁸
799 5255 837 5300 m.
852 5247 881 5302 ct
899 5242 929 5300 d.
944 5243 1046 5302 desum
1060 5245 1092 5302 lt.
1128 5243 1302 5302 'incenit

947 5367 1056 5424 NOTAE.

204 5440 285 5518 (1²³)
300 5449 458 5524 Gregorius,
473 5469 595 5529 usupra
613 5461 635 5528 l,
650 5458 677 5516 3.
