4108 6164
196 325 251 382 ³55
686 318 875 376 nnntdotnt
894 285 1102 381 mussitent
1120 320 1400 380 coustnuutsltsts
1830 311 1885 368 ὅθ

192 449 290 522 y'caric
313 446 480 521 proditionis
497 445 524 502 ln
540 457 631 516 regem
652 456 715 500 reus
729 456 744 498 a
758 441 923 513 quibusdam
940 447 1057 506 acen-n
1409 461 1535 518 yuxxu,

195 538 320 606 sabatur,
337 543 366 595 et
380 543 410 594 ut
432 550 463 592 se
486 533 580 592 duello
603 537 768 604 expurgaret
791 531 869 588 loeus
888 533 914 590 ei
928 547 943 589 a
958 547 1023 606 rege
1099 521 1156 626 ,ἐκ
1174 571 1263 627 name
1282 567 1390 626 Domini
1402 605 1576 624 ·········
1587 564 1618 596 n·
1637 569 1665 620 02
1680 577 1747 636 pm
1763 561 1821 618 ,pm
1835 561 1886 632 yps.

198 628 327 685 dimili·
347 625 432 727 ‚0⁰⁰⁶
455 625 519 726 dum
538 621 629 680 fame
648 620 745 722 ⁰⁰¹¹⁶²3
761 619 826 678 ΜΠ*
849 621 1023 722 ⁰⁰⁰³⁵i⁰¹¹ffm
1063 659 1178 731 penicis
1205 657 1330 715 bellorum
1357 655 1407 713 sibi
1433 653 1589 712 rebellantes
1615 653 1758 726 supercvit.
1792 652 1887 707 Petnvs

197 716 356 816 rebellam*
373 717 513 816 '⁸u⁸⁰⁰⁹¹t3
528 715 553 768 α
577 724 638 810 ⁰¹{m
660 723 705 809 9⁰,
717 709 797 765 ⁸¹¹¹¹¹¹¹
821 711 936 779 mom
951 709 1023 813 ‚mm
1064 749 1188 804 Domiorn'
1198 748 1252 820 pie
1265 741 1395 803 memorie
1409 742 1553 801 cardinalis
1567 737 1886 814 mesopentecostes

199 806 303 864 ottones
317 805 392 861 duem
406 803 536 860 succure
550 796 728 871 npmbnrclrs.
745 798 792 854 Set
804 811 855 854 ree
869 799 1025 870 aaaron
1064 836 1158 892 mmo
1178 835 1328 906 mm,
1344 835 1360 887 7
1374 831 1439 891 Kal·
1455 835 1538 890 Man,
1557 829 1617 902 (53)
1638 825 1760 899 ‚ny-We,
1778 827 1814 884 ag
1828 829 1887 883 po.

199 896 320 996 ΘΗΜ
334 908 391 950 Μ
406 891 518 962 mim
533 887 570 991 ⁰4
586 888 922 989 ⁸⁰m⁰fi⁰mm.v⁰⁶.⁰m⁸
944 887 1024 990 ”Q
1065 925 1169 982 minum.
1190 925 1239 982 Cui
1252 925 1360 980 domnvs
1379 919 1510 980 deroldus
1528 918 1716 976 cluniacensis
1733 916 1886 982 menuctus,

200 999 299 1052 vemre,
314 983 411 1040 diecto
426 985 449 1036 et
465 985 574 1036 caetsrts
597 977 740 1035 beneflciis
760 981 885 1049 prevent.
902 1007 937 1018 —
951 979 1025 1034 baet-

203 1087 295 1130 marus
306 1070 395 1128 Curiae
410 1070 557 1140 episcopus
570 1067 650 1134 obiit,
661 1067 705 1123 cul
716 1065 861 1122 lleinrieus
875 1065 1026 1122 monachus

203 1161 348 1234 tudensis
361 1159 504 1216 successit.
519 1187 555 1198 —-
569 1153 768 1225 itepivvrocrdas
782 1153 856 1224 ragis
868 1161 1025 1211 exacturam

206 1257 234 1307 st
247 1253 385 1320 praecepta
399 1253 427 1304 et
443 1245 554 1304 servitia
573 1244 628 1316 patl
641 1242 751 1310 nolens,
767 1247 858 1315 sponte
870 1243 1027 1313 topemen

204 1339 337 1396 abbatiam
350 1337 457 1394 ιιιιιιιιιι.
473 1365 508 1378 -
523 1336 630 1406 uievpe
643 1338 750 1389 ventoso
760 1325 789 1388 'et
800 1331 935 1404 pluvialis.

559 1423 673 1479 utxxt.

1064 1015 1174 1072 scientie
1195 1016 1385 1086 seripturarum
1406 1012 1517 1081 insignis
1531 1015 1555 1066 rt
1569 1008 1683 1065 nomios
1700 1006 1888 1079 predecessori

1065 1120 1112 1161 svo
1126 1119 1178 1160 non
1198 1107 1294 1176 impar,
1310 1105 1338 1158 in
1365 1103 1543 1172 manoperam
1570 1097 1703 1154 successit.
1729 1094 1888 1152 Adclbevtas

1065 1193 1213 1249 Bremsnsis
1227 1191 1435 1263 archiepiscopus
1449 1189 1522 1244 odiit.
1538 1187 1587 1245 Cui
1601 1188 1738 1242 Licrncvus
1751 1183 1886 1239 secessu.

1102 1284 1160 1337 lies
1186 1279 1269 1336 nvito
1286 1279 1336 1336 sibi
1358 1279 1531 1336 munitissimo
1553 1273 1660 1332 caselle
1684 1273 1829 1330 construxit
1861 1273 1890 1327 in

1063 1370 1185 1443 portibus
1208 1369 1337 1427 Senoniae
1359 1373 1384 1424 et
1409 1359 1607 1436 tbomnpin'er
1630 1363 1724 1436 plures
1737 1361 1787 1419 sibi
1801 1361 1888 1418 nuni·

1067 1459 1149 1515 tiones
1171 1458 1265 1529 injuste
1284 1456 1429 1529 usurpavit,
1444 1456 1513 1511 unde
1530 1453 1667 1511 crudorum
1681 1454 1782 1508 caimos
1797 1455 1889 1506 sonan

1067 1565 1096 1606 se
1109 1549 1243 1606 enatavit.

1104 1639 1152 1694 llis
1166 1637 1248 1696 etiam
1267 1635 1365 1692 diebus
1379 1633 1591 1692 mediolanensis
1612 1630 1737 1689 aecclesia
1756 1629 1889 1702 episeopo

1069 1727 1220 1784 decedente
1235 1724 1402 1796 aliquamdiu
1417 1729 1502 1780 vacat.
1516 1723 1564 1779 Cui
1576 1722 1686 1794 quidam
1701 1720 1816 1776 maxima
1827 1719 1890 1775 data

1069 1815 1185 1889 pecnnia
1208 1815 1266 1888 regi
1290 1819 1317 1870 et
1343 1813 1402 1869 suis
1422 1811 1598 1878 consiliariis,
1614 1809 1759 1867 successit.
1775 1809 1891 1876 Quema

1067 1920 1137 1978 papa
1169 1903 1433 1962 excommunicatum
1466 1915 1515 1958 rex
1547 1911 1710 1956 consecrare
1744 1895 1889 1968 praecepit.

1067 1995 1163 2052 clerus
1177 2001 1267 2050 autem
1282 1992 1365 2049 alium
1384 1991 1437 2048 sibi
1457 1989 1586 2047 idoneum
1601 1987 1731 2060 elegerat,
1748 1984 1795 2057 cui
1807 1983 1837 2016 ¹⁸'
1856 1983 1890 2040 ab

1068 2083 1116 2140 illc
1131 2088 1260 2140 coactura
1272 2079 1453 2152 jurisjurandi
1468 2077 1599 2149 expulsus
1614 2076 1716 2134 dicitur
1728 2073 1793 2146 (64).

242 1519 300 1574 llex
314 1515 433 1573 namlem
447 1512 585 1570 bomini..
600 1553 606 1568 .
620 1554 627 1568 .
639 1511 670 1544 ¹⁸³
684 1509 750 1582 egit.
765 1539 802 1552 —
821 1507 960 1580 Weliduc
975 1509 1028 1565 Bc·

201 1607 298 1678 locuta
320 1605 441 1676 allicitur.
464 1633 501 1644 -
524 1601 663 1658 Hannone
685 1614 735 1656 ree
758 1597 852 1656 nullm
877 1598 989 1654 medios
1012 1611 1028 1653 a

205 1693 359 1752 saxonibus
371 1707 477 1764 pmcne
487 1689 599 1746 viriliter
612 1703 699 1746 ennea
714 1687 844 1744 transuit.
854 1715 891 1728 -·
901 1687 960 1744 Otto
971 1686 1029 1756 jove

205 1783 301 1840 toton
314 1780 371 1838 duc
383 1780 528 1852 Bay'ocrie,
544 1793 602 1836 eun
614 1778 694 1834 sociis
707 1777 762 1834 sais
775 1777 803 1832 in
815 1779 962 1850 pentecoste
970 1775 1060 1845 rents

204 1871 241 1928 cd
254 1870 410 1928 deditionem
428 1869 506 1926 venit.
523 1897 558 1908 -
577 1865 789 1934 licrlomannoa,
808 1865 1027 1922 constantiensis

203 1958 250 2016 ille
274 1959 426 2030 appositus,
451 1973 486 2013 es
508 1959 637 2028 presepio
662 1953 812 2012 limanici
836 1968 915 2026 pope
938 1951 1026 2010 labdo

201 2047 367 2118 unamines·
385 2045 494 2104 coneilio
509 2045 565 2115 (61)
585 2044 756 2102 acancnlcis
771 2043 1027 2101 constantiensibus

201 2143 361 2195 constanter
379 2138 416 2194 cb
437 2135 597 2207 predictam
623 2133 751 2192 heresim
771 2137 799 2190 et
819 2138 860 2189 tct
882 2131 1027 2203 sacrilegio

203 2232 369 2297 perpetrata,
386 2240 437 2297 per
454 2225 642 2282 accusatorias
661 2223 767 2280 litteras
785 2223 896 2292 abjecta
913 2221 965 2288 illi,
981 2235 1028 2292 sy·
1409 2204 1548 2261 MLXXlll·

203 2314 341 2371 nodaliter
360 2315 512 2380 convictus,
530 2319 626 2384 utpote
640 2313 688 2384 qni
707 2318 804 2374 contra
824 2309 1028 2368 aecclesiasticae
1105 2313 1163 2369 ilex
1181 2310 1271 2368 natale
1289 2311 1397 2367 bomini
1410 2349 1603 2368 ..........
1618 2307 1649 2340 ¹⁸⁸
1673 2303 1816 2376 llcvdolfrvs
1836 2303 1895 2359 dos

202 2403 306 2476 regule
321 2404 495 2474 disciplinam
514 2402 604 2474 egisse
623 2415 724 2472 negare
739 2413 795 2457 non
814 2399 916 2470 potuit,
932 2399 1030 2456 eccle·
1069 2402 1243 2468 Αιεηιιιιιιιιιι,
1268 2407 1293 2457 et
1316 2399 1473 2459 Bertlvcldas
1496 2399 1552 2455 due
1574 2396 1753 2461 ceremoniae,
1768 2397 1794 2450 el
1823 2393 1900 2464 Weli

203 2492 271 2550 siam
296 2493 405 2550 scillcet
428 2505 478 2564 pes
500 2490 624 2562 precium
648 2490 776 2559 adonius,
796 2489 831 2545 de
855 2488 932 2555 ⁸0⁶0.
949 2501 1030 2559 uuam
1071 2493 1127 2548 dcc
1139 2491 1274 2564 ch'oorin
1292 2505 1384 2560 crepe
1400 2490 1583 2556 discesserunt,
1599 2488 1661 2558 pvin
1680 2484 1740 2542 nliis
1757 2483 1895 2540 salutac-

203 2581 361 2651 symoniace
376 2580 485 2646 lnvastt,
502 2578 633 2636 contusus
648 2577 848 2656 abjiciebatur3
869 2589 924 2632 non
939 2583 1030 2632 umen
1071 2580 1188 2638 mntem
1212 2578 1380 2642 comitarier,
1396 2593 1470 2634 annm
1493 2574 1628 2632 neminen
1647 2574 1718 2647 apae
1734 2587 1821 2641 repen
1841 2585 1893 2628 non

95 2671 98 2678 “
203 2667 324 2738 publica,
341 2673 371 2726 ut
386 2673 539 2739 oporteret,
555 2667 740 2737 depositione.
752 2667 810 2722 Rex
825 2666 931 2736 qnippe
945 2677 1032 2737 quan·
1070 2676 1158 2726 acere
1170 2671 1370 2742 perspexerant.

204 2763 261 2814 tum
276 2757 392 2814 maxime
407 2761 527 2828 poterat,
547 2756 600 2828 ipsi
619 2754 746 2824 favebat,
771 2755 815 2812 eui
831 2755 913 2811 etiam
926 2755 1030 2826 virgam
1110 2758 1283 2814 Theodericus
1311 2771 1395 2812 eone
1406 2754 1559 2828 perinde
1582 2754 1674 2810 dcctrc
1698 2766 1748 2824 pro
1775 2751 1895 2821 foenore

203 2844 390 2917 episcopalem
406 2859 461 2902 non
477 2845 505 2902 in
524 2845 645 2904 concilio
665 2843 803 2915 synodali,
819 2849 862 2900 set
881 2843 908 2898 in
924 2855 1031 2898 camera
1071 2847 1140 2919 qnod
1158 2847 1186 2902 in
1208 2845 1312 2901 lectum
1333 2842 1515 2902 Olovnrndvn
1540 2840 1733 2898 trevirensibus
1754 2839 1894 2912 proesoen

203 2948 262 3002 sua,
274 2935 365 2993 adbuc
378 2934 464 2993 ccrde
479 2934 608 2991 indumtc
624 2933 736 2990 rebellis
750 2939 778 2989 et
789 2933 891 2989 inritus
906 2931 1032 2988 reddide
1072 2934 1221 3006 deputatum
1235 2933 1371 3000 somniat
1386 2930 1447 2988 licet
1460 2930 1541 2987 nuic
1558 2929 1676 3003 perieslc
1689 2929 1833 2994 obstarent,
1849 2943 1896 2985 cr·

204 3029 257 3079 rat.
282 3024 352 3080 Etsi
368 3022 524 3094 huiusmodi
544 3022 682 3078 sententia
701 3021 822 3079 nondum
838 3026 1032 3078 consecratum
1073 3021 1143 3078 denti
1157 3021 1311 3093 tonsu-ilde
1329 3035 1386 3077 mos
1404 3018 1491 3076 ιιιιιιιιι
1510 3019 1571 3077 clia
1588 3017 1734 3077 tentantem
1748 3018 1823 3090 eoepit
1843 3019 1892 3073 ire.

205 3116 348 3182 exspectat
366 3113 394 3168 et
412 3111 569 3166 damnatum
581 3109 623 3176 ¹⁸⁵,
639 3109 705 3179 quid
721 3109 776 3165 erit
789 3109 824 3166 de
839 3110 1008 3165 consecratis
1019 3111 1062 3172 it}
1073 3111 1124 3180 Qui
1139 3125 1196 3167 evm
1214 3110 1352 3166 Laodiciae
1366 3123 1439 3166 mure
1459 3107 1564 3178 munio
1578 3109 1712 3180 cepissent
1726 3107 1836 3172 intrare,
1851 3121 1896 3160 sv-

206 3205 235 3256 et
249 3199 273 3254 si
289 3197 343 3254 bcc
357 3196 392 3253 de
407 3196 636 3268 episcopisque
652 3197 744 3254 tletds
764 3197 946 3268 presbiteris?
962 3200 1031 3254 dece
1072 3199 1127 3255 tun
1154 3203 1305 3270 tenpestate
1327 3198 1502 3264 circumventi,
1522 3197 1661 3268 sintimpve
1685 3193 1854 3252 obtenebrato
1865 3193 1896 3226 ¹⁸⁰

205 3290 395 3358 argumentum
410 3285 593 3357 depositionis
607 3300 624 3342 a
638 3287 735 3356 mainel
749 3285 784 3342 ad
799 3286 899 3342 minus.
923 3289 955 3344 Et
970 3301 1031 3343 eum
1073 3289 1116 3345 die
1127 3303 1176 3360 coo
1190 3290 1258 3344 irent
1272 3287 1376 3354 incerti
1387 3291 1451 3357 post
1462 3285 1638 3357 quatriduum
1650 3284 1679 3318 ἰι
1694 3284 1815 3355 procella
1825 3297 1895 3340 sern-

202 3377 281 3448 iaata
301 3379 440 3447 praecepta
465 3379 623 3432 sanctorum
647 3377 757 3431 Patrum
780 3374 848 3430 nulli
869 3375 1032 3432 clericorum
1074 3391 1124 3448 per
1142 3377 1239 3434 eodem
1259 3381 1335 3434 motu
1358 3376 1447 3432 nasim
1465 3379 1676 3445 conquassante,
1693 3381 1774 3430 nocte
1798 3373 1897 3430 celesti

205 3465 246 3524 las
260 3466 297 3522 sit
311 3465 439 3538 ignorare
454 3469 556 3521 statuta
574 3476 721 3532 mannum,
732 3463 768 3520 de
780 3463 873 3520 multis
883 3477 967 3520 unum
980 3464 1033 3522 boc
1074 3465 1168 3522 tuncne
1181 3467 1214 3522 ad
1230 3479 1260 3521 se
1275 3463 1460 3521 descendente
1474 3465 1570 3536 sepina
1583 3461 1775 3519 rambrectus.
1796 3461 1897 3518 bando

205 3555 289 3612 breve
305 3569 339 3612 ex
353 3555 473 3612 decretis
487 3554 576 3610 sancti
595 3553 700 3610 Nicolal
718 3567 796 3624 papae
809 3553 960 3624 capitulum
977 3567 1033 3611 me·
1073 3570 1126 3610 non
1143 3553 1201 3624 y'cn
1215 3558 1323 3609 vncrtem
1341 3554 1368 3608 in
1390 3552 1514 3625 perieulis
1529 3553 1655 3620 ineam,
1670 3557 1708 3608 set
1722 3553 1801 3608 vion
1815 3557 1895 3608 etev-

206 3645 303 3702 morlae
317 3657 374 3702 non
399 3643 491 3715 pigeat
514 3642 729 3700 commendare:
748 3641 946 3714 «Quicumque
970 3657 1034 3714 pre·
1073 3659 1134 3700 nam
1159 3643 1380 3715 mensurantes,
1409 3643 1519 3700 omnnia
1544 3642 1663 3714 paudus
1690 3659 1708 3696 e
1728 3647 1896 3714 peecatorum

208 3733 296 3791 sblter
315 3747 365 3805 per
379 3733 502 3804 precium
526 3732 678 3790 aecclesiam
698 3729 781 3788 inerit
799 3731 926 3803 adeptus,
941 3734 1033 3789 omni·
1073 3733 1206 3788 emundati
1227 3731 1366 3799 sordidos,
1399 3731 1430 3784 13
1451 3730 1515 3788 [inl.
1540 3731 1633 3788 Martii
1660 3731 1850 3801 maecenates
1866 3730 1894 3761 ¹⁸¹

209 3822 299 3880 modis
326 3821 505 3892 deponatur,
539 3822 669 3892 qnoniam
702 3827 798 3877 contra
830 3820 1034 3880 aecclesiasticae
1074 3822 1250 3892 minaverunt
1267 3821 1302 3876 od
1322 3821 1467 3890 Dominum,
1486 3819 1658 3877 Theodericus
1681 3833 1775 3888 cortes,
1796 3819 1898 3876 Wilde-

208 3910 311 3982 regule
321 3909 495 3979 disciplinam
510 3909 665 3968 dinoscitur
675 3909 774 3980 egisse.
787 3910 838 3978 Qui
849 3916 940 3968 autem
950 3910 1034 3968 aliam
1073 3909 1144 3979 rold,
1160 3909 1338 3977 Marsicam,
1354 3915 1378 3966 et
1392 3925 1449 3966 evm
1464 3910 1517 3967 illis
1531 3922 1646 3967 nurnero
1665 3909 1723 3966 113.

209 3997 394 4068 presbiterum
423 3996 544 4068 legitime
567 3997 602 4054 ad
628 3999 780 4055 ecelesiam
805 3998 961 4055 ordinatum
985 4013 1035 4069 per
1111 3999 1286 4054 lierimcvnos
1308 3999 1438 4066 vtorslvio,
1467 3999 1537 4071 iltius
1561 4000 1635 4056 dosis
1657 3997 1805 4064 bertholdi,
1831 3997 1899 4055 cdo-

210 4087 355 4156 pecuniam
369 4085 517 4156 expulerit,
533 4099 648 4158 eamque
662 4087 716 4143 sibi
732 4087 824 4143 taliter
837 4087 1033 4154 vendicaverit,
1075 4085 1174 4143 laceras
1193 4087 1278 4143 odias
1292 4086 1326 4144 ad
1347 4088 1523 4158 evangelican
1543 4090 1599 4158 lam
1613 4088 1731 4146 tendens
1753 4087 1900 4160 perfectio-

209 4173 285 4244 quod
300 4173 395 4230 vitium
419 4173 489 4230 male
503 4173 631 4232 diffusum
646 4188 752 4232 summo
777 4175 870 4232 audio
889 4177 1035 4233 emendan·
1075 4189 1149 4242 nem,
1165 4189 1226 4232 eum
1241 4175 1298 4247 (65)
1313 4181 1436 4232 ceoreet
1453 4175 1507 4248 tilio
1523 4178 1607 4244 asico,
1626 4177 1743 4234 ovantius
1759 4191 1816 4248 cve
1834 4191 1900 4248 pos·

209 4263 275 4320 dum
289 4267 341 4319 est.
358 4279 373 4316 v
392 4265 457 4320 Otto
480 4262 653 4320 Gcslarensis
676 4263 827 4320 eanonicus
851 4264 1034 4321 liarlcmanno
1075 4265 1181 4322 sedent
1194 4262 1302 4332 relistis,
1318 4264 1418 4320 Christl
1433 4269 1545 4322 secutor
1558 4280 1648 4333 verus,
1663 4271 1691 4323 et
1709 4265 1800 4321 nudus
1815 4265 1899 4320 nudie

211 4363 308 4424 arege
321 4350 508 4409 substituitur.
1076 4354 1167 4410 crucis
1188 4352 1316 4423 bajulus,
1341 4353 1459 4411 leninsi
1481 4369 1575 4412 revera
1595 4355 1739 4412 moecenas
1763 4351 1899 4420 allicitur,

245 4440 360 4508 Quidam
379 4441 547 4509 Roupertus,
563 4440 649 4498 abbas
663 4440 903 4512 babinbergensis,
918 4441 1116 4513 augien-lel
1135 4443 1196 4498 salo
1214 4443 1267 4498 boc
1287 4455 1342 4500 unc
1366 4457 1460 4513 parum
1486 4444 1547 4514 plus
1565 4456 1637 4501 anno
1657 4443 1822 4516 regulariter
1842 4456 1903 4499 om-

209 4541 267 4586 sem
281 4527 420 4586 abbatiam
434 4527 499 4586 datc
514 4529 571 4600 regi
589 4528 675 4586 multo
689 4542 757 4586 auro
774 4531 935 4600 symoniace
953 4531 1038 4588 intra·
1078 4532 1145 4590 nino
1171 4540 1359 4600 conversatus,
1378 4534 1396 4586 7
1420 4532 1534 4590 Καιιιιιι.
1550 4535 1618 4593 licii
1641 4533 1760 4591 feliciter
1778 4533 1902 4603 rniprovii

209 4617 266 4685 vit;
286 4617 335 4688 qui
354 4615 529 4688 postmodum
546 4617 794 4674 anathematizatus
809 4619 957 4688 expeditus
972 4618 1036 4692 (62).
1079 4621 1115 4678 nd
1137 4623 1292 4688 bammum
1318 4622 1423 4679 crebris
1444 4623 1641 4680 revelationum
1664 4623 1825 4680 ιιιιιιιιιιιιι
1851 4637 1904 4693 prc

889 4769 1000 4826 VARIAE
1028 4771 1220 4830 butticulas.

249 4919 281 4957 ¹⁸⁴
297 4921 430 4980 Goslarle
452 4921 546 4980 iussit
569 4921 641 4990 Usa,
658 4919 729 4994 quod
749 4925 836 4979 tarnat
849 4920 876 4978 ic
891 4921 915 4976 1·
929 4937 1002 4995 epae
1015 4939 1048 4980 oe
1065 4923 1094 4980 in
1111 4923 1138 4981 2.
1155 4923 1236 4983 deest.
1276 4921 1306 4958 ¹⁸⁸
1324 4926 1442 4983 damnat'
1456 4926 1483 4983 2.
1522 4925 1554 4962 ¹⁸⁰
1572 4927 1729 4986 Wormatlae
1749 4925 1902 4984 celebravit

212 4995 311 5054 insevit
327 4993 747 5065 (transmeduanensis
764 4991 952 5051 sevadae
992 4995 1024 5028 ¹⁸¹
1044 5009 1195 5067 e.-quae
1209 4995 1235 5053 2.
1275 4995 1306 5028 ¹¹⁸
1324 4998 1733 5070 Babenbergcelebravitnddit
1750 5001 1811 5055 tiss.
1828 4999 1901 5054 deest

212 5081 242 5122 vn
258 5066 296 5125 ι’.
312 5067 340 5124 2.
380 5063 411 5097 ¹¹⁰
430 5071 488 5137 opt.
504 5065 531 5121 2.
572 5063 602 5097 ¹⁸⁰
620 5065 804 5136 quadriduum
819 5063 846 5121 2.
886 5064 914 5097 ¹⁴¹
935 5065 1193 5126 Nessotliemcldi.
1233 5068 1262 5100 ¹⁸¹
1282 5068 1420 5126 miraculis
1434 5069 1461 5126 2.

1003 5207 1112 5266 unns.
1175 5187 1178 5194 ’

249 5341 305 5414 (61)
323 5355 391 5400 ιιιιι
410 5339 471 5399 llal.
490 5341 566 5412 Sept.
583 5340 667 5398 llansi
689 5339 791 5398 concil.
811 5339 922 5398 collect.
939 5349 961 5398 t.
977 5341 1033 5410 llll,
1077 5341 1150 5400 idem
1165 5342 1194 5398 in
1208 5342 1383 5416 Necrologlo.

100 5419 103 5424 '
214 5428 243 5486 p.
267 5414 307 5471 10.
1115 5412 1168 5480 (dt)
1192 5413 1332 5542 ughellus,
1358 5415 1417 5474 ltal.
1442 5417 1517 5474 saer.
1535 5421 1555 5474 t.
1572 5417 1616 5486 lv,
1633 5431 1660 5490 p.
1680 5417 1740 5487 114,
1759 5419 1900 5478 intrusum

179 5515 182 5530 ‚
249 5484 342 5558 (istd
410 5483 445 5541 ιιι
464 5484 510 5540 vll
530 5481 636 5555 [tegat.
653 5495 676 5553 1,
691 5481 737 5553 82,
757 5483 791 5541 ad
810 5481 1036 5542 universebrlst.
1077 5483 1209 5542 Gctbclre
1230 5501 1285 5555 nm,
1300 5487 1416 5545 alterum
1430 5490 1563 5547 Othonem
1580 5491 1714 5548 nominat.
1731 5493 1791 5548 tiss.

213 5555 298 5615 llansl
314 5561 334 5613 t.
350 5557 372 5612 x
399 5567 452 5682 ,p
471 5553 531 5612 tat.
1097 5554 1166 5639 iffi]
1186 5558 1295 5614 llinlme
1310 5560 1347 5616 ita
1366 5560 1527 5644 bernoldus,
1544 5575 1626 5631 quem
1649 5561 1769 5632 scriptor
1793 5561 1905 5618 Sanbla·

250 5627 301 5702 (1131
322 5641 372 5682 vnn
387 5627 426 5682 lla
437 5626 501 5683 end.
517 5624 871 5738 llart.l3erncldus,ev1ur
886 5625 944 5683 liat
962 5627 1038 5684 llari.
1081 5641 1175 5685 suanus
1188 5629 1260 5687 haud
1276 5630 1443 5688 intellexisse
1456 5631 1574 5688 videtur.
