4034 6152
231 391 301 448 1043
759 383 786 437 S.
807 381 1107 437 3333311331133
1125 373 1383 435 steven-tiatorem
1849 361 1917 418 nott

230 516 407 576 1113313313
426 514 540 579 lanceae,
557 512 621 567 licet
637 509 722 565 multo
742 511 843 563 conatu
857 519 1006 576 percussor
1020 506 1048 561 in
1058 509 1209 575 Aoumque
1226 503 1282 574 jam
1296 499 1330 556 ad
1346 494 1505 555 monasterii
1522 499 1628 564 portam
1645 503 1792 563 egressura
1804 491 1920 560 propiu-

231 620 348 678 corpore
368 605 428 676 ejus
442 599 571 667 induerit,
587 613 619 654 ac
635 599 658 653 si
679 596 770 654 mollis
790 609 854 652 cera
868 601 951 663 esset,
968 594 1053 666 repli·
1082 599 1199 668 queret,
1215 589 1363 648 duodecim
1382 597 1509 643 nummos
1527 583 1671 640 interram
1693 583 1822 652 jacentes
1840 594 1919 649 repe

227 686 728 760 33133331,31333111331313133311
744 686 820 756 prius
831 691 936 742 rectum
951 683 1050 752 iuerat,
1093 685 1150 752 311;
1169 695 1240 753 quos
1254 679 1395 750 accipiens
1410 690 1472 732 eum
1491 673 1638 746 gratiarum
1654 672 1765 728 actione
1784 669 1921 740 gandiens

231 792 296 856 post
313 797 408 839 versus
435 780 540 835 hastam
570 783 790 847 retorqueretur.
814 774 936 830 Audiens
959 775 1052 843 itaque
1092 771 1230 831 discessit.

230 882 317 932 mater
332 877 385 927 tam
399 867 561 925 admirabile
577 866 676 923 iactum
692 865 833 935 liliumque
848 864 964 920 obtentu
978 863 1050 919 beati
1128 862 1173 916 33.
1193 859 1271 916 Alius
1291 857 1422 930 perditum
1441 853 1551 910 3133331.
1569 882 1605 892 -
1623 851 1679 906 1133
1698 847 1836 905 dissimile
1857 849 1920 904 11313

229 964 280 1018 3131
300 977 315 1016 3
334 965 423 1016 33313
444 962 579 1026 ereptum,
601 955 634 1010 ad
660 954 747 1024 ipsius
771 953 927 1024 sepulcrum
951 952 1053 1023 gratias
1093 951 1144 1010 iuit
1160 949 1245 1020 quod,
1261 960 1323 1003 cum
1347 959 1418 1002 unus
1442 958 1475 1000 ex
1498 939 1662 1000 custodibus
1680 937 1844 995 monasterii
1865 937 1920 993 cla·

230 1050 357 1106 oblatura
380 1060 442 1103 curu
467 1045 531 1101 111113
557 1043 677 1112 advenit,
705 1039 807 1099 133333
831 1042 933 1098 lanceae
959 1053 1052 1096 seeum
1093 1055 1152 1097 vem
1177 1036 1312 1094 modicam
1336 1033 1472 1090 amisisset
1491 1039 1519 1088 et
1542 1030 1590 1087 diu
1608 1027 1723 1085 multum
1744 1027 1920 1098 quaesivisset

230 1139 340 1205 detulit,
363 1136 513 1206 multisque
542 1134 641 1208 diebus
668 1146 751 1202 supra
779 1132 936 1201 sepulcrum
964 1130 1053 1187 sancti
1093 1130 1308 1197 circumquaque
1324 1137 1376 1180 nec
1398 1121 1557 1186 invenisset,
1574 1119 1684 1175 tandem
1699 1117 1734 1173 ad
1759 1116 1920 1188 sepulcrum

230 1229 320 1299 ipsum
335 1225 437 1282 terrum
452 1225 481 1279 in
496 1222 683 1280 testimonium
696 1221 806 1278 virtutis
821 1219 962 1290 pependit.
1094 1217 1167 1275 beati
1182 1216 1234 1272 3131
1258 1215 1384 1276 accessit,
1405 1217 1435 1268 ut
1450 1213 1478 1268 in
1497 1211 1549 1268 1133
1570 1209 1736 1266 necessitate
1758 1207 1921 1264 subveniret

266 1305 311 1374 30.
327 1314 493 1387 ilpdropicoe
507 1317 627 1368 suuntur.
642 1341 678 1353 —
693 1313 722 1367 ln
737 1311 865 1368 coenobio
880 1308 1054 1380 silvaeltajo-
1074 1341 1081 1352 ι
1094 1308 1147 1364 sibi
1167 1319 1295 1372 exorans,
1319 1303 1466 1373 statimque
1485 1305 1544 1358 313
1563 1297 1692 1370 sepulcro
1715 1296 1851 1364 sumexit,
1867 1295 1921 1350 cia

232 1405 270 1461 ris
283 1404 393 1475 quidam
410 1418 443 1458 ex
457 1401 588 1458 iratribus
602 1401 728 1470 corporis
742 1400 868 1457 molestia
883 1403 971 1455 tactus
986 1397 1053 1468 (29),
1096 1411 1155 1453 333
1178 1403 1241 1452 3313
1265 1392 1351 1449 311333
1375 1389 1489 1458 1333311,
1504 1389 1627 1460 satisque
1641 1386 1793 1442 admiratus
1818 1385 1922 1456 gratias

233 1493 397 1565 aegritudine
421 1491 496 1562 gravi
511 1490 672 1556 laborabat,
694 1503 755 1545 nam
774 1489 809 1544 ad
825 1488 912 1546 instar
926 1488 995 1544 utris
1014 1487 1056 1542 in·
1097 1485 1163 1557 egit.

232 1584 295 1640 itata
324 1586 387 1638 3313
416 1585 493 1636 13133
517 1578 695 1635 vehementer
723 1578 900 1642 intumuerat,
930 1575 1055 1646 nihilque
1130 1572 1176 1629 at.
1197 1573 1320 1643 Cuntinus
1342 1568 1407 1625 mire
1429 1567 1564 1634 liberatur,
1581 1565 1787 1636 auctoriafidet.
1806 1593 1839 1606 -
1858 1563 1923 1630 Qni-

232 1669 308 1726 aliud
318 1669 372 1725 nisi
383 1675 500 1725 mortem
514 1667 600 1723 solam
617 1666 803 1736 exspectabat.
824 1666 877 1722 Sed
891 1679 953 1721 cum
973 1671 1055 1720 nocte
1096 1662 1158 1718 dam
1174 1661 1253 1717 miles
1267 1660 1338 1716 iorte
1353 1654 1781 1726 331113331113131313,011333133
1796 1653 1923 1717 333133,

233 1758 350 1828 quadam
373 1757 519 1812 33113333
538 1757 631 1826 sopori
651 1755 783 1822 dedisset,
798 1754 833 1810 ad
853 1755 926 1810 beati
942 1755 992 1809 viri
1011 1768 1055 1809 se·
1098 1753 1171 1809 iilius
1184 1751 1313 1808 videlicet
1334 1749 1409 1806 illius
1423 1747 1534 1819 dugerii
1558 1746 1593 1802 de
1611 1746 1735 1812 illontio,
1755 1745 1805 1815 qui
1831 1744 1925 1800 51133-

234 1847 360 1917 pulcrum
374 1859 403 1901 so
418 1845 562 1914 conspexit
576 1845 605 1899 in
619 1844 725 1900 risione
741 1844 880 1908 assistere,
895 1843 1054 1912 tumuloque
1065 1835 1211 1912 Bllajoris
1233 1841 1324 1897 locum
1346 1843 1442 1894 sancto
1461 1835 1578 1894 Geraldo
1603 1835 1680 1904 prius
1702 1833 1822 1891 dederat
1849 1833 1923 1903 (Sep.

234 1937 318 2004 illius,
331 1939 361 1991 31
374 1935 429 1990 31111
444 1933 598 2000 ridebatur,
616 1932 762 2004 patefacto,
779 1945 855 1988 suam
869 1932 1055 1988 infirmitatem
1098 1945 1127 1987 n.
1156 1929 1211 2000 211,
1242 1930 1397 1998 ductusque
1421 1931 1464 1983 est
1490 1925 1563 1996 apud
1592 1928 1720 1990 castrum,
1740 1924 1818 1994 quod
1849 1925 1926 1978 11333

235 2039 297 2082 333
312 2038 367 2081 333
387 2039 421 2079 ex
436 2023 566 2080 dentibus
584 2024 672 2078 sancti
688 2021 848 2092 frequenter
862 2023 980 2092 signare.
997 2022 1058 2078 Eri·
1098 2017 1290 2090 3333113132)
1306 2017 1417 2084 dicitur,
1432 2021 1460 2073 et
1474 2015 1512 2071 ibi
1527 2027 1626 2086 magno
1640 2011 1705 2069 ierri
1720 2012 1848 2082 pondere
1861 2025 1925 2068 one

237 2115 326 2186 gilans
339 2119 440 2180 autem,
453 2120 481 2168 31
491 2112 668 2182 quaeviderat
682 2125 774 2168 secum
791 2117 972 2180 pertractans,
985 2111 1057 2169 iacto
1100 2115 1176 2166 ratus
1190 2108 1335 2178 nudusque
1359 2105 1394 2162 ad
1409 2105 1495 2162 solem
1515 2104 1585 2160 lacte
1605 2109 1766 2173 perunctus,
1785 2109 1818 2158 31
1836 2117 1852 2157 3
1868 2116 1926 2157 mu·

236 2202 546 2272 mane,quamrisgrari
561 2201 684 2272 pondere
700 2200 860 2272 fatigaretur
874 2200 1057 2272 agritudinis,
1099 2199 1155 2255 scis
1177 2197 1283 2254 33111133
1306 2197 1496 2265 impeteretur,
1523 2194 1629 2264 positus
1654 2197 1707 2247 est.
1736 2190 1792 2247 sed
1817 2191 1923 2258 accepti

236 2293 269 2348 ad
289 2291 423 2348 tumulum
438 2297 529 2347 tamen
544 2291 593 2346 3131
613 2289 661 2346 Dei
681 2290 807 2357 accessit,
824 2303 990 2361 magnopere
1005 2289 1059 2345 im·
1100 2288 1227 2344 beneficii
1246 2287 1344 2342 beatus
1362 2284 1493 2341 Geraldus
1512 2295 1567 2339 non
1582 2283 1735 2346 immemor,
1751 2280 1819 2337 buic
1834 2282 1863 2336 in
1879 2281 1925 2334 tali

236 2381 348 2452 plorans
363 2385 393 2435 ut
412 2379 470 2436 suis
493 2380 600 2436 meritis
623 2379 676 2435 sibi
700 2380 814 2450 gratiam
833 2379 987 2434 sanitatisa
1010 2379 1059 2435 Do·
1101 2377 1264 2435 contusione
1287 2370 1754 2444 3333111313,3333333331113,
1775 2369 1927 2426 visibiliter

236 2472 311 2526 anino
327 2471 500 2540 impetraret.
515 2469 573 2524 Tali
589 2468 671 2525 modo
686 2482 769 2524 sanus
784 2467 897 2525 eiiectus
911 2468 964 2525 boc
980 2467 1060 2524 nobis
1101 2480 1238 2538 apparens
1253 2465 1341 2521 dixit:
1359 2482 1373 2516 1
1384 2464 1528 2532 Quomodo
1542 2468 1585 2519 est
1600 2461 1661 2528 tibi,
1677 2459 1812 2517 iraterto
1831 2459 1927 2516 111113

237 2561 357 2618 iideliter
372 2559 477 2618 retulit.
1101 2556 1246 2626 respondit
1263 2575 1269 2610 :
1288 2553 1446 2610 311313-
1466 2554 1561 2624 Surge,
1578 2550 1669 2622 inquit
1691 2553 1816 2616 sanctus,
1833 2563 1926 2618 surge.

272 2649 318 2706 31.
338 2649 511 2708 Moriiuodaa
526 2647 692 2705 convalescit.
705 2677 740 2689 -
752 2647 814 2706 nno
829 2662 940 2719 quoque
954 2653 1061 2719 tempo·
1101 2677 1136 2688 -
1155 2649 1188 2703 Et
1207 2644 1335 2716 qualiter,
1352 2643 1473 2708 domine,
1497 2641 1543 2713 [ait
1561 2639 1647 2711 miles]
1668 2652 1779 2710 possum
1801 2652 1929 2709 surgere,

238 2753 278 2806 re,
295 2738 380 2796 irater
398 2737 509 2809 quidam
533 2738 657 2807 ejusdem
681 2739 841 2794 monasterii
858 2737 908 2808 130)
924 2737 1060 2807 usquead
1102 2741 1179 2793 tanto
1199 2741 1357 2792 catenarum
1376 2731 1524 2804 degressus
1537 2730 1710 2802 graraminet
1724 2759 1758 2770 —
1772 2729 1874 2800 Surge,
1892 2730 1931 2784 in·

238 2834 354 2884 mortem
378 2829 531 2884 inlirmatus
554 2833 606 2884 est.
630 2828 698 2882 Nam
716 2827 776 2883 sine
799 2841 867 2884 3333
892 2825 949 2883 1333
969 2826 1061 2883 triduo
1102 2826 1162 2896 quit
1179 2823 1318 2896 [sauctus],
1335 2821 1510 2892 quantocius,
1526 2834 1561 2876 ne
1577 2820 1853 2889 1133331333333
1871 2827 1933 2874 teo-

238 2929 412 2987 permauens,
434 2929 530 2972 omnes
548 2929 609 2982 nos,
630 2915 677 2986 qui
702 2928 764 2971 enm
790 2914 965 2970 intuebamur
986 2913 1060 2985 (31),
1103 2919 1188 2971 tasset
1206 2926 1362 2984 assurgere,
1382 2911 1459 2967 illico
1479 2909 1571 2968 omnia
1587 2910 1615 2965 in
1639 2915 1739 2964 terram
1759 2915 1932 2964 corruerunt

238 3005 273 3061 de
292 3003 409 3059 sanitate
435 3018 484 3059 sua
503 3002 651 3073 desperare
666 3002 779 3060 iecerat.
803 3002 855 3059 Sed
875 3018 936 3059 cum
956 3001 1061 3059 adhoc
1102 3003 1221 3060 vincula.
1250 3005 1284 3059 at
1311 3001 1358 3058 ille
1377 2998 1611 3071 obstupefactus:
1640 3015 1655 3052 n
1676 2999 1727 3066 Qui
1755 3012 1796 3064 es,
1824 2997 1931 3067 inquit,

238 3092 369 3158 venisset,
386 3096 416 3146 31
430 3090 465 3146 113
479 3090 552 3148 13313
568 3105 630 3148 333
652 3091 770 3148 31313131
794 3090 954 3147 abstrahere
973 3105 1060 3161 usque
1104 3089 1687 3157 11331331-Ν333133,3111133ο,33133
1705 3087 1753 3158 qni
1772 3101 1834 3143 sum
1854 3101 1930 3157 ego;

239 3180 274 3236 ad
290 3185 391 3236 terram
405 3180 434 3234 in
453 3179 556 3242 cilicio,
572 3184 603 3234 31
616 3184 659 3235 331
682 3179 853 3236 consuetudo
873 3181 1058 3250 morientium,
1071 3155 1152 3240 Gsed
1167 3181 1315 3251 compedes
1333 3180 1473 3250 accipiens
1491 3179 1525 3236 ad
1540 3180 1647 3236 sauctae
1670 3178 1761 3234 llariaa
1779 3175 1932 3232 Silva-lla-

240 3269 381 3339 doponero
414 3267 588 3333 festinarent,
617 3268 705 3325 tristis
737 3269 883 3326 admodum
917 3269 1005 3327 iactus
1032 3286 1062 3328 se
1100 3273 1171 3344 joris
1188 3269 1344 3327 coenobium
1366 3270 1492 3326 concitus
1509 3282 1613 3340 perge3
1632 3269 1744 3337 beoque
1768 3267 1808 3322 ibi
1823 3268 1931 3338 gratias

240 3358 323 3415 333111
355 3356 389 3414 ad
423 3357 566 3428 parietem.
596 3358 740 3415 bominum
760 3365 790 3415 ut
808 3359 862 3416 sibi
884 3361 1064 3418 misereretur
1102 3375 1162 3432 age.
1174 3378 1188 3414 a
1204 3360 1306 3416 llidens
1319 3359 1412 3430 itaque
1428 3359 1509 3415 homo
1526 3358 1656 3416 custodes
1670 3369 1723 3414 non
1739 3357 1848 3424 abesse,
1865 3371 1932 3412 nec·

241 3461 321 3504 orare
340 3452 521 3518 sanctumque
548 3447 705 3517 0331133,
731 3454 815 3518 prout
838 3455 956 3519 poterat,
981 3449 1062 3507 inno·
1104 3463 1159 3507 non
1184 3450 1212 3506 iu
1232 3448 1322 3520 platea
1347 3447 1564 3519 quamplurimos
1589 3445 1807 3512 deambrdantcs,
1827 3443 1932 3502 lormi-

241 3552 304 3594 care
327 3537 412 3608 coepit
435 3538 463 3593 in
489 3536 630 3605 auxilium,
656 3543 694 3606 31,
718 3539 790 3594 31331
809 3539 869 3610 ipse
888 3540 1061 3609 perhibebat,
1104 3540 1187 3596 dabat
1209 3539 1295 3596 abiro.
1323 3537 1425 3594 Videns
1443 3541 1556 3593 sanctus
1569 3537 1639 3592 dixit
1662 3550 1758 3592 rursus
1781 3535 1929 3592 adeum:

242 3641 303 3684 cum
319 3626 415 3683 oculos
429 3627 506 3696 quasi
527 3626 706 3683 obdormiens
719 3627 874 3695 clausisset,
890 3642 956 3684 3333
971 3629 1063 3686 subito
1106 3630 1174 3684 1113
1190 3641 1298 3698 pareas,
1313 3626 1376 3698 quia
1401 3625 1493 3683 nuilus
1507 3625 1662 3682 mortalium
1681 3623 1819 3696 usquead
1836 3624 1932 3681 iocum

241 3715 353 3787 qnidam
367 3729 462 3782 senex,
478 3715 633 3772 veneranda
645 3715 747 3774 3331113
760 3730 793 3773 33
806 3718 924 3774 decorus
938 3726 1062 3788 aspectu,
1105 3732 1187 3788 quern
1208 3717 1324 3787 predixi
1338 3717 1437 3775 obesse
1451 3716 1502 3773 tibi
1524 3715 1693 3787 praevalebit.
1711 3737 1725 3766 1
1741 3745 1776 3756 -
1791 3716 1931 3779 Obsecro.

242 3805 330 3862 astitit
344 3805 389 3870 ei;
409 3804 555 3862 ridebatur
576 3809 667 3863 autem
687 3805 740 3862 sibi
755 3806 830 3876 quod
850 3820 906 3863 oon
921 3806 992 3863 alius
1010 3809 1064 3864 nisi
1104 3807 1205 3878 inquit,
1221 3807 1343 3876 domine,
1359 3812 1390 3864 31
1412 3806 1480 3863 milui
1504 3819 1605 3864 nomen
1624 3813 1701 3862 tuum
1716 3805 1841 3877 digneris
1865 3807 1933 3863 inti-

242 3896 284 3951 313
311 3899 423 3950 sanctus
454 3900 527 3950 esset
556 3909 637 3965 quem
669 3895 752 3965 paulo
782 3901 845 3952 ante
879 3895 1062 3954 invocaverat.
1106 3911 1217 3953 mare.»
1237 3897 1271 3952 111
1290 3896 1356 3953 ille:
1372 3896 1472 3953 «Scito
1492 3909 1536 3952 me
1554 3895 1699 3953 Geraldum
1722 3895 1934 3964 Silvas-liajoris

244 3985 365 4052 Cumque
385 3981 458 4037 idem
480 3996 564 4040 senex
588 3983 724 4042 1313333
744 3985 881 4057 tetigisset
895 3991 923 4043 et
941 3985 1022 4042 aliam
1036 3987 1065 4044 13
1106 3986 1341 4042 abbatemesse.»
1357 3983 1932 4054 1133111313,33333113331113133113111133

245 4076 350 4142 partem
379 4072 516 4138 vertisset,
546 4074 684 4144 extemplo
713 4074 877 4146 egritudine
906 4075 1064 4144 recedente,
1106 4074 1226 4131 evanuit.
1252 4075 1393 4131 Animatus
1417 4073 1527 4130 taudem
1550 4071 1748 4144 sponsionibus
1771 4073 1841 4129 tanti
1866 4075 1930 4133 riri.

245 4159 387 4232 sanguinis
410 4162 489 4230 copia
508 4176 542 4219 ex
565 4162 640 4220 iilius
663 4165 799 4221 33333311
817 4164 948 4231 naribus;
970 4165 1066 4236 sicque
1107 4179 1141 4220 ex
1169 4164 1283 4234 oppido,
1312 4163 1421 4220 nemine
1449 4163 1625 4236 probibente,
1654 4163 1802 4234 assumptis
1833 4177 1932 4220 seeum

245 4264 275 4305 sc
298 4263 314 4304 a
338 4249 462 4321 periculo
487 4252 584 4309 mortis
607 4253 722 4311 obtentu
747 4253 820 4310 beati
844 4253 896 4310 3131
919 4254 1066 4312 liberatum
1107 4252 1297 4322 compedibus,
1314 4259 1343 4309 ut
1359 4255 1438 4324 lussu
1461 4253 1560 4321 iuerat,
1576 4253 1661 4322 exiit;
1685 4253 1781 4324 sicque
1805 4252 1891 4310 laetus
1907 4261 1934 4310 et

245 4351 306 4396 esse
322 4339 536 4410 protestabatur.
1107 4342 1199 4399 alacer
1225 4342 1260 4398 ad
1288 4343 1445 4400 coenobium
1472 4345 1579 4402 Sanctae
1607 4343 1699 4401 blariae
1725 4343 1935 4414 stivae-bajoris

281 4425 446 4498 3331113
468 4443 584 4484 nummos
606 4429 764 4486 1333111.-
786 4427 866 4486 illiud
887 4443 998 4502 quoque
1018 4431 1068 4487 mi·
1109 4433 1193 4499 33311,
1210 4434 1265 4489 neo
1280 4433 1382 4504 gratias
1396 4441 1424 4490 et
1442 4439 1539 4490 sancto
1556 4434 1673 4490 Geraldo
1689 4414 1829 4499 reddidit3
1851 4435 1935 4488 mir-e

247 4516 506 4585 raculum,nimium
521 4485 1200 4589 331333331131313133331111313,11133Β33133
1216 4520 1346 4579 iratribus
1364 4521 1466 4579 ibidem
1484 4521 1667 4580 seruientibus
1684 4521 1806 4579 seriatim
1823 4521 1935 4578 retulit.

250 4610 361 4661 3333133
379 4611 510 4676 operatus
534 4613 586 4663 est.
610 4609 676 4664 cnm
701 4607 800 4665 mulier
818 4610 942 4680 quaedam
961 4624 994 4667 ex
1008 4610 1067 4668 lon·
1109 4609 1935 4682 11133133333133111113333333313111133313311331·

247 4695 358 4767 ginquis
377 4695 511 4767 partibus,
527 4698 697 4768 consumptis
715 4697 919 4770 omnibusque.
938 4700 1067 4770 babebat,
1109 4699 1181 4771 guis,
1204 4701 1238 4755 Te
1256 4702 1338 4755 113331
1360 4699 1498 4757 medemur
1521 4701 1681 4760 solemniter
1702 4700 1935 4757 decantaverunt.

246 4786 367 4842 venisset
381 4785 416 4844 ad
432 4787 626 4845 monasterium
645 4786 730 4858 illius,
750 4802 851 4846 nomen
865 4793 926 4862 ejus
940 4789 1069 4861 irequen-
1110 4789 1175 4845 11313
1190 4801 1265 4856 3333,
1281 4794 1309 4846 31
1323 4789 1374 4844 3113
1393 4802 1456 4859 333
1475 4802 1618 4846 33313333
1636 4789 1723 4862 signa,
1738 4802 1795 4846 non
1815 4789 1851 4845 ab
1873 4791 1936 4845 aliis

248 4881 291 4932 ter
309 4875 492 4945 inclamabat;
513 4883 596 4948 atque
610 4877 694 4935 veluti
713 4879 807 4934 313333
825 4879 884 4950 ipse
904 4879 932 4936 in
951 4893 1069 4950 corpore
1110 4879 1164 4934 nisi
1178 4879 1213 4934 ab
1224 4877 1269 4934 1113
1284 4877 1331 4950 qui
1346 4879 1406 4935 baec
1420 4879 1573 4938 certissimo
1586 4879 1713 4938 viderunt
1727 4883 1756 4936 et
1770 4878 1935 4944 audierunt,

248 4977 373 5035 praesens
390 4963 509 5034 adesset,
525 4965 682 5024 alimoniam
705 4965 803 5026 sedulo
827 4968 860 5024 ab
880 4981 914 5025 eo
938 4969 1067 5039 petebam
1110 4967 1153 5024 rei
1172 4967 1272 5040 quibus
1291 4967 1391 5024 3311313
1409 4974 1483 5038 3331,
1499 4969 1665 5040 accepimus.

287 5176 349 5250 (29)
370 5179 404 5235 111
426 5178 500 5236 istud
520 5179 681 5235 miraculum
704 5193 720 5234 a
743 5181 825 5236 Petro
849 5179 948 5238 abbate
972 5182 1070 5252 adpo·
1149 5179 1210 5254 (32)
1231 5181 1309 5237 llunc
1322 5181 1414 5239 locum
1432 5183 1637 5253 Papebrochius
1655 5186 1760 5256 putarit
1773 5201 1836 5244 esse
1853 5189 1937 5258 oppi-

250 5257 341 5334 steros
354 5250 542 5334 transmissum
566 5249 651 5307 inisse
670 5257 787 5308 testatur
805 5251 918 5309 alterius
933 5254 1000 5310 Vitae
1019 5268 1069 5309 au·
1112 5252 1205 5323 pidum
1221 5253 1303 5379 113133
1317 5254 1437 5310 3331313
1451 5257 1518 5310 satis
1537 5261 1631 5312 notum
1650 5257 1678 5313 in
1698 5259 1841 5326 provincia
1855 5259 1937 5315 Bres-

251 5329 322 5388 ctor,
334 5335 389 5378 rmo
405 5327 432 5379 et
446 5322 517 5379 uteo
531 5327 599 5379 tuter
612 5329 717 5390 cetera,
729 5329 760 5380 ut
773 5324 833 5394 ipso
849 5325 981 5394 loquitur,
993 5325 1072 5382 elium
1112 5324 1208 5392 siensi,
1220 5340 1254 5381 33
1265 5338 1300 5396 go
1315 5326 1473 5383 Morttruoel.
1489 5329 1523 5384 nt
1537 5328 1582 5384 1113
1596 5328 1756 5400 designatur
1770 5329 1935 5400 oppidulum

250 5393 347 5464 scripto
362 5394 472 5451 tradidit
492 5396 597 5462 Petrus,
614 5399 639 5452 et
653 5395 766 5468 probato
780 5410 828 5451 333
847 5396 992 5453 testimonio
1006 5412 1071 5452 con·
1112 5397 1345 5464 Petrocoriorum,
1358 5398 1438 5470 vulgo
1448 5397 1595 5456 1133133331
1604 5399 1717 5466 1113133,
1732 5399 1766 5456 ad
1777 5401 1937 5458 1133113333

252 5463 374 5534 demovit.
533 5539 538 5550 ·
604 5539 610 5550 ι
833 5537 847 5548 ..
1113 5467 1195 5524 situm
1205 5467 1278 5525 baud
1294 5469 1569 5540 proculavasatensi
1579 5484 1659 5542 pago.
1670 5471 1748 5539 Quod
1759 5477 1869 5543 septem
1880 5475 1938 5530 icu-

300 5533 344 5674 303
364 5538 393 5591 ln
408 5536 494 5594 altera
508 5540 568 5594 1113
582 5537 685 5594 11131133
696 5543 848 5595 3331313311
863 5544 958 5595 mutos.
1113 5539 1154 5596 cis
1168 5553 1183 5594 a
1197 5541 1388 5610 Silva-Maiori,
1406 5541 1514 5598 duabus
1531 5555 1595 5600 uero
1609 5556 1625 5598 3
1638 5541 1805 5602 castellione
1819 5547 1938 5618 oppido,

301 5603 333 5658 31
363 5608 408 5662 sic
422 5608 509 5664 codex
524 5608 708 5667 corbeiensis.
733 5611 787 5667 niti
811 5623 875 5666 mss.
893 5624 953 5680 nor,
973 5613 1019 5684 qui
1035 5610 1073 5666 ia·
1114 5612 1207 5668 distat.

255 5676 402 5735 1331133133.
418 5678 484 5735 binc
498 5679 666 5739 Bellandiaui
681 5696 735 5751 eor,
752 5681 805 5753 qai,
822 5687 876 5739 etc.
