4036 6162
175 281 226 337 ⁸71
715 271 882 328 Leubbtvl
901 267 1170 327 vnblobelvntvsls
1187 267 1319 326 cunaldi
1811 263 1865 320 872

175 402 311 464 medicina
335 414 416 474 qnam
442 399 477 457 ad
502 395 575 470 regis
598 401 671 454 esset
693 396 776 452 vitam
799 395 942 467 putabant,
963 393 1128 456 aderando
1143 387 1276 464 pracepit
1290 399 1331 460 ut,
1347 391 1531 465 leguminibus
1549 405 1565 448 a
1580 391 1715 448 ministris
1733 389 1866 462 receptis,

174 498 290 554 mortem
313 492 425 549 inventa
450 493 503 546 εει.
527 490 593 557 Qnae
616 486 708 544 omnia
727 499 790 541 cum
807 482 938 542 Amulius
955 484 998 541 vir
1039 489 1068 540 ει
1090 487 1153 540 octo
1182 480 1305 540 labarum
1333 480 1441 538 modios
1460 481 1668 553 elemosynariis
1687 480 1814 538 studiose
1835 491 1868 534 ac

174 597 226 655 per
239 580 332 640 omnia
351 578 556 637 curiosissimus
573 575 695 632 scriatim
716 580 744 631 et
760 573 885 630 studiose
903 573 998 644 inqui·
1039 575 1149 632 curiose
1169 571 1243 629 omni
1268 570 1314 628 die
1334 570 1363 626 ln
1387 583 1467 627 mane
1486 575 1730 641 repraesentarent.
1750 570 1869 640 insuper

176 677 260 740 reret,
276 676 307 728 ut
320 671 415 727 Romae
434 673 510 740 gesta
525 670 614 732 erant,
630 669 729 721 cuncta
748 663 906 721 inveritate
921 677 995 720 com-
1040 671 1132 721 autem
1156 663 1231 718 omni
1254 673 1348 718 mense
1363 659 1437 717 circa
1461 659 1597 717 llalendas
1619 672 1747 716 nummos
1766 657 1870 715 multos

176 761 278 833 peruit.
307 760 394 830 lgitur
420 757 590 813 diversarum
618 753 820 822 multarumque
849 766 941 809 rerum
970 751 1000 806 in
1041 769 1074 811 ac
1092 766 1179 810 novas
1191 756 1282 807 vestes
1307 749 1427 821 propriis
1445 750 1572 807 manibus
1594 749 1687 806 dabat.
1713 750 1746 805 Et
1765 746 1870 804 lactum

177 863 245 906 auro
264 854 293 905 et
311 852 472 919 argenteae
496 843 641 915 palliorum
666 841 838 899 diversorum
853 840 1002 898 mobilibus
1043 848 1085 900 est
1099 841 1173 899 omni
1189 855 1247 898 suae
1271 845 1395 911 tempore
1409 839 1483 906 vitae,
1499 843 1602 911 praeter
1615 851 1703 896 annos
1722 836 1750 894 ln
1765 836 1871 908 quibus

176 938 323 1004 honustus,
348 933 466 991 visitatis
488 930 677 1003 apostolorum
703 930 830 1002 reliquiis
853 929 1002 1000 multisque
1043 937 1090 989 aut
1104 944 1166 988 cum
1177 943 1241 1002 rege
1253 935 1300 986 aut
1315 943 1376 986 cum
1390 927 1598 986 marchionibus
1611 933 1659 984 aut
1672 941 1734 984 cnm
1749 925 1872 984 ducibus

176 1025 353 1098 martyribus,
384 1023 485 1094 quibus
511 1024 597 1080 Roma
625 1033 713 1092 usque
740 1019 824 1077 hodie
853 1023 949 1076 ornata
975 1023 1003 1074 et
1043 1029 1091 1079 aut
1103 1035 1166 1078 cum
1186 1019 1315 1092 gentibus
1330 1019 1469 1077 extraneis
1482 1017 1525 1076 vel
1545 1031 1607 1076 cum
1626 1017 1729 1090 populo
1749 1017 1872 1074 diversis

176 1113 339 1171 honoranda
357 1126 373 1168 a
396 1110 491 1168 multis
518 1109 711 1182 trequentatut
733 1107 854 1180 populis,
874 1119 1002 1165 necnon
1043 1117 1194 1183 occupatus
1211 1110 1331 1182 nogotiis
1346 1109 1503 1177 insistebat,
1518 1122 1623 1166 summa
1642 1121 1705 1165 cum
1719 1106 1872 1164 devotione

56 1191 61 1198 ’
175 1202 330 1276 apostolico
353 1200 483 1268 salutato,
508 1200 543 1256 ab
570 1199 721 1270 eademque
750 1199 820 1255 urbe
842 1195 1001 1264 discedens,
1043 1200 1153 1258 assidue
1175 1202 1232 1257 beo
1256 1203 1393 1256 annuente
1412 1197 1591 1269 adimpletum
1606 1201 1657 1255 est.
1678 1198 1787 1255 interea
1807 1209 1873 1252 cum

176 1295 294 1367 iterquo
309 1290 494 1349 blediolanum
509 1289 657 1361 repedaret
670 1301 817 1362 aggressus
831 1290 1003 1345 estlnterea
1044 1293 1162 1350 domnus
1193 1289 1356 1346 lleribertus
1388 1288 1656 1359 archiepiscopatum
1692 1287 1825 1358 nequiter
1857 1299 1873 1342 a

177 1383 317 1441 arduinus
332 1381 434 1440 nobilis
453 1385 481 1439 et
494 1378 618 1437 marchio
637 1378 720 1449 altus,
735 1376 861 1449 locuples
875 1378 903 1435 in
923 1390 1001 1447 auro,
1044 1381 1138 1440 multis
1155 1394 1188 1437 ac
1202 1379 1277 1436 varie
1297 1378 1477 1435 dilaceratum
1491 1378 1593 1435 virtute
1612 1378 1641 1433 in
1665 1389 1763 1448 magna
1786 1389 1875 1432 recu-

176 1472 226 1530 sed
259 1472 376 1530 scientia
409 1485 519 1542 pareus,
552 1469 636 1526 armis
668 1467 801 1540 prudens,
835 1466 1003 1538 ingenioque
1045 1469 1168 1543 parando
1191 1467 1307 1525 uiriliter
1326 1468 1538 1539 reintegrasset,
1566 1465 1695 1523 omnibus
1714 1464 1767 1521 sibl
1786 1464 1875 1520 rebus

175 1558 331 1631 8⁰²l1¹⁸⁸⁸⁸s
352 1557 448 1628 paucis
467 1555 810 1614 ⁰⁰1¹⁵011110¹¹llb1¹⁸ll³liae
829 1552 1002 1624 primatibus,
1046 1557 1284 1631 prosperantibus,
1313 1557 1341 1612 in
1374 1557 1482 1614 cunctis
1514 1557 1633 1628 negotiis
1665 1554 1875 1626 episcopalibus

175 1651 276 1706 0ttone
288 1649 344 1720 lam
360 1651 470 1704 mortuo
484 1647 564 1718 quasi
578 1644 672 1702 iurtirn
687 1645 716 1702 in
728 1657 821 1716 regem
835 1647 1002 1700 surrexerat.
1047 1648 1161 1721 ριιιιιιι
1176 1651 1206 1704 ιιι
1218 1647 1308 1703 honus
1323 1651 1417 1717 pastor
1432 1659 1497 1704 oues
1511 1651 1681 1712 metaurum,
1698 1659 1730 1699 ae
1743 1657 1796 1701 suo
1811 1657 1876 1716 gre-

177 1739 236 1794 Hoc
259 1737 376 1794 audiens
400 1736 518 1794 domnus
540 1735 680 1802 libulfus,
702 1734 797 1804 11111οῑ8
820 1724 1073 1812 ⁰⁰fflm0l³lllsssgi
1088 1738 1208 1810 graviter
1222 1735 1343 1807 scapulis
1361 1735 1517 1806 imponens,
1531 1739 1643 1791 strenue
1658 1735 1715 1790 beo
1729 1731 1874 1804 vigilabat.

177 1823 286 1893 diebus,
306 1829 409 1881 sanctae
427 1825 520 1881 llariae
538 1837 570 1880 ac
589 1822 676 1880 sandi
696 1820 834 1879 Ambrosii
848 1821 877 1876 in
892 1832 959 1876 auro
974 1823 1002 1876 et
1045 1831 1182 1885 Ριιιιιιιι
1204 1840 1309 1884 summa
1333 1825 1443 1882 ιιιιιιιι
1470 1825 1491 1881 ι.
1511 1823 1545 1858 ⁸⁸⁸
1570 1823 1746 1895 imperatoris
1769 1821 1875 1879 ductus

176 1919 291 1985 argemo
307 1914 398 1985 palliis
413 1916 442 1970 et
451 1913 567 1985 gemmis
576 1911 693 1970 diversis
707 1909 851 1969 honoratis
865 1908 1001 1976 ecclesiis,
1044 1917 1176 1984 ιιιιιιιιι,
1201 1929 1282 1987 quem
1309 1929 1358 1971 rex
1380 1913 1439 1985 ipse
1461 1927 1545 1984 supra
1567 1927 1665 1970 omnes
1687 1911 1822 1970 mortales
1846 1913 1875 1968 in

177 2002 206 2059 in
229 2002 382 2060 aoncnaru
406 2017 468 2060 cum
484 2002 612 2060 omnibus
630 2000 716 2058 vulta
730 2000 894 2071 primaeuus
912 1997 1002 2055 collo·
1044 2021 1130 2080 regno
1147 2019 1179 2063 aa
1194 2004 1336 2063 consitus
1350 2003 1408 2075 regi
1423 2002 1612 2060 mentasanus
1625 2002 1679 2059 nae
1694 2001 1772 2073 regia
1786 2001 1876 2059 suotr-

179 2092 273 2162 qulum
299 2092 405 2148 statuit.
431 2091 483 2148 Uhl
507 2104 568 2147 cvm
591 2090 700 2148 diverse
723 2088 758 2146 ds
782 2088 859 2161 regni
885 2086 1005 2160 ssevOliis
1044 2100 1174 2162 manerat,
1195 2095 1224 2150 in
1242 2092 1375 2150 lioncalia
1390 2093 1426 2149 ob
1445 2094 1523 2164 regni
1543 2091 1759 2149 stabilimentum
1779 2091 1876 2148 multis

178 2185 355 2249 11111158θῦ1,
384 2180 500 2237 Alduissl
533 2185 627 2251 spreto
660 2179 794 2246 d0ffl¹¹¹102
822 2176 896 2248 quod
924 2175 1005 2232 malis
1044 2200 1105 2242 cum
1122 2183 1239 2241 ducibus
1254 2187 1282 2239 ει
1300 2182 1575 2253 episcopistempore
1592 2180 1761 2252 competenti
1781 2179 1874 2237 collo·

179 2270 287 2327 artibus
314 2273 505 2341 usurpaverat,
534 2269 683 2326 ilenricum
697 2267 730 2300 ²⁸⁸
761 2270 783 2324 l.
812 2268 1004 2334 Teutonicum,
1044 2276 1139 2346 quium
1154 2272 1286 2330 decentor
1300 2271 1454 2328 construxit
1471 2270 1545 2343 (79).

177 2359 295 2416 scientia
328 2358 474 2426 illustrem,
505 2357 589 2414 armls
618 2355 798 2414 fortissimum
831 2356 1004 2426 militumque
1079 2362 1125 2420 21.
1141 2361 1219 2419 lla*
1237 2366 1401 2432 tempestate
1428 2360 1564 2418 Eusebius
1586 2359 1729 2430 Papiensis
1757 2359 1869 2430 episco-

177 2449 267 2520 copiis
291 2448 476 2507 abundantem
491 2462 524 2505 ac
538 2446 644 2504 divitiis
657 2445 815 2504 ailluenlem
830 2445 912 2517 elegit
930 2445 1004 2517 (78).
1045 2467 1097 2524 pus
1120 2465 1229 2509 urucam
1254 2455 1392 2522 tamquam
1419 2449 1648 2520 metropolitauus
1672 2453 1738 2505 auto
1767 2447 1873 2519 portari

177 2539 272 2608 stille
301 2538 437 2594 henricus
463 2537 487 2593 l.
516 2541 685 2594 ⁰0¹1V0⁰³ll¹⁸
713 2541 755 2592 0⁸²
769 2535 811 2604 ¹⁸⁸,
839 2535 954 2591 veniens
976 2535 1005 2590 in
1044 2541 1158 2610 iaciens,
1175 2540 1305 2610 copiosus
1320 2545 1348 2596 et
1361 2540 1396 2596 ab
1411 2539 1470 2610 ipsa
1492 2539 1610 2609 copiosa
1634 2537 1781 2604 oriundus,
1797 2549 1874 2592 sum-

177 2625 296 2693 ltaliam,
317 2625 406 2683 iretns
430 2625 525 2682 domni
547 2624 651 2683 hrnulli
675 2625 841 2694 aminiculis,
859 2623 1004 2696 imperium
1045 2641 1090 2687 mo
1119 2627 1256 2700 superbia
1286 2625 1358 2684 fastu
1387 2626 1486 2694 elatus,
1515 2623 1728 2682 blediolanensls
1755 2623 1872 2680 culmini

177 2715 329 2772 homanum
348 2715 477 2772 hostibus
502 2713 604 2786 iugatis
630 2714 749 2773 viriliter
771 2715 844 2771 rexit
863 2717 891 2770 et
914 2711 1004 2770 tenuit
1045 2716 1210 2789 presulatus
1232 2717 1372 2788 ooaequari
1397 2715 1530 2783 anellans,
1560 2715 1699 2773 serotinus
1727 2712 1872 2785 colloquio

178 2803 239 2874 (ou.
258 2801 350 2870 1004).
482 2847 485 2852 .
1044 2808 1130 2865 venit.
1155 2808 1298 2864 litantem
1323 2805 1397 2862 hunc
1425 2805 1544 2863 domnus
1571 2804 1734 2861 lierihertus
1762 2803 1873 2860 eminus

212 2891 258 2949 tto,
275 2891 436 2951 Veniens*
454 2897 546 2950 autern
560 2891 724 2950 heribertus
740 2891 844 2950 llrnulli
859 2902 1006 2948 successor
1044 2897 1123 2966 vidlt,
1139 2902 1229 2954 tactus
1252 2895 1348 2954 dolore
1369 2895 1463 2953 cordis
1484 2895 1661 2962 intrinsecus,
1681 2893 1730 2950 diu
1750 2893 1826 2950 inter
1841 2905 1872 2948 se

177 2980 303 3049 secundi,
319 2982 425 3039 viribus
448 2981 529 3040 tortis
546 2987 630 3052 atque
653 2980 762 3039 lortiori
782 2980 913 3037 insistens
935 2984 1005 3036 tem·
1045 2988 1129 3045 ιιιιιι
1153 2986 1305 3058 suspirans,
1321 2986 1431 3043 demum
1454 2984 1617 3042 mirantibus
1639 2983 1778 3041 universis
1796 2981 1872 3039 clara

177 3082 257 3141 pore,
283 3068 376 3126 divina
403 3069 511 3140 pollens
538 3069 655 3126 scientia
682 3070 864 3140 saecularique
892 3053 1111 3141 ingenioflvoce
1139 3076 1168 3134 in
1197 3076 1288 3133 medio
1316 3073 1400 3132 indt:
1422 3075 1566 3132 «Summe
1589 3076 1662 3131 heus
1685 3079 1801 3138 aeterne,
1823 3071 1872 3143 qui

177 3163 295 3222 astutus,
320 3157 355 3214 ad
379 3158 506 3214 universa
530 3158 710 3215 restauranda
734 3157 1005 3230 quae·archiepisco
1044 3165 1136 3223 omnia
1159 3170 1206 3222 tua
1225 3164 1351 3236 disponis
1373 3164 1520 3236 sapientia,
1538 3162 1586 3235 qul
1610 3161 1723 3235 regibus
1741 3167 1771 3218 et
1795 3161 1873 3232 prin·

176 3251 257 3317 patus
275 3245 456 3317 quorumdam
470 3246 538 3304 vitio
557 3247 650 3318 inepte
667 3248 797 3304 amiserat
815 3247 1004 3304 ecclesiastica
1045 3255 1154 3326 cipibus
1178 3253 1277 3326 legem,
1293 3259 1323 3311 ιι
1337 3254 1380 3311 sul
1394 3259 1487 3311 essent
1499 3253 1571 3324 juris
1589 3251 1725 3320 conmnti,
1740 3249 1870 3316 sanxisti,

176 3335 322 3404 sollicitus,
350 3334 445 3393 intulis
473 3334 641 3408 prefulgens
669 3335 885 3408 episcopalibus,
910 3337 1005 3394 cathe-
1045 3357 1098 3400 nec
1120 3356 1176 3401 non
1200 3343 1417 3414 archiepiscopis
1440 3341 1661 3414 metropolitanis
1679 3353 1711 3396 ac
1730 3339 1874 3410 episcopis

177 3424 235 3483 drae
253 3425 443 3484 ambrosianae
466 3425 580 3483 sedibus
594 3426 712 3484 viriliter
732 3426 846 3483 resedit.
871 3427 901 3482 ln
925 3428 1005 3497 cujus
1045 3432 1244 3500 subordinatis,
1265 3436 1296 3488 ut
1319 3431 1377 3488 suis
1401 3430 1509 3503 legibus
1531 3429 1722 3501 spiritualibus
1736 3441 1752 3484 a
1766 3429 1874 3485 sanctis

177 3521 303 3587 tempore
329 3515 388 3588 (oe.
416 3514 498 3588 1018)
523 3515 609 3574 lantes
631 3529 688 3574 non
714 3522 804 3574 tamen
818 3515 851 3549 ¹⁸⁷
869 3516 1004 3575 terribilis
1047 3521 1171 3591 patribus
1194 3521 1278 3577 editis
1293 3525 1321 3577 et
1339 3520 1469 3591 parochis
1490 3518 1586 3576 sedule
1610 3517 1734 3576 contenti
1763 3529 1874 3588 perma-

177 3619 228 3676 per
241 3605 338 3677 viginti
357 3611 456 3663 tenens
479 3605 586 3663 ltaliam
604 3619 703 3673 annos,
719 3606 837 3678 populos
862 3591 1018 3665 universos*
1046 3615 1156 3678 nerent,
1180 3610 1299 3682 benigne
1320 3616 1350 3667 ut
1373 3609 1498 3667 medicus
1524 3608 1750 3666 accuratissimus
1777 3606 1874 3678 prasi·

177 3694 311 3751 invadens
333 3695 453 3766 graviter
472 3695 599 3766 arripuit.
624 3698 658 3752 tt
677 3701 774 3752 contra
798 3696 896 3752 heatus
922 3696 1005 3753 lleri·
1046 3699 1135 3771 gnastl
1149 3718 1155 3755 :
1171 3699 1298 3756 homines
1312 3699 1368 3766 isti,
1380 3699 1427 3769 qui
1442 3698 1527 3755 nimio
1542 3697 1697 3768 iniquitatis
1710 3694 1771 3752 zelo
1785 3695 1874 3752 decus

178 3785 274 3841 bertus
290 3784 383 3842 divina
397 3784 565 3841 intrinsecus
583 3790 675 3842 motus
688 3784 889 3854 misericordia,
908 3785 1006 3843 videns
1047 3795 1076 3845 et
1089 3789 1223 3846 honorem
1233 3794 1337 3844 sancta
1347 3788 1535 3845 ambrosiana
1546 3785 1768 3858 metropolitanae
1783 3783 1874 3841 eccle-

180 3886 316 3943 pauperes
330 3886 488 3946 egenosque
503 3879 605 3940 tantos,
618 3873 805 3945 orphanorum
819 3873 1004 3932 aevidnarum
1046 3879 1095 3935 siae
1112 3875 1257 3935 obfuscare
1272 3884 1417 3946 conantur,
1434 3877 1513 3934 obliti
1537 3876 1606 3948 legis
1625 3882 1746 3947 paternae
1764 3888 1796 3929 ac
1815 3887 1875 3929 nra-

178 3960 286 4030 coplam
300 3962 473 4028 immensam,
485 3962 633 4019 convocari
647 3961 681 4018 ad
696 3976 727 4019 se
742 3962 865 4034 quinque
880 3962 1006 4034 pistorlae
1045 3968 1137 4039 jerunt
1160 3968 1326 4035 reverentia,
1342 3965 1415 4023 unde
1439 3965 1616 4038 procedunt?
1639 3966 1718 4022 Enim
1741 3963 1789 4036 qui
1804 3976 1875 4019 con·

178 4050 246 4105 artis
272 4049 421 4121 magistros
443 4049 586 4121 pracepit.
610 4051 716 4119 Quibus
735 4053 896 4109 convocatis
918 4067 1006 4124 pauca
1047 4055 1109 4112 dam
1128 4061 1224 4114 sancto
1244 4061 1272 4113 et
1290 4056 1513 4114 reverentissimo
1533 4054 1683 4113 benedicto
1701 4052 1874 4111 antecessori

178 4139 270 4196 divina
294 4138 420 4210 eloquia,
446 4144 476 4195 ut
504 4138 569 4195 illos
596 4139 625 4195 in
653 4139 702 4196 liei
730 4140 844 4197 servitio
872 4141 1007 4198 animaret
1047 4151 1143 4202 nostro
1157 4144 1192 4202 de
1211 4145 1353 4216 Papiensis
1367 4145 1544 4216 episcopatus
1558 4143 1768 4202 consecratione
1783 4141 1811 4196 in
1829 4155 1874 4211 sp·-

177 4229 304 4300 aperuit;
331 4232 360 4285 et
382 4226 439 4284 illis
457 4227 585 4285 mercede
604 4232 702 4299 pactus
715 4228 808 4286 divina
822 4229 858 4286 ob
874 4231 937 4301 jura
951 4231 1007 4288 im·
1047 4234 1122 4292 nodo
1149 4236 1272 4291 Romana
1293 4231 1325 4266 ”⁰
1357 4233 1539 4306 conquerenti
1572 4234 1673 4306 injuste
1705 4231 1873 4298 causaverit,

178 4317 283 4389 peravit
308 4323 338 4374 ut
360 4317 405 4374 die
430 4317 505 4374 omui
529 4331 561 4374 ac
588 4321 681 4387 nocte,
706 4317 838 4390 quamdiu
863 4316 949 4376 tames
976 4321 1005 4378 in
1047 4324 1167 4382 animum
1187 4323 1266 4381 ducis
1293 4324 1433 4396 ingerens,
1458 4337 1514 4382 non
1536 4323 1624 4394 patris
1650 4321 1777 4380 allectum
1804 4319 1876 4376 reti·

177 4406 263 4466 ltallae
276 4408 403 4478 partibus
416 4412 550 4476 maneret,
566 4407 641 4464 omnl
656 4407 711 4464 alio
725 4407 820 4466 labore
833 4401 1125 4482 intermisso,Dnens‚
1146 4411 1205 4468 sine
1229 4411 1289 4483 lege
1306 4411 1425 4482 pastoris
1448 4411 1554 4468 inlicite
1578 4424 1629 4468 suo
1653 4409 1688 4466 ad
1707 4419 1875 4466 consecran-

177 4497 256 4567 operi
272 4495 414 4553 curialiter
431 4495 602 4564 insisterent,
623 4496 753 4567 quatinus
771 4497 897 4555 mixturae
917 4513 1004 4570 panes
1044 4501 1109 4558 dum
1137 4498 1279 4557 domicilio
1307 4500 1464 4572 usurpative
1497 4499 1621 4568 attraxit,
1651 4513 1703 4556 nec
1731 4497 1873 4554 civitatem

178 4591 207 4644 et
230 4584 335 4644 cereris
355 4591 420 4643 octo
439 4585 513 4642 milia
533 4600 584 4656 per
597 4585 670 4643 diem
686 4600 905 4659 unamquamque
923 4603 1003 4647 sumo
1043 4590 1142 4648 dilexit
1169 4591 1291 4659 Papiam,
1320 4602 1402 4646 unam
1430 4592 1458 4647 et
1485 4589 1654 4646 caritativam
1683 4585 1873 4645 obedientiam

177 4675 207 4732 ln
232 4687 312 4732 mane
340 4675 398 4732 suis
425 4675 622 4747 consignarent
649 4676 793 4734 ministris.
822 4677 892 4746 Quin
921 4679 1002 4736 etiam
1044 4679 1149 4737 nostris
1180 4678 1403 4736 antecessoribus
1432 4677 1590 4748 habentem,
1620 4679 1699 4748 cujus
1724 4675 1873 4733 ecclesiam

178 4777 262 4822 cocos
285 4765 479 4836 representari
494 4765 528 4821 ad
543 4779 573 4821 se
594 4764 762 4823 domesticos
784 4766 889 4824 iaciens
911 4768 1002 4838 lmpe-
1045 4768 1080 4825 de
1104 4767 1160 4824 lilia
1182 4767 1236 4824 sibi
1259 4767 1387 4824 ancillam
1406 4767 1545 4840 colligavit
1556 4765 1599 4836 ⁸⁹¹,
1623 4781 1675 4824 nec
1698 4763 1787 4823 sancti
1807 4765 1874 4821 Am·

216 4925 248 4960 ¹⁸⁸
271 4926 385 4999 ignarus
407 4923 451 4981 Bi.
507 4923 540 4956 ⁸⁸⁸
562 4923 639 4982 Alter
660 4926 720 4982 cod.
747 4925 775 4990 li.
800 4942 824 4983 e.
843 4929 888 4994 ll.)
912 4928 1067 4986 conradum
1093 4927 1137 4984 Bi.
1191 4927 1273 4985 18ἐ.
1298 4942 1324 4985 e.
1349 4927 1441 4985 demat
1465 4931 1494 4986 B.
1519 4927 1595 4985 Alter
1617 4927 1677 4984 cod.
1727 4926 1874 4984 conradus

179 4998 228 5070 qui
251 4995 339 5054 altero
359 4996 471 5055 nomine
492 4997 568 5068 cyno
590 5011 616 5053 c.
641 4995 684 5053 Bi.
740 4996 773 5029 ³⁸⁸
797 4997 898 5054 litalde
914 5019 920 5056 :
937 5001 1016 5070 Expl.
1036 5000 1071 5058 de
1085 4998 1200 5056 Amulio
1215 4998 1292 5057 arch.
1312 4999 1414 5070 lnciplt
1427 4999 1462 5057 de
1480 4999 1628 5057 lieriberto
1647 4998 1741 5056 archie
1761 4999 1871 5070 iscopo,

177 5071 223 5126 ll·.
249 5069 393 5142 negastis
415 5066 521 5124 domini
546 5066 686 5126 lleriberti
709 5069 913 5140 archiepiscopi
936 5071 1272 5128 blediolanenslsblllllll.
1294 5070 1353 5128 rell.
1411 5069 1444 5102 ²⁸⁷
1462 5074 1567 5129 tantum
1581 5069 1624 5128 Bi.
1679 5069 1712 5102 ⁸⁸
1807 5071 1870 5128 cod.

177 5140 207 5268 β.
224 5155 248 5198 ε.
260 5139 305 5210 h.)
320 5139 452 5198 cononis.
468 5137 509 5195 til.
566 5137 599 5171 ⁸·
615 5137 787 5197 titulumne
803 5141 935 5212 episcopo
950 5143 1078 5213 Papiensi
1094 5149 1122 5199 ει
1134 5142 1346 5215 archiepiscopo
1361 5143 1519 5201 lleriberto.
1531 5142 1578 5199 ι’.
1589 5141 1711 5212 Qualiter
1721 5141 1872 5214 episcopus

198 5211 320 5282 aptensis
334 5209 599 5282 reprehensionibus
613 5211 752 5270 lieribertl
772 5226 883 5270 crucem
897 5227 978 5285 quam
993 5215 1158 5286 premiserat
1172 5213 1309 5272 reiutavlt.
1325 5211 1384 5272 rell.
1440 5213 1473 5248 '⁹⁰
1486 5227 1601 5273 romano
1616 5215 1645 5270 B.
1700 5211 1731 5248 ⁸⁹¹
1755 5227 1779 5271 s.
1804 5211 1872 5271 iecit

178 5296 204 5339 a.
221 5297 246 5340 c.
262 5284 293 5340 B.

972 5357 1081 5415 NOTAE.

215 5431 260 5496 ι78
289 5434 349 5491 lloc
367 5432 465 5491 laisum
484 5447 545 5491 esse
564 5432 764 5492 demonstravit
778 5433 880 5492 Glullni
894 5436 941 5503 lll,
956 5435 1002 5492 23.
1044 5449 1147 5508 scopus
1156 5442 1216 5495 erat
1225 5436 1389 5505 ilalnaldus;
1404 5436 1515 5495 Eusebll
1530 5435 1606 5494 nulla
1620 5436 1872 5508 praetereantque

214 5502 260 5576 (79
290 5503 392 5562 nthoc
406 5504 574 5577 colloquium
590 5512 662 5564 etse
702 5519 752 5564 ens
770 5507 893 5565 narratio
907 5507 1004 5564 llctitia
1045 5511 1144 5565 exstat.

176 5573 235 5632 visa
253 5580 319 5633 sunt
339 5576 434 5634 comiti
457 5575 560 5634 Glnllnl
582 5577 630 5646 lll,
655 5576 665 5631 1
708 5620 715 5634 .
740 5577 832 5650 Papiae
856 5583 921 5636 tunc
945 5579 1004 5650 epl-
