4034 6152
776 523 870 569 GIRCA
900 525 1018 570 Annum
1051 525 1168 570 DOMINI
1199 525 1312 571 burm

807 709 1276 857 uolonibus

597 968 750 1026 COENOBII
767 970 974 1028 sllhlvlttvsls
990 972 1080 1027 tubo
1099 971 1293 1044 insuetius
1311 970 1492 1028 nonachus

768 1187 992 1309 nontam
1028 1222 1322 1312 nrsnnmcu

536 1367 632 1440 (Cave,
653 1369 816 1441 Scriptorum
834 1368 1067 1425 eoolcmostmovont
1086 1369 1207 1426 Historia
1225 1369 1365 1434 litterort'o,
1383 1385 1447 1442 pop.
1467 1367 1546 1442 531.)

238 1488 399 1558 Folcardus,
416 1492 537 1549 coenobii
556 1493 718 1550 sithivensis
741 1495 814 1564 apud
828 1494 972 1550 Atrebates
999 1494 1160 1560 monachus,
1176 1495 1275 1551 claruit
1294 1508 1366 1552 anno
1388 1493 1467 1562 1060,
1483 1495 1586 1566 linque
1601 1495 1734 1566 deinceps
1749 1495 1830 1550 vixit.
1846 1495 1897 1550 Vir

165 1597 167 1600 -
204 1575 254 1631 pro
270 1569 346 1618 sorte
365 1563 461 1619 saeculi
480 1578 536 1635 quo
552 1566 618 1620 vivit
636 1578 690 1621 non
711 1565 850 1632 incoctus,
865 1565 999 1622 Gulielmo
1017 1566 1165 1636 inglorum
1181 1568 1250 1636 regi,
1267 1581 1347 1636 quem
1369 1569 1568 1637 conquestorem
1585 1581 1724 1632 vocamus,
1741 1565 1895 1622 admodum

205 1631 358 1700 familiaris,
374 1635 421 1704 qui
437 1636 550 1692 subacta
572 1637 669 1707 hngiia
693 1637 781 1706 ipsum
802 1639 926 1693 lorneiae
947 1639 1108 1707 praeposuit,
1125 1638 1171 1693 uhi
1187 1653 1231 1692 ιιι
1251 1637 1307 1693 iere
1323 1638 1402 1694 annis
1421 1638 1529 1693 aithalis
1543 1639 1617 1694 vices
1630 1637 1778 1708 supplevit.
1794 1639 1849 1693 uin
1865 1639 1896 1692 in

203 1703 299 1774 anglia
313 1714 437 1761 versatus
452 1713 479 1762 et
494 1707 583 1764 dovtec
602 1710 672 1763 ortis
685 1709 761 1764 illurn
778 1711 851 1765 inter
865 1718 892 1764 ct
907 1711 1067 1779 episcopum
1088 1709 1307 1765 lincolniensem
1323 1709 1518 1774 simultatibus,
1534 1709 1568 1764 ad
1583 1710 1779 1765 monasterium
1810 1723 1895 1764 suum

203 1774 358 1857 sithivense
374 1779 499 1834 recessit.
520 1780 550 1834 ln
566 1779 672 1836 litteras
685 1781 760 1836 misit
778 1782 868 1851 primo
883 1781 993 1850 quidem
1013 1795 1064 1851 per
1077 1781 1281 1850 compendium,
1299 1781 1399 1836 deinde
1415 1781 1573 1850 recognitos
1587 1789 1615 1837 et
1629 1787 1725 1838 anctos
1739 1782 1778 1836 be
1792 1781 1851 1836 vita
1866 1787 1897 1836 et

204 1848 345 1902 miraculis
363 1849 390 1905 S.
408 1849 512 1905 bertini
538 1850 645 1906 abbatis
667 1852 830 1907 sithivensis
851 1851 938 1907 libros
959 1853 1038 1918 duos,
1056 1866 1126 1921 qvvos
1150 1851 1243 1907 bovini
1258 1852 1350 1908 abbati
1371 1867 1422 1909 suo
1438 1852 1590 1922 inscripsit.
1606 1853 1664 1908 llos
1677 1867 1711 1908 ex
1724 1866 1793 1907 mss.
1813 1851 1895 1907 codi-

206 1917 287 1972 cibus
301 1919 460 1976 Bertininno
476 1928 503 1977 et
518 1921 666 1977 vedastino
687 1923 773 1978 edidit
794 1922 968 1978 lluhillonins
986 1925 1054 1979 Sacc.
1071 1923 1211 1980 Benedici.
1227 1923 1273 1990 ΙΙΙ,
1287 1929 1361 1994 part.
1382 1940 1401 1988 ι,
1418 1938 1471 1994 pag
1500 1922 1567 1990 104;
1589 1924 1636 1992 qui
1652 1924 1732 1978 etiam
1750 1923 1852 1978 librum
1874 1939 1894 1978 ιι

209 1989 413 2059 lliraculorum,
434 1991 469 2046 ab
484 1999 596 2048 auctore
611 2006 748 2064 anonymo
763 1995 837 2049 circa
851 1995 959 2049 initium
983 1994 1077 2050 saeculi
1096 2011 1114 2050 ιι
1131 1996 1274 2064 scriptum,
1291 1996 1418 2064 subjecit.
1434 1996 1571 2051 Recernset
1590 1994 1700 2064 quidem
1719 1995 1821 2050 Baleus
1842 1994 1897 2065 (lie

203 2060 295 2130 compl.
313 2067 385 2118 cent.
403 2077 432 2129 n,
451 2077 477 2132 p.
501 2063 564 2188 1633
595 2065 756 2120 Folcarclnm
781 2065 926 2135 quemdam
949 2067 1200 2130 Doroborncnsem,
1225 2067 1345 2122 coenobii
1364 2067 1570 2123 cantuariensis
1597 2066 1774 2131 monachum,
1800 2068 1892 2122 virum

206 2131 407 2200 doctissimum,
422 2147 494 2188 anno
515 2135 521 2185 1
563 2135 709 2204 Oclarnm,
726 2151 806 2206 quem
823 2137 949 2193 eumdem
973 2151 1034 2193 cnm
1060 2145 1156 2194 nostro
1179 2137 1263 2192 inisse
1286 2138 1482 2206 existimamus,
1498 2151 1635 2207 quemque
1654 2138 1767 2194 hlvlredi
1786 2138 1895 2193 Ebora·

203 2203 325 2284 censium
342 2205 556 2276 archiepiscopi,
573 2209 663 2278 magni
678 2208 720 2263 sui
736 2209 894 2264 llecaenatis
910 2211 999 2278 jussu,
1014 2211 1052 2264 lie
1066 2211 1120 2264 vita
1134 2214 1162 2263 et
1186 2209 1326 2264 miraculis
1347 2210 1461 2266 ioannis
1481 2209 1683 2278 archiepiscopi
1706 2209 1895 2264 Eboracensis

204 2271 291 2330 libros
306 2274 385 2342 duos,
403 2277 492 2332 cirtem
515 2277 636 2335 aldredo
661 2288 844 2349 nuncupatos,
869 2287 951 2349 atque
975 2280 1028 2335 alia
1052 2280 1176 2349 quaedam
1201 2281 1355 2350 scripsisse,
1379 2281 1475 2336 Baleus
1499 2279 1592 2336 relert·
1619 2282 1699 2336 Certe
1723 2279 1892 2336 Folcardum

205 2349 329 2427 nostrum
353 2349 380 2403 S.
397 2346 515 2404 0swaldi
530 2349 731 2418 wigorniensis
754 2351 888 2421 episcopi,
907 2351 1078 2421 aliorumque
1101 2359 1257 2407 sanctornm
1281 2353 1386 2422 angliae
1409 2352 1539 2408 historias
1554 2353 1674 2408 suaviter
1687 2352 1891 2421 composuisse,

207 2422 286 2472 testis
301 2424 342 2473 est
355 2418 504 2476 Ordericns
523 2421 628 2486 vitalis,
645 2421 768 2491 ejusdem
792 2436 862 2491 pene
887 2424 1019 2491 temporis
1042 2423 1163 2492 scriptor
1179 2424 1248 2478 ilist.
1265 2424 1338 2478 Ecci.
1354 2423 1404 2480 lib.
1424 2440 1454 2490 ιι,
1470 2423 1504 2478 ari
1519 2437 1583 2478 ann.
1603 2422 1680 2488 1118,
1697 2423 1742 2478 ubi
1762 2423 1842 2492 plura
1857 2423 1894 2478 tle

204 2488 338 2544 Folcardo
354 2489 448 2546 hahet.
465 2492 534 2546 Vitae
547 2493 661 2548 loannis
676 2493 878 2563 archiepiscopi
896 2495 1109 2552 Eboraccnsisa
1133 2493 1266 2549 Folcarrlo
1282 2496 1393 2564 scriptae
1416 2496 1540 2550 meminit
1556 2495 1637 2550 etiam
1656 2501 1753 2550 auctor
1766 2495 1892 2550 incertus

203 2558 241 2613 lte
257 2559 310 2614 vita
334 2561 360 2616 S.
378 2562 493 2617 ioannis
515 2564 631 2620 llonast.
646 2567 686 2619 bn
708 2564 765 2630 iic,
783 2571 848 2622 tom.
865 2566 886 2632 l,
903 2566 950 2635 qrvi
967 2567 1070 2635 pariter
1084 2580 1115 2620 ac
1131 2566 1227 2620 Baleus
1242 2565 1404 2622 Folcardum
1427 2566 1649 2622 cantuariensem
1676 2573 1766 2631 vorat,
1798 2579 1894 2621 mona-

204 2628 423 2712 chumscilicet,
440 2646 496 2688 non
521 2635 594 2702 quod
618 2579 792 2692 liabifionius
806 2637 876 2692 male
891 2636 984 2702 hahet,
1000 2637 1224 2692 cantuariensem
1248 2637 1496 2708 archiepiscopum.
1513 2638 1600 2692 Vitam
1623 2639 1708 2707 ipsum
1719 2635 1820 2691 extulit
1839 2639 1894 2691 lla·

204 2699 337 2757 hrliomns
362 2705 430 2760 Saec.
448 2705 588 2762 Benedici.
606 2707 651 2774 111,
668 2713 738 2777 part.
755 2719 777 2773 1,
802 2721 862 2779 pag.
878 2707 941 2763 433.
967 2708 1076 2764 Librum
1094 2722 1158 2764 vero
1183 2708 1388 2776 lliraculornm,
1409 2723 1490 2780 quem
1515 2708 1596 2764 ctiam
1620 2715 1754 2764 memorat
1781 2707 1891 2773 liniens,

207 2774 331 2841 reperire
346 2789 402 2830 non
418 2777 518 2846 potuit.
537 2779 573 2833 De
588 2779 650 2834 aliis
665 2781 732 2834 Vitae
747 2780 911 2835 Bertinianae
926 2780 1118 2849 scriptoribus,
1135 2793 1272 2850 anonymo
1286 2781 1404 2850 quodam
1421 2781 1587 2849 antiquiore,
1600 2785 1627 2835 et
1642 2779 1777 2849 Folquiuo
1791 2780 1893 2835 abbate

202 2843 341 2908 bobiensi,
357 2849 486 2902 hetorum
502 2849 584 2904 etiam
599 2851 643 2906 SS.
655 2851 814 2918 insomnii,
826 2852 952 2922 Folquini
972 2851 1107 2921 episcopi,
1120 2853 1247 2907 Winnoci
1263 2858 1291 2907 et
1309 2851 1410 2908 Salvini
1430 2851 1611 2920 compilatore
1630 2864 1769 2920 anonymo
1785 2851 1887 2917 altero,
2006 2867 2007 2938 t

205 2913 326 2986 deniqne
342 2919 453 2974 Simone
469 2921 567 2976 abbate
578 2921 737 2991 sithivensi,
749 2931 867 2979 exeunte
882 2922 985 2980 saeculo
996 2937 1036 2978 ιιι
1046 2923 1133 2991 claro,
1144 2923 1223 2994 plura
1239 2929 1266 2980 te
1276 2922 1389 2979 docebit
1399 2929 1427 2979 et
1439 2922 1650 2979 lluhilloniusin
1662 2922 1894 2979 observationibus

202 2989 318 3056 moeniis,
334 2989 381 3044 ubi
396 3003 489 3060 supra,
506 3006 568 3062 pag.
587 2991 647 3046 104.

706 3275 890 3420 llll
942 3278 1003 3421 S.
1055 3279 1381 3422 uhhltht

576 3525 812 3613 ABBATIS
842 3523 1175 3613 SITHIVENSIS
1204 3525 1261 3612 IN
1289 3525 1515 3613 MORJNIS

867 3699 1015 3766 Auctore
1047 3700 1224 3765 Fononnno

505 3868 593 3941 (Apud
612 3869 738 3938 Μιιιιιι,
762 3871 830 3927 Aoto
853 3869 909 3927 SS.
933 3867 992 3924 ord.
1017 3867 1050 3924 S.
1074 3819 1172 3923 henco}
1197 3867 1244 3936 111,
1265 3871 1343 3938 parte
1361 3883 1392 3937 ιι,
1416 3883 1478 3941 pag.
1512 3867 1586 3941 101.)

944 3998 1144 4014 ρ

686 4119 1136 4213 OBSERVATIONES
1168 4121 1405 4208 PRAEVIAE

239 4289 264 4345 l.
289 4290 366 4347 llulti
389 4293 465 4362 gesta
484 4291 512 4346 S.
528 4289 631 4348 Bertini
653 4291 761 4348 abbatis
779 4292 807 4347 in
822 4291 929 4347 litteras
947 4284 1228 4355 retu-Asnbprioris,
1245 4291 1301 4342 tum
1324 4287 1513 4344 humanissimi
1528 4288 1559 4344 Ι).
1575 4288 1688 4346 cerami
1703 4289 1739 4346 du
1757 4291 1809 4348 Vol
1832 4307 1892 4350 coe.

203 4380 271 4438 lere.
301 4382 354 4437 Sex
381 4381 493 4437 omnino
515 4381 626 4438 invenio
642 4381 757 4453 hujusce
776 4381 929 4454 argumenti
949 4380 1025 4436 lucu·
1065 4374 1178 4430 nobitae.
1204 4375 1255 4431 llic
1270 4375 1380 4432 unicum
1400 4377 1562 4434 exhibemus
1584 4377 1759 4446 Foicardum,
1774 4381 1812 4438 tle
1831 4383 1892 4440 aliis

203 4469 354 4528 brettones.
366 4471 457 4528 Prima
469 4475 512 4528 est
526 4472 654 4542 anonymi
669 4471 822 4542 cuiusdam,
834 4485 915 4542 quem
931 4469 1025 4527 ceteri
1067 4463 1228 4521 auctoribus
1243 4479 1330 4535 pauca
1350 4465 1462 4522 dicturi·

204 4563 300 4630 postea
323 4561 410 4616 secuti
438 4563 512 4616 sunt.
540 4560 665 4617 Secunda
692 4559 820 4631 Fclqnini
845 4560 952 4616 abbatis
974 4561 1027 4615 Lo·
1102 4551 1130 4607 2·
1157 4556 1329 4625 anonymum
1353 4555 1412 4610 vita
1440 4553 1606 4611 bertinianae
1632 4555 1797 4626 scriptorem
1829 4575 1893 4630 per·

203 4649 318 4717 biensis,
339 4649 385 4720 qui
408 4651 475 4706 icta
494 4649 540 4706 SS.
566 4649 725 4714 hadomari,
754 4648 868 4717 bertini,
898 4648 1026 4720 l'olqninl
1067 4641 1209 4712 antiquum
1233 4641 1347 4699 laudant
1369 4649 1467 4701 auctor
1484 4644 1547 4701 libri
1568 4646 1605 4700 lie
1620 4645 1706 4716 gestis
1718 4646 1747 4701 S.
1764 4647 1893 4704 winnoci

202 4739 337 4809 episcopi,
353 4737 482 4796 winnoci
506 4741 534 4794 et
555 4738 651 4794 Silvinl
677 4737 798 4794 Waltero
822 4737 914 4794 abbati
938 4738 1025 4794 Berti-
1066 4730 1184 4799 abbatis,
1201 4732 1352 4789 Foicardns
1366 4738 1393 4789 et
1412 4733 1459 4789 aiii
1477 4754 1483 4789 :
1504 4731 1668 4805 ioiqninum
1690 4734 1815 4792 lacobus
1834 4737 1894 4792 hal·

202 4827 297 4896 niano,
308 4838 381 4884 anno
395 4827 449 4883 996
464 4831 573 4884 mortuo
588 4828 764 4899 nuncupavit.
781 4827 872 4883 Tertia
886 4833 915 4883 et
928 4829 1026 4896 quarta
1068 4821 1189 4877 brancns
1203 4823 1314 4892 passim,
1329 4823 1445 4879 maxime
1459 4823 1487 4878 in
1502 4823 1617 4880 scholiis
1631 4824 1665 4881 erl
1680 4837 1741 4896 cap.
1761 4823 1787 4893 l,
1803 4825 1854 4882 lib.
1866 4841 1894 4882 ιιι

203 4923 344 4976 auctorem
360 4977 362 4980 ,
376 4917 479 4974 habent
506 4917 685 4983 folcardum,
713 4916 876 4972 Sithivensis
905 4913 1026 4972 coencbii
1066 4911 1105 4967 lie
1127 4911 1251 4980 llorinis,
1267 4911 1315 4968 nbi
1339 4913 1377 4968 ait
1402 4913 1570 4982 rotqntnnrn
1593 4913 1622 4969 in
1635 4913 1712 4970 Actis
1734 4915 1781 4972 SS.
1798 4917 1894 4973 iudo·

203 5009 377 5066 monachum.
392 5005 492 5076 Quinta
507 5011 535 5062 et
553 5009 629 5063 senta
646 5007 759 5064 metrice
776 5006 935 5075 composita
950 5009 1025 5072 sunt,
1067 5000 1145 5068 mari,
1163 5001 1277 5068 bertini,
1294 5005 1359 5070 etc,
1376 5001 1461 5058 muita
1477 5002 1645 5072 praeteriisse
1660 5017 1723 5074 que
1737 5003 1814 5076 hpuvl
1827 5007 1896 5063 alios

203 5111 259 5154 uua
282 5098 394 5169 quidem
420 5097 454 5152 ab
478 5109 614 5168 anonymo
641 5094 770 5167 quodam,
790 5095 842 5150 alia
868 5095 1024 5160 aSimone,
1067 5091 1190 5160 reperire
1215 5095 1267 5156 est,
1292 5091 1357 5162 qnia
1380 5091 1553 5149 solummodo
1577 5107 1608 5148 ea
1632 5094 1757 5150 inserere
1775 5095 1806 5150 in
1826 5097 1895 5152 votis

204 5194 235 5244 ut
263 5193 369 5259 putant,
394 5187 493 5244 abbate
521 5185 668 5243 Sithivensi
692 5185 743 5242 snb
762 5184 843 5240 inem
866 5183 961 5241 saecnli
975 5197 1025 5247 ιιιι,
1067 5179 1249 5249 habuitque
1273 5180 1440 5238 lectionibus
1465 5182 1595 5239 Breviarii
1620 5191 1734 5255 possent
1756 5185 1892 5257 adaptari.

204 5291 361 5349 quanquam
384 5280 505 5335 loannes
522 5276 630 5348 iperius
644 5276 678 5331 tle
693 5276 803 5331 Simone
818 5274 916 5330 abbate
930 5285 1024 5343 agens,
1068 5270 1147 5324 llunc
1171 5275 1268 5339 putant
1287 5283 1347 5327 esse
1371 5271 1535 5342 Foiqninum
1554 5272 1663 5329 levitam
1682 5281 1710 5330 et
1728 5275 1893 5331 monachum

205 5368 265 5438 ejus
278 5369 330 5436 rei,
345 5369 374 5424 ui
387 5367 477 5436 inllor,
493 5367 566 5424 haud
581 5365 714 5424 meminit.
734 5366 856 5433 Quatuor
874 5369 1027 5433 postremas
1068 5356 1265 5426 bertinianum,
1295 5361 1342 5429 qui
1371 5360 1527 5432 principum
1555 5376 1590 5418 ac
1618 5375 1712 5434 regum
1741 5363 1894 5434 diplomata

205 5457 372 5527 scriptiones
386 5473 402 5515 e
416 5459 584 5516 monasterio
598 5454 746 5514 sithivensi
760 5453 926 5524 accepimus,
943 5451 1026 5508 hene
1067 5445 1175 5516 aliaque
1191 5446 1372 5505 instrumenta
1391 5449 1421 5506 iu
1436 5464 1519 5507 unum
1539 5451 1641 5516 retulit.
1658 5456 1686 5508 et
1700 5451 1781 5507 annis
1800 5467 1893 5524 regium

206 5546 271 5613 ticio
290 5551 346 5603 tum
364 5547 416 5604 viri
440 5546 640 5618 religiosissimi
664 5547 694 5600 1).
707 5542 820 5602 loannis
833 5543 869 5599 Le
883 5542 1025 5613 Peopucor,
1067 5546 1155 5593 annos
1173 5536 1324 5595 bominicae
1348 5539 1549 5598 incarnationis
1574 5541 1696 5611 aptavit;
1721 5553 1776 5611 qna
1791 5543 1822 5598 in
1837 5554 1893 5598 rea
