<?xml version="1.0" encoding="UTF-8"?>
<!DOCTYPE html PUBLIC "-//W3C//DTD XHTML 1.0 Transitional//EN"
    "http://www.w3.org/TR/xhtml1/DTD/xhtml1-transitional.dtd">
<html xmlns="http://www.w3.org/1999/xhtml" xml:lang="en" lang="en">
 <head>
  <title>
</title>
<meta http-equiv="Content-Type" content="text/html;charset=utf-8" />
  <meta name='ocr-system' content='tesseract 3.04.00' />
  <meta name='ocr-capabilities' content='ocr_page ocr_carea ocr_par ocr_line ocrx_word'/>
</head>
<body>
  <div class='ocr_page' id='page_1' title='image "./patrologiaecurs128unkngoog/patrologiaecurs128unkngoog_0254.png"; bbox 0 0 4024 6174; ppageno 0'>
   <div class='ocr_carea' id='block_1_1' title="bbox 181 244 1907 340">
    <p class='ocr_par' dir='ltr' id='par_1_1' title="bbox 181 244 1907 340">
     <span class='ocr_line' id='line_1_1' title="bbox 181 244 1907 340; baseline -0.005 -30"><span class='ocrx_word' id='word_1_1' title='bbox 181 333 184 340; x_wconf 77' lang='lat'>,</span> <span class='ocrx_word' id='word_1_2' title='bbox 222 256 276 314; x_wconf 78' lang='grc'>499</span> <span class='ocrx_word' id='word_1_3' title='bbox 749 253 915 309; x_wconf 77' lang='lat' dir='ltr'><strong>BRUNONIS</strong></span> <span class='ocrx_word' id='word_1_4' title='bbox 933 251 1066 308; x_wconf 78' lang='lat' dir='ltr'>obhhlcl</span> <span class='ocrx_word' id='word_1_5' title='bbox 1085 253 1383 312; x_wconf 76' lang='lat' dir='ltr'>haebbohtiehttsls</span> <span class='ocrx_word' id='word_1_6' title='bbox 1496 245 1498 250; x_wconf 71' lang='grc'><strong>’</strong></span> <span class='ocrx_word' id='word_1_7' title='bbox 1854 244 1907 302; x_wconf 67' lang='grc' dir='ltr'>δα)</span> 
     </span>
    </p>
   </div>
   <div class='ocr_carea' id='block_1_2' title="bbox 219 374 1917 5002">
    <p class='ocr_par' dir='ltr' id='par_1_2' title="bbox 219 374 1917 5002">
     <span class='ocr_line' id='line_1_2' title="bbox 223 374 1910 455; baseline -0.007 -17"><span class='ocrx_word' id='word_1_8' title='bbox 223 381 319 450; x_wconf 86' lang='lat' dir='ltr'>pulcra</span> <span class='ocrx_word' id='word_1_9' title='bbox 342 394 424 455; x_wconf 89' lang='lat' dir='ltr'>quam</span> <span class='ocrx_word' id='word_1_10' title='bbox 447 378 530 438; x_wconf 90' lang='lat' dir='ltr'>lortia</span> <span class='ocrx_word' id='word_1_11' title='bbox 554 393 613 438; x_wconf 90' lang='lat' dir='ltr'>esse</span> <span class='ocrx_word' id='word_1_12' title='bbox 636 378 788 436; x_wconf 77' lang='lat' dir='ltr'>laborabat.</span> <span class='ocrx_word' id='word_1_13' title='bbox 807 378 906 434; x_wconf 78' lang='lat' dir='ltr'>Beatus</span> <span class='ocrx_word' id='word_1_14' title='bbox 924 380 952 434; x_wconf 91' lang='lat' dir='ltr'>ct</span> <span class='ocrx_word' id='word_1_15' title='bbox 966 374 1205 452; x_wconf 80' lang='lat' dir='ltr'>valdeAllogauit</span> <span class='ocrx_word' id='word_1_16' title='bbox 1227 380 1309 438; x_wconf 89' lang='lat' dir='ltr'>etiam</span> <span class='ocrx_word' id='word_1_17' title='bbox 1332 379 1360 436; x_wconf 94' lang='lat' dir='ltr'>in</span> <span class='ocrx_word' id='word_1_18' title='bbox 1385 377 1488 438; x_wconf 89' lang='lat' dir='ltr'>eisdem</span> <span class='ocrx_word' id='word_1_19' title='bbox 1511 375 1613 434; x_wconf 88' lang='lat' dir='ltr'>litteris</span> <span class='ocrx_word' id='word_1_20' title='bbox 1635 377 1772 446; x_wconf 64' lang='lat' dir='ltr'>patenas</span> <span class='ocrx_word' id='word_1_21' title='bbox 1794 385 1825 428; x_wconf 85' lang='lat' dir='ltr'>ae</span> <span class='ocrx_word' id='word_1_22' title='bbox 1849 383 1910 428; x_wconf 90' lang='lat' dir='ltr'>cum</span> 
     </span>
     <span class='ocr_line' id='line_1_3' title="bbox 222 459 1911 540; baseline -0.005 -13"><span class='ocrx_word' id='word_1_23' title='bbox 222 471 320 530; x_wconf 87' lang='lat' dir='ltr'>beatus</span> <span class='ocrx_word' id='word_1_24' title='bbox 341 475 425 540; x_wconf 88' lang='lat' dir='ltr'>esset,</span> <span class='ocrx_word' id='word_1_25' title='bbox 451 470 475 528; x_wconf 91' lang='lat' dir='ltr'>si</span> <span class='ocrx_word' id='word_1_26' title='bbox 498 469 665 526; x_wconf 72' lang='lat' dir='ltr'><strong>munitiones</strong></span> <span class='ocrx_word' id='word_1_27' title='bbox 683 466 793 524; x_wconf 89' lang='lat' dir='ltr'>easdem</span> <span class='ocrx_word' id='word_1_28' title='bbox 811 473 907 524; x_wconf 89' lang='lat' dir='ltr'>eontra</span> <span class='ocrx_word' id='word_1_29' title='bbox 927 479 1048 538; x_wconf 90' lang='lat' dir='ltr'>paganos</span> <span class='ocrx_word' id='word_1_30' title='bbox 1086 471 1200 526; x_wconf 85' lang='lat' dir='ltr'>hunone</span> <span class='ocrx_word' id='word_1_31' title='bbox 1223 469 1383 526; x_wconf 82' lang='lat' dir='ltr'>coloniensi</span> <span class='ocrx_word' id='word_1_32' title='bbox 1407 466 1618 537; x_wconf 77' lang='lat' dir='ltr'>archiepiscopo</span> <span class='ocrx_word' id='word_1_33' title='bbox 1632 463 1792 520; x_wconf 83' lang='lat' dir='ltr'>doctissimo</span> <span class='ocrx_word' id='word_1_34' title='bbox 1806 459 1911 518; x_wconf 84' lang='lat' dir='ltr'>loeders</span> 
     </span>
     <span class='ocr_line' id='line_1_4' title="bbox 222 549 1910 630; baseline -0.005 -16"><span class='ocrx_word' id='word_1_35' title='bbox 222 559 365 618; x_wconf 80' lang='lat' dir='ltr'><strong>erexisset.</strong></span> <span class='ocrx_word' id='word_1_36' title='bbox 391 561 457 616; x_wconf 86' lang='lat' dir='ltr'>Nam</span> <span class='ocrx_word' id='word_1_37' title='bbox 480 559 534 629; x_wconf 92' lang='lat' dir='ltr'>ipsi</span> <span class='ocrx_word' id='word_1_38' title='bbox 556 559 610 628; x_wconf 87' lang='lat' dir='ltr'>jam</span> <span class='ocrx_word' id='word_1_39' title='bbox 629 556 731 614; x_wconf 87' lang='lat' dir='ltr'>dudum</span> <span class='ocrx_word' id='word_1_40' title='bbox 748 561 794 613; x_wconf 89' lang='lat' dir='ltr'>aut</span> <span class='ocrx_word' id='word_1_41' title='bbox 813 569 909 614; x_wconf 88' lang='lat' dir='ltr'>omnes</span> <span class='ocrx_word' id='word_1_42' title='bbox 931 553 1048 613; x_wconf 89' lang='lat' dir='ltr'>luissent</span> <span class='ocrx_word' id='word_1_43' title='bbox 1087 559 1305 630; x_wconf 86' lang='lat' dir='ltr'>conjungerent;</span> <span class='ocrx_word' id='word_1_44' title='bbox 1331 571 1386 615; x_wconf 92' lang='lat' dir='ltr'>uon</span> <span class='ocrx_word' id='word_1_45' title='bbox 1410 556 1485 628; x_wconf 90' lang='lat' dir='ltr'>quod</span> <span class='ocrx_word' id='word_1_46' title='bbox 1504 555 1627 626; x_wconf 91' lang='lat' dir='ltr'>qualibet</span> <span class='ocrx_word' id='word_1_47' title='bbox 1646 553 1791 610; x_wconf 76' lang='lat' dir='ltr'>inimicitia</span> <span class='ocrx_word' id='word_1_48' title='bbox 1804 549 1910 608; x_wconf 86' lang='lat' dir='ltr'>dissili-</span> 
     </span>
     <span class='ocr_line' id='line_1_5' title="bbox 222 639 1911 718; baseline -0.004 -16"><span class='ocrx_word' id='word_1_49' title='bbox 222 647 376 716; x_wconf 88' lang='lat' dir='ltr'>ehristiani,</span> <span class='ocrx_word' id='word_1_50' title='bbox 400 654 448 704; x_wconf 90' lang='lat' dir='ltr'>aut</span> <span class='ocrx_word' id='word_1_51' title='bbox 472 646 628 704; x_wconf 90' lang='lat' dir='ltr'>christianis</span> <span class='ocrx_word' id='word_1_52' title='bbox 652 645 824 716; x_wconf 89' lang='lat' dir='ltr'>principibus</span> <span class='ocrx_word' id='word_1_53' title='bbox 837 646 866 702; x_wconf 88' lang='lat' dir='ltr'>in</span> <span class='ocrx_word' id='word_1_54' title='bbox 883 650 1046 718; x_wconf 90' lang='lat' dir='ltr'>perpetuum</span> <span class='ocrx_word' id='word_1_55' title='bbox 1087 651 1158 713; x_wconf 91' lang='lat' dir='ltr'>rent,</span> <span class='ocrx_word' id='word_1_56' title='bbox 1173 647 1222 703; x_wconf 91' lang='lat' dir='ltr'>sed</span> <span class='ocrx_word' id='word_1_57' title='bbox 1238 647 1302 718; x_wconf 94' lang='lat' dir='ltr'>quia</span> <span class='ocrx_word' id='word_1_58' title='bbox 1316 659 1372 703; x_wconf 93' lang='lat' dir='ltr'>non</span> <span class='ocrx_word' id='word_1_59' title='bbox 1386 644 1450 702; x_wconf 92' lang='lat' dir='ltr'>talis</span> <span class='ocrx_word' id='word_1_60' title='bbox 1464 643 1584 700; x_wconf 88' lang='lat' dir='ltr'>amicitia</span> <span class='ocrx_word' id='word_1_61' title='bbox 1599 656 1648 700; x_wconf 92' lang='lat' dir='ltr'>eos</span> <span class='ocrx_word' id='word_1_62' title='bbox 1666 641 1786 698; x_wconf 88' lang='lat' dir='ltr'>ddeliter</span> <span class='ocrx_word' id='word_1_63' title='bbox 1803 639 1911 696; x_wconf 89' lang='lat' dir='ltr'>aduna-</span> 
     </span>
     <span class='ocr_line' id='line_1_6' title="bbox 222 728 1912 807; baseline -0.005 -16"><span class='ocrx_word' id='word_1_64' title='bbox 222 735 370 793; x_wconf 90' lang='lat' dir='ltr'>trihutarii.</span> <span class='ocrx_word' id='word_1_65' title='bbox 400 736 453 792; x_wconf 90' lang='lat' dir='ltr'>Sed</span> <span class='ocrx_word' id='word_1_66' title='bbox 482 737 544 792; x_wconf 85' lang='lat' dir='ltr'>hec</span> <span class='ocrx_word' id='word_1_67' title='bbox 571 733 747 791; x_wconf 89' lang='lat' dir='ltr'>castellorum</span> <span class='ocrx_word' id='word_1_68' title='bbox 776 733 892 791; x_wconf 86' lang='lat' dir='ltr'>diversis</span> <span class='ocrx_word' id='word_1_69' title='bbox 920 735 948 790; x_wconf 94' lang='lat' dir='ltr'>in</span> <span class='ocrx_word' id='word_1_70' title='bbox 976 734 1046 791; x_wconf 90' lang='lat' dir='ltr'>locis</span> <span class='ocrx_word' id='word_1_71' title='bbox 1087 742 1148 803; x_wconf 93' lang='lat' dir='ltr'>ret,</span> <span class='ocrx_word' id='word_1_72' title='bbox 1178 740 1209 793; x_wconf 92' lang='lat' dir='ltr'>ut</span> <span class='ocrx_word' id='word_1_73' title='bbox 1234 742 1350 807; x_wconf 87' lang='lat' dir='ltr'>uterque</span> <span class='ocrx_word' id='word_1_74' title='bbox 1373 735 1454 792; x_wconf 91' lang='lat' dir='ltr'>alteri</span> <span class='ocrx_word' id='word_1_75' title='bbox 1477 737 1587 790; x_wconf 87' lang='lat' dir='ltr'>secreta</span> <span class='ocrx_word' id='word_1_76' title='bbox 1608 745 1658 788; x_wconf 91' lang='lat' dir='ltr'>sua</span> <span class='ocrx_word' id='word_1_77' title='bbox 1685 729 1811 797; x_wconf 87' lang='lat' dir='ltr'>credere,</span> <span class='ocrx_word' id='word_1_78' title='bbox 1838 728 1912 784; x_wconf 90' lang='lat' dir='ltr'>sicut</span> 
     </span>
     <span class='ocr_line' id='line_1_7' title="bbox 221 818 1913 895; baseline -0.005 -14"><span class='ocrx_word' id='word_1_79' title='bbox 221 825 390 883; x_wconf 81' lang='lat' dir='ltr'>constructio</span> <span class='ocrx_word' id='word_1_80' title='bbox 406 825 428 856; x_wconf 77' lang='lat'>⁸¹</span> <span class='ocrx_word' id='word_1_81' title='bbox 452 825 541 895; x_wconf 90' lang='lat' dir='ltr'>primo</span> <span class='ocrx_word' id='word_1_82' title='bbox 561 824 730 881; x_wconf 84' lang='lat' dir='ltr'>nostratibus</span> <span class='ocrx_word' id='word_1_83' title='bbox 744 824 859 895; x_wconf 89' lang='lat' dir='ltr'>puerilis</span> <span class='ocrx_word' id='word_1_84' title='bbox 872 823 893 856; x_wconf 74' lang='lat'>⁸⁸</span> <span class='ocrx_word' id='word_1_85' title='bbox 912 822 993 880; x_wconf 88' lang='lat' dir='ltr'>ludus</span> <span class='ocrx_word' id='word_1_86' title='bbox 1006 824 1047 880; x_wconf 84' lang='lat' dir='ltr'>ui·</span> <span class='ocrx_word' id='word_1_87' title='bbox 1087 824 1179 891; x_wconf 86' lang='lat' dir='ltr'>uellet,</span> <span class='ocrx_word' id='word_1_88' title='bbox 1195 825 1320 882; x_wconf 91' lang='lat' dir='ltr'>auderet.</span> <span class='ocrx_word' id='word_1_89' title='bbox 1337 826 1396 882; x_wconf 89' lang='lat' dir='ltr'>lloc</span> <span class='ocrx_word' id='word_1_90' title='bbox 1410 830 1502 882; x_wconf 86' lang='lat' dir='ltr'>autem</span> <span class='ocrx_word' id='word_1_91' title='bbox 1517 821 1593 878; x_wconf 91' lang='lat' dir='ltr'>omni</span> <span class='ocrx_word' id='word_1_92' title='bbox 1608 833 1693 891; x_wconf 90' lang='lat' dir='ltr'>regno</span> <span class='ocrx_word' id='word_1_93' title='bbox 1712 818 1772 876; x_wconf 89' lang='lat' dir='ltr'>lore</span> <span class='ocrx_word' id='word_1_94' title='bbox 1786 831 1913 874; x_wconf 86' lang='lat' dir='ltr'>necessa-</span> 
     </span>
     <span class='ocr_line' id='line_1_8' title="bbox 222 907 1910 987; baseline -0.004 -16"><span class='ocrx_word' id='word_1_95' title='bbox 222 911 349 984; x_wconf 90' lang='lat' dir='ltr'>debatur,</span> <span class='ocrx_word' id='word_1_96' title='bbox 366 915 429 987; x_wconf 91' lang='lat' dir='ltr'>quia</span> <span class='ocrx_word' id='word_1_97' title='bbox 451 913 573 971; x_wconf 90' lang='lat' dir='ltr'>nondum</span> <span class='ocrx_word' id='word_1_98' title='bbox 598 914 658 984; x_wconf 85' lang='lat' dir='ltr'>ejus</span> <span class='ocrx_word' id='word_1_99' title='bbox 672 914 790 971; x_wconf 89' lang='lat' dir='ltr'>intentio</span> <span class='ocrx_word' id='word_1_100' title='bbox 805 913 875 970; x_wconf 93' lang='lat' dir='ltr'>mala</span> <span class='ocrx_word' id='word_1_101' title='bbox 897 927 1047 985; x_wconf 89' lang='lat' dir='ltr'>coguosce-</span> <span class='ocrx_word' id='word_1_102' title='bbox 1086 914 1176 983; x_wconf 85' lang='lat' dir='ltr'>rium;</span> <span class='ocrx_word' id='word_1_103' title='bbox 1192 913 1257 985; x_wconf 89' lang='lat' dir='ltr'>quia</span> <span class='ocrx_word' id='word_1_104' title='bbox 1274 913 1298 970; x_wconf 91' lang='lat' dir='ltr'>si</span> <span class='ocrx_word' id='word_1_105' title='bbox 1323 913 1364 970; x_wconf 91' lang='lat' dir='ltr'>illi</span> <span class='ocrx_word' id='word_1_106' title='bbox 1387 913 1453 981; x_wconf 89' lang='lat' dir='ltr'>duo,</span> <span class='ocrx_word' id='word_1_107' title='bbox 1469 911 1517 983; x_wconf 90' lang='lat' dir='ltr'>qui</span> <span class='ocrx_word' id='word_1_108' title='bbox 1537 911 1655 982; x_wconf 64' lang='lat' dir='ltr'>numeres</span> <span class='ocrx_word' id='word_1_109' title='bbox 1669 915 1749 966; x_wconf 89' lang='lat' dir='ltr'>erant</span> <span class='ocrx_word' id='word_1_110' title='bbox 1762 907 1792 966; x_wconf 90' lang='lat' dir='ltr'>in</span> <span class='ocrx_word' id='word_1_111' title='bbox 1811 921 1910 978; x_wconf 89' lang='lat' dir='ltr'>regno,</span> 
     </span>
     <span class='ocr_line' id='line_1_9' title="bbox 221 997 1912 1074; baseline -0.004 -15"><span class='ocrx_word' id='word_1_112' title='bbox 221 1004 313 1062; x_wconf 89' lang='lat' dir='ltr'>batur.</span> <span class='ocrx_word' id='word_1_113' title='bbox 343 1006 377 1061; x_wconf 83' lang='lat' dir='ltr'>llt</span> <span class='ocrx_word' id='word_1_114' title='bbox 401 1016 456 1061; x_wconf 91' lang='lat' dir='ltr'>nen</span> <span class='ocrx_word' id='word_1_115' title='bbox 479 1003 569 1062; x_wconf 90' lang='lat' dir='ltr'>solum</span> <span class='ocrx_word' id='word_1_116' title='bbox 595 1017 627 1060; x_wconf 93' lang='lat' dir='ltr'>ea</span> <span class='ocrx_word' id='word_1_117' title='bbox 655 1003 725 1071; x_wconf 91' lang='lat' dir='ltr'>lieri,</span> <span class='ocrx_word' id='word_1_118' title='bbox 750 1002 835 1061; x_wconf 91' lang='lat' dir='ltr'>nichil</span> <span class='ocrx_word' id='word_1_119' title='bbox 858 1002 948 1060; x_wconf 92' lang='lat' dir='ltr'>adhuc</span> <span class='ocrx_word' id='word_1_120' title='bbox 968 1002 1046 1074; x_wconf 92' lang='lat' dir='ltr'>peri·</span> <span class='ocrx_word' id='word_1_121' title='bbox 1086 1003 1206 1061; x_wconf 83' lang='lat' dir='ltr'>destiter</span> <span class='ocrx_word' id='word_1_122' title='bbox 1228 1005 1257 1060; x_wconf 90' lang='lat' dir='ltr'>iu</span> <span class='ocrx_word' id='word_1_123' title='bbox 1276 1017 1360 1060; x_wconf 92' lang='lat' dir='ltr'>uuum</span> <span class='ocrx_word' id='word_1_124' title='bbox 1386 1001 1577 1069; x_wconf 86' lang='lat' dir='ltr'>convenirent,</span> <span class='ocrx_word' id='word_1_125' title='bbox 1601 1001 1630 1056; x_wconf 92' lang='lat' dir='ltr'>in</span> <span class='ocrx_word' id='word_1_126' title='bbox 1654 999 1740 1056; x_wconf 93' lang='lat' dir='ltr'>multa</span> <span class='ocrx_word' id='word_1_127' title='bbox 1761 997 1912 1054; x_wconf 76' lang='lat' dir='ltr'>securitate</span> 
     </span>
     <span class='ocr_line' id='line_1_10' title="bbox 221 1088 1913 1164; baseline -0.004 -16"><span class='ocrx_word' id='word_1_128' title='bbox 221 1092 276 1148; x_wconf 87' lang='lat' dir='ltr'>culi</span> <span class='ocrx_word' id='word_1_129' title='bbox 294 1093 432 1160; x_wconf 89' lang='lat' dir='ltr'>timentes,</span> <span class='ocrx_word' id='word_1_130' title='bbox 457 1105 519 1148; x_wconf 91' lang='lat' dir='ltr'>cum</span> <span class='ocrx_word' id='word_1_131' title='bbox 541 1093 597 1162; x_wconf 82' lang='lat' dir='ltr'>jam</span> <span class='ocrx_word' id='word_1_132' title='bbox 622 1096 745 1162; x_wconf 89' lang='lat' dir='ltr'>possent,</span> <span class='ocrx_word' id='word_1_133' title='bbox 771 1105 826 1152; x_wconf 88' lang='lat' dir='ltr'>bon</span> <span class='ocrx_word' id='word_1_134' title='bbox 850 1091 1044 1164; x_wconf 78' lang='lat' dir='ltr'>prohibebant,</span> <span class='ocrx_word' id='word_1_135' title='bbox 1087 1098 1174 1150; x_wconf 92' lang='lat' dir='ltr'>totum</span> <span class='ocrx_word' id='word_1_136' title='bbox 1203 1106 1316 1164; x_wconf 87' lang='lat' dir='ltr'>regnum</span> <span class='ocrx_word' id='word_1_137' title='bbox 1346 1092 1516 1150; x_wconf 80' lang='lat' dir='ltr'>consthuere</span> <span class='ocrx_word' id='word_1_138' title='bbox 1546 1090 1710 1161; x_wconf 89' lang='lat' dir='ltr'>potuissent.</span> <span class='ocrx_word' id='word_1_139' title='bbox 1737 1088 1796 1144; x_wconf 89' lang='lat' dir='ltr'>iloc</span> <span class='ocrx_word' id='word_1_140' title='bbox 1819 1093 1913 1142; x_wconf 89' lang='lat' dir='ltr'>autem</span> 
     </span>
     <span class='ocr_line' id='line_1_11' title="bbox 220 1176 1914 1253; baseline -0.002 -17"><span class='ocrx_word' id='word_1_141' title='bbox 220 1181 410 1238; x_wconf 88' lang='lat' dir='ltr'>verumetiam</span> <span class='ocrx_word' id='word_1_142' title='bbox 434 1195 468 1237; x_wconf 86' lang='lat' dir='ltr'>ex</span> <span class='ocrx_word' id='word_1_143' title='bbox 489 1180 544 1238; x_wconf 92' lang='lat' dir='ltr'>bec</span> <span class='ocrx_word' id='word_1_144' title='bbox 563 1195 625 1238; x_wconf 88' lang='lat' dir='ltr'>eum</span> <span class='ocrx_word' id='word_1_145' title='bbox 640 1180 699 1238; x_wconf 90' lang='lat' dir='ltr'>lere</span> <span class='ocrx_word' id='word_1_146' title='bbox 714 1186 812 1238; x_wconf 89' lang='lat' dir='ltr'>contra</span> <span class='ocrx_word' id='word_1_147' title='bbox 826 1181 953 1238; x_wconf 90' lang='lat' dir='ltr'>nationes</span> <span class='ocrx_word' id='word_1_148' title='bbox 967 1187 1047 1238; x_wconf 83' lang='lat' dir='ltr'>exte-</span> <span class='ocrx_word' id='word_1_149' title='bbox 1086 1181 1150 1240; x_wconf 90' lang='lat' dir='ltr'>illos</span> <span class='ocrx_word' id='word_1_150' title='bbox 1164 1183 1234 1240; x_wconf 89' lang='lat' dir='ltr'>duos</span> <span class='ocrx_word' id='word_1_151' title='bbox 1248 1182 1395 1253; x_wconf 90' lang='lat' dir='ltr'>episcopus</span> <span class='ocrx_word' id='word_1_152' title='bbox 1410 1195 1443 1238; x_wconf 92' lang='lat' dir='ltr'>ee</span> <span class='ocrx_word' id='word_1_153' title='bbox 1457 1179 1538 1238; x_wconf 88' lang='lat' dir='ltr'>laeile</span> <span class='ocrx_word' id='word_1_154' title='bbox 1549 1178 1658 1237; x_wconf 85' lang='lat' dir='ltr'>allicere</span> <span class='ocrx_word' id='word_1_155' title='bbox 1674 1176 1914 1249; x_wconf 87' lang='lat' dir='ltr'>posse,quealtcr</span> 
     </span>
     <span class='ocr_line' id='line_1_12' title="bbox 220 1263 1915 1342; baseline -0.002 -18"><span class='ocrx_word' id='word_1_156' title='bbox 220 1281 265 1326; x_wconf 86' lang='lat' dir='ltr'>ras</span> <span class='ocrx_word' id='word_1_157' title='bbox 294 1269 457 1328; x_wconf 84' lang='lat' dir='ltr'>bellicosum</span> <span class='ocrx_word' id='word_1_158' title='bbox 481 1269 559 1340; x_wconf 85' lang='lat' dir='ltr'>quasi</span> <span class='ocrx_word' id='word_1_159' title='bbox 584 1269 748 1336; x_wconf 85' lang='lat' dir='ltr'>divinantes,</span> <span class='ocrx_word' id='word_1_160' title='bbox 769 1269 804 1326; x_wconf 88' lang='lat' dir='ltr'>ad</span> <span class='ocrx_word' id='word_1_161' title='bbox 826 1271 901 1342; x_wconf 89' lang='lat' dir='ltr'>ipsas</span> <span class='ocrx_word' id='word_1_162' title='bbox 924 1269 1045 1328; x_wconf 83' lang='lat' dir='ltr'>editlca·</span> <span class='ocrx_word' id='word_1_163' title='bbox 1087 1284 1201 1339; x_wconf 87' lang='lat' dir='ltr'>eorum,</span> <span class='ocrx_word' id='word_1_164' title='bbox 1230 1269 1338 1328; x_wconf 89' lang='lat' dir='ltr'>scilicet</span> <span class='ocrx_word' id='word_1_165' title='bbox 1364 1269 1622 1340; x_wconf 67' lang='lat' dir='ltr'>magedaburgensis</span> <span class='ocrx_word' id='word_1_166' title='bbox 1641 1272 1714 1324; x_wconf 91' lang='lat' dir='ltr'>esset</span> <span class='ocrx_word' id='word_1_167' title='bbox 1731 1264 1827 1331; x_wconf 89' lang='lat' dir='ltr'>irater,</span> <span class='ocrx_word' id='word_1_168' title='bbox 1842 1263 1915 1320; x_wconf 90' lang='lat' dir='ltr'>alter</span> 
     </span>
     <span class='ocr_line' id='line_1_13' title="bbox 220 1353 1914 1431; baseline -0.004 -15"><span class='ocrx_word' id='word_1_169' title='bbox 220 1356 311 1416; x_wconf 80' lang='lat' dir='ltr'>dones</span> <span class='ocrx_word' id='word_1_170' title='bbox 341 1372 404 1414; x_wconf 89' lang='lat' dir='ltr'>eum</span> <span class='ocrx_word' id='word_1_171' title='bbox 432 1358 475 1416; x_wconf 86' lang='lat' dir='ltr'>vel</span> <span class='ocrx_word' id='word_1_172' title='bbox 508 1359 609 1431; x_wconf 89' lang='lat' dir='ltr'>opibus</span> <span class='ocrx_word' id='word_1_173' title='bbox 635 1358 678 1416; x_wconf 84' lang='lat' dir='ltr'>vel</span> <span class='ocrx_word' id='word_1_174' title='bbox 707 1359 838 1429; x_wconf 91' lang='lat' dir='ltr'>operibus</span> <span class='ocrx_word' id='word_1_175' title='bbox 869 1359 1043 1429; x_wconf 76' lang='lat' dir='ltr'>adjurabant.</span> <span class='ocrx_word' id='word_1_176' title='bbox 1086 1373 1151 1416; x_wconf 83' lang='lat' dir='ltr'>uero</span> <span class='ocrx_word' id='word_1_177' title='bbox 1171 1359 1354 1417; x_wconf 87' lang='lat' dir='ltr'>consobrinus</span> <span class='ocrx_word' id='word_1_178' title='bbox 1376 1360 1505 1430; x_wconf 90' lang='lat' dir='ltr'>superius</span> <span class='ocrx_word' id='word_1_179' title='bbox 1523 1357 1656 1415; x_wconf 89' lang='lat' dir='ltr'>nominati</span> <span class='ocrx_word' id='word_1_180' title='bbox 1675 1353 1850 1413; x_wconf 84' lang='lat' dir='ltr'>celeniensis</span> <span class='ocrx_word' id='word_1_181' title='bbox 1865 1367 1914 1410; x_wconf 91' lang='lat' dir='ltr'>ar-</span> 
     </span>
     <span class='ocr_line' id='line_1_14' title="bbox 220 1429 1915 1520; baseline -0.002 -19"><span class='ocrx_word' id='word_1_182' title='bbox 220 1447 368 1518; x_wconf 76' lang='lat' dir='ltr'>Postquam</span> <span class='ocrx_word' id='word_1_183' title='bbox 391 1461 457 1504; x_wconf 85' lang='lat' dir='ltr'>vere</span> <span class='ocrx_word' id='word_1_184' title='bbox 481 1429 611 1519; x_wconf 80' lang='lat' dir='ltr'>presidia</span> <span class='ocrx_word' id='word_1_185' title='bbox 630 1447 659 1502; x_wconf 92' lang='lat' dir='ltr'>in</span> <span class='ocrx_word' id='word_1_186' title='bbox 682 1447 750 1518; x_wconf 92' lang='lat' dir='ltr'>ipsis</span> <span class='ocrx_word' id='word_1_187' title='bbox 772 1446 893 1504; x_wconf 89' lang='lat' dir='ltr'>castellis</span> <span class='ocrx_word' id='word_1_188' title='bbox 911 1445 1047 1504; x_wconf 90' lang='lat' dir='ltr'>collecata</span> <span class='ocrx_word' id='word_1_189' title='bbox 1088 1448 1268 1520; x_wconf 90' lang='lat' dir='ltr'>cbiepiscopi.</span> <span class='ocrx_word' id='word_1_190' title='bbox 1293 1449 1414 1506; x_wconf 83' lang='lat' dir='ltr'>Eanrdem</span> <span class='ocrx_word' id='word_1_191' title='bbox 1434 1447 1634 1519; x_wconf 89' lang='lat' dir='ltr'>querimoniam</span> <span class='ocrx_word' id='word_1_192' title='bbox 1649 1443 1823 1502; x_wconf 87' lang='lat' dir='ltr'>leceruntad</span> <span class='ocrx_word' id='word_1_193' title='bbox 1839 1443 1915 1500; x_wconf 83' lang='lat' dir='ltr'>inni-</span> 
     </span>
     <span class='ocr_line' id='line_1_15' title="bbox 219 1531 1913 1610; baseline -0.003 -16"><span class='ocrx_word' id='word_1_194' title='bbox 219 1541 364 1607; x_wconf 88' lang='lat' dir='ltr'>eoeperunt</span> <span class='ocrx_word' id='word_1_195' title='bbox 395 1537 424 1594; x_wconf 89' lang='lat' dir='ltr'>iu</span> <span class='ocrx_word' id='word_1_196' title='bbox 456 1537 574 1594; x_wconf 86' lang='lat' dir='ltr'>circuitu</span> <span class='ocrx_word' id='word_1_197' title='bbox 607 1551 657 1593; x_wconf 90' lang='lat' dir='ltr'>sue</span> <span class='ocrx_word' id='word_1_198' title='bbox 680 1536 702 1568; x_wconf 71' lang='lat'>⁸⁸</span> <span class='ocrx_word' id='word_1_199' title='bbox 735 1536 920 1608; x_wconf 73' lang='lat' dir='ltr'>predationes</span> <span class='ocrx_word' id='word_1_200' title='bbox 952 1551 1045 1609; x_wconf 87' lang='lat' dir='ltr'>agere,</span> <span class='ocrx_word' id='word_1_201' title='bbox 1087 1552 1146 1594; x_wconf 81' lang='lat' dir='ltr'>cetu</span> <span class='ocrx_word' id='word_1_202' title='bbox 1170 1551 1266 1596; x_wconf 89' lang='lat' dir='ltr'>omnes</span> <span class='ocrx_word' id='word_1_203' title='bbox 1288 1551 1359 1608; x_wconf 91' lang='lat' dir='ltr'>pene</span> <span class='ocrx_word' id='word_1_204' title='bbox 1384 1538 1463 1610; x_wconf 91' lang='lat' dir='ltr'>regui</span> <span class='ocrx_word' id='word_1_205' title='bbox 1486 1533 1650 1595; x_wconf 84' lang='lat' dir='ltr'>lheutonici</span> <span class='ocrx_word' id='word_1_206' title='bbox 1675 1532 1836 1605; x_wconf 87' lang='lat' dir='ltr'>principes;</span> <span class='ocrx_word' id='word_1_207' title='bbox 1862 1531 1913 1589; x_wconf 88' lang='lat' dir='ltr'>sed</span> 
     </span>
     <span class='ocr_line' id='line_1_16' title="bbox 221 1624 1914 1698; baseline -0.001 -18"><span class='ocrx_word' id='word_1_208' title='bbox 221 1637 277 1681; x_wconf 89' lang='lat' dir='ltr'>non</span> <span class='ocrx_word' id='word_1_209' title='bbox 300 1638 367 1683; x_wconf 89' lang='lat' dir='ltr'>suos</span> <span class='ocrx_word' id='word_1_210' title='bbox 390 1625 501 1682; x_wconf 89' lang='lat' dir='ltr'>labores</span> <span class='ocrx_word' id='word_1_211' title='bbox 524 1626 552 1680; x_wconf 96' lang='lat' dir='ltr'>in</span> <span class='ocrx_word' id='word_1_212' title='bbox 573 1639 640 1682; x_wconf 89' lang='lat' dir='ltr'>suos</span> <span class='ocrx_word' id='word_1_213' title='bbox 659 1639 725 1682; x_wconf 91' lang='lat' dir='ltr'>usus</span> <span class='ocrx_word' id='word_1_214' title='bbox 744 1631 929 1696; x_wconf 89' lang='lat' dir='ltr'>comportare,</span> <span class='ocrx_word' id='word_1_215' title='bbox 943 1625 1047 1683; x_wconf 88' lang='lat' dir='ltr'>liberos</span> <span class='ocrx_word' id='word_1_216' title='bbox 1087 1631 1177 1684; x_wconf 92' lang='lat' dir='ltr'>tamen</span> <span class='ocrx_word' id='word_1_217' title='bbox 1202 1626 1290 1698; x_wconf 89' lang='lat' dir='ltr'>palam</span> <span class='ocrx_word' id='word_1_218' title='bbox 1310 1626 1402 1683; x_wconf 93' lang='lat' dir='ltr'>nuilus</span> <span class='ocrx_word' id='word_1_219' title='bbox 1425 1625 1545 1684; x_wconf 89' lang='lat' dir='ltr'>audebat</span> <span class='ocrx_word' id='word_1_220' title='bbox 1567 1624 1658 1691; x_wconf 91' lang='lat' dir='ltr'>lateri,</span> <span class='ocrx_word' id='word_1_221' title='bbox 1684 1627 1760 1680; x_wconf 91' lang='lat' dir='ltr'>tanto</span> <span class='ocrx_word' id='word_1_222' title='bbox 1785 1635 1834 1680; x_wconf 85' lang='lat' dir='ltr'>rex</span> <span class='ocrx_word' id='word_1_223' title='bbox 1853 1629 1914 1679; x_wconf 86' lang='lat' dir='ltr'>erat</span> 
     </span>
     <span class='ocr_line' id='line_1_17' title="bbox 220 1709 1914 1787; baseline -0.001 -19"><span class='ocrx_word' id='word_1_224' title='bbox 220 1713 347 1770; x_wconf 88' lang='lat' dir='ltr'>homines</span> <span class='ocrx_word' id='word_1_225' title='bbox 361 1711 396 1770; x_wconf 87' lang='lat' dir='ltr'>ad</span> <span class='ocrx_word' id='word_1_226' title='bbox 411 1727 482 1784; x_wconf 88' lang='lat' dir='ltr'>opus</span> <span class='ocrx_word' id='word_1_227' title='bbox 495 1713 594 1772; x_wconf 86' lang='lat' dir='ltr'>servile</span> <span class='ocrx_word' id='word_1_228' title='bbox 612 1714 789 1785; x_wconf 86' lang='lat' dir='ltr'>compellere,</span> <span class='ocrx_word' id='word_1_229' title='bbox 805 1714 875 1772; x_wconf 88' lang='lat' dir='ltr'>illias</span> <span class='ocrx_word' id='word_1_230' title='bbox 886 1714 928 1771; x_wconf 84' lang='lat' dir='ltr'>uel</span> <span class='ocrx_word' id='word_1_231' title='bbox 944 1709 1216 1774; x_wconf 87' lang='lat' dir='ltr'>uxoresBomnibus</span> <span class='ocrx_word' id='word_1_232' title='bbox 1230 1715 1398 1774; x_wconf 72' lang='lat' dir='ltr'>terrorism</span> <span class='ocrx_word' id='word_1_233' title='bbox 1413 1716 1536 1787; x_wconf 84' lang='lat' dir='ltr'>quamuis</span> <span class='ocrx_word' id='word_1_234' title='bbox 1549 1713 1602 1772; x_wconf 88' lang='lat' dir='ltr'>seli</span> <span class='ocrx_word' id='word_1_235' title='bbox 1617 1715 1739 1770; x_wconf 60' lang='lat' dir='ltr'>&amp;reses</span> <span class='ocrx_word' id='word_1_236' title='bbox 1752 1711 1806 1768; x_wconf 89' lang='lat' dir='ltr'>hoe</span> <span class='ocrx_word' id='word_1_237' title='bbox 1816 1717 1914 1782; x_wconf 86' lang='lat' dir='ltr'>aperte</span> 
     </span>
     <span class='ocr_line' id='line_1_18' title="bbox 220 1799 1915 1875; baseline -0.001 -17"><span class='ocrx_word' id='word_1_238' title='bbox 220 1799 325 1860; x_wconf 87' lang='lat' dir='ltr'>alienas</span> <span class='ocrx_word' id='word_1_239' title='bbox 353 1801 474 1860; x_wconf 91' lang='lat' dir='ltr'>ludibrio</span> <span class='ocrx_word' id='word_1_240' title='bbox 502 1802 631 1860; x_wconf 89' lang='lat' dir='ltr'>babere:</span> <span class='ocrx_word' id='word_1_241' title='bbox 662 1809 728 1860; x_wconf 89' lang='lat' dir='ltr'>tune</span> <span class='ocrx_word' id='word_1_242' title='bbox 750 1805 884 1874; x_wconf 89' lang='lat' dir='ltr'>primum,</span> <span class='ocrx_word' id='word_1_243' title='bbox 908 1804 975 1875; x_wconf 92' lang='lat' dir='ltr'>quid</span> <span class='ocrx_word' id='word_1_244' title='bbox 998 1805 1046 1862; x_wconf 91' lang='lat' dir='ltr'>illa</span> <span class='ocrx_word' id='word_1_245' title='bbox 1084 1805 1244 1862; x_wconf 83' lang='lat' dir='ltr'>uiderentur</span> <span class='ocrx_word' id='word_1_246' title='bbox 1257 1805 1381 1874; x_wconf 88' lang='lat' dir='ltr'>incipere</span> <span class='ocrx_word' id='word_1_247' title='bbox 1395 1804 1508 1872; x_wconf 90' lang='lat' dir='ltr'>bellum,</span> <span class='ocrx_word' id='word_1_248' title='bbox 1529 1809 1620 1862; x_wconf 70' lang='lat' dir='ltr'>emen</span> <span class='ocrx_word' id='word_1_249' title='bbox 1647 1815 1703 1860; x_wconf 92' lang='lat' dir='ltr'>nen</span> <span class='ocrx_word' id='word_1_250' title='bbox 1726 1802 1852 1872; x_wconf 88' lang='lat' dir='ltr'>ipserum</span> <span class='ocrx_word' id='word_1_251' title='bbox 1871 1811 1915 1856; x_wconf 88' lang='lat' dir='ltr'>so-</span> 
     </span>
     <span class='ocr_line' id='line_1_19' title="bbox 221 1889 1915 1964; baseline 0.001 -20"><span class='ocrx_word' id='word_1_252' title='bbox 221 1889 334 1948; x_wconf 89' lang='lat' dir='ltr'>castella</span> <span class='ocrx_word' id='word_1_253' title='bbox 356 1890 565 1962; x_wconf 90' lang='lat' dir='ltr'>portenderent,</span> <span class='ocrx_word' id='word_1_254' title='bbox 585 1890 792 1960; x_wconf 86' lang='lat' dir='ltr'>intellexerunt,</span> <span class='ocrx_word' id='word_1_255' title='bbox 813 1906 865 1950; x_wconf 90' lang='lat' dir='ltr'>oec</span> <span class='ocrx_word' id='word_1_256' title='bbox 884 1899 976 1952; x_wconf 68' lang='lat' dir='ltr'>emen</span> <span class='ocrx_word' id='word_1_257' title='bbox 994 1894 1047 1952; x_wconf 85' lang='lat' dir='ltr'>ad·</span> <span class='ocrx_word' id='word_1_258' title='bbox 1085 1894 1226 1952; x_wconf 89' lang='lat' dir='ltr'>lummodo</span> <span class='ocrx_word' id='word_1_259' title='bbox 1241 1893 1358 1950; x_wconf 88' lang='lat' dir='ltr'>consilio</span> <span class='ocrx_word' id='word_1_260' title='bbox 1373 1891 1426 1950; x_wconf 87' lang='lat' dir='ltr'>luit</span> <span class='ocrx_word' id='word_1_261' title='bbox 1443 1893 1594 1964; x_wconf 91' lang='lat' dir='ltr'>inceptum.</span> <span class='ocrx_word' id='word_1_262' title='bbox 1610 1891 1738 1960; x_wconf 84' lang='lat' dir='ltr'>Quicum</span> <span class='ocrx_word' id='word_1_263' title='bbox 1754 1893 1796 1948; x_wconf 92' lang='lat' dir='ltr'>tot</span> <span class='ocrx_word' id='word_1_264' title='bbox 1810 1896 1839 1946; x_wconf 90' lang='lat' dir='ltr'>et</span> <span class='ocrx_word' id='word_1_265' title='bbox 1853 1893 1915 1946; x_wconf 84' lang='lat' dir='ltr'>tan·</span> 
     </span>
     <span class='ocr_line' id='line_1_20' title="bbox 220 1977 1912 2054; baseline 0.001 -20"><span class='ocrx_word' id='word_1_266' title='bbox 220 1977 275 2034; x_wconf 92' lang='lat' dir='ltr'>buc</span> <span class='ocrx_word' id='word_1_267' title='bbox 311 1979 440 2036; x_wconf 86' lang='lat' dir='ltr'>resistere</span> <span class='ocrx_word' id='word_1_268' title='bbox 472 1978 515 2036; x_wconf 84' lang='lat' dir='ltr'>uel</span> <span class='ocrx_word' id='word_1_269' title='bbox 550 1993 580 2036; x_wconf 89' lang='lat' dir='ltr'>se</span> <span class='ocrx_word' id='word_1_270' title='bbox 612 1978 762 2037; x_wconf 89' lang='lat' dir='ltr'>delendere</span> <span class='ocrx_word' id='word_1_271' title='bbox 799 1989 1043 2054; x_wconf 85' lang='lat' dir='ltr'>praesumpserunt.</span> <span class='ocrx_word' id='word_1_272' title='bbox 1088 1991 1130 2042; x_wconf 88' lang='lat' dir='ltr'>tas</span> <span class='ocrx_word' id='word_1_273' title='bbox 1153 1982 1321 2040; x_wconf 82' lang='lat' dir='ltr'>calamitates</span> <span class='ocrx_word' id='word_1_274' title='bbox 1346 1987 1374 2040; x_wconf 90' lang='lat' dir='ltr'>et</span> <span class='ocrx_word' id='word_1_275' title='bbox 1396 1981 1578 2040; x_wconf 89' lang='lat' dir='ltr'>contumelias</span> <span class='ocrx_word' id='word_1_276' title='bbox 1600 1979 1702 2052; x_wconf 87' lang='lat' dir='ltr'>singuli</span> <span class='ocrx_word' id='word_1_277' title='bbox 1730 1985 1912 2050; x_wconf 86' lang='lat' dir='ltr'>paterentur,</span> 
     </span>
     <span class='ocr_line' id='line_1_21' title="bbox 220 2065 1915 2143; baseline 0.001 -20"><span class='ocrx_word' id='word_1_278' title='bbox 220 2066 335 2124; x_wconf 87' lang='lat' dir='ltr'>Tantum</span> <span class='ocrx_word' id='word_1_279' title='bbox 354 2067 396 2122; x_wconf 92' lang='lat' dir='ltr'>illi</span> <span class='ocrx_word' id='word_1_280' title='bbox 415 2067 464 2138; x_wconf 93' lang='lat' dir='ltr'>qui</span> <span class='ocrx_word' id='word_1_281' title='bbox 486 2065 670 2136; x_wconf 80' lang='lat' dir='ltr'>laedebantur,</span> <span class='ocrx_word' id='word_1_282' title='bbox 689 2069 816 2140; x_wconf 88' lang='lat' dir='ltr'>querelas</span> <span class='ocrx_word' id='word_1_283' title='bbox 835 2071 944 2129; x_wconf 86' lang='lat' dir='ltr'>occulte</span> <span class='ocrx_word' id='word_1_284' title='bbox 963 2071 1047 2130; x_wconf 87' lang='lat' dir='ltr'>lacie-</span> <span class='ocrx_word' id='word_1_285' title='bbox 1088 2073 1153 2130; x_wconf 91' lang='lat' dir='ltr'>dum</span> <span class='ocrx_word' id='word_1_286' title='bbox 1178 2072 1295 2143; x_wconf 89' lang='lat' dir='ltr'>quisque</span> <span class='ocrx_word' id='word_1_287' title='bbox 1318 2085 1397 2131; x_wconf 90' lang='lat' dir='ltr'>suum</span> <span class='ocrx_word' id='word_1_288' title='bbox 1420 2068 1610 2130; x_wconf 86' lang='lat' dir='ltr'>tantummodo</span> <span class='ocrx_word' id='word_1_289' title='bbox 1624 2068 1724 2128; x_wconf 80' lang='lat' dir='ltr'>minus</span> <span class='ocrx_word' id='word_1_290' title='bbox 1745 2067 1870 2136; x_wconf 87' lang='lat' dir='ltr'>dolebat,</span> <span class='ocrx_word' id='word_1_291' title='bbox 1887 2073 1915 2124; x_wconf 92' lang='lat' dir='ltr'>et</span> 
     </span>
     <span class='ocr_line' id='line_1_22' title="bbox 221 2155 1914 2228; baseline 0.002 -18"><span class='ocrx_word' id='word_1_292' title='bbox 221 2155 288 2212; x_wconf 87' lang='lat' dir='ltr'>baut</span> <span class='ocrx_word' id='word_1_293' title='bbox 302 2155 376 2226; x_wconf 90' lang='lat' dir='ltr'>apud</span> <span class='ocrx_word' id='word_1_294' title='bbox 391 2155 455 2216; x_wconf 91' lang='lat' dir='ltr'>illos</span> <span class='ocrx_word' id='word_1_295' title='bbox 468 2157 527 2228; x_wconf 89' lang='lat' dir='ltr'>qui,</span> <span class='ocrx_word' id='word_1_296' title='bbox 548 2156 660 2228; x_wconf 87' lang='lat' dir='ltr'>lougius</span> <span class='ocrx_word' id='word_1_297' title='bbox 673 2171 689 2214; x_wconf 92' lang='lat' dir='ltr'>a</span> <span class='ocrx_word' id='word_1_298' title='bbox 704 2158 826 2217; x_wconf 88' lang='lat' dir='ltr'>castellis</span> <span class='ocrx_word' id='word_1_299' title='bbox 840 2161 938 2218; x_wconf 89' lang='lat' dir='ltr'>remoti</span> <span class='ocrx_word' id='word_1_300' title='bbox 953 2161 985 2228; x_wconf 77' lang='lat'>⁸⁸,</span> <span class='ocrx_word' id='word_1_301' title='bbox 1006 2161 1047 2217; x_wconf 90' lang='lat' dir='ltr'>ni·</span> <span class='ocrx_word' id='word_1_302' title='bbox 1087 2163 1207 2220; x_wconf 82' lang='lat' dir='ltr'>instactus</span> <span class='ocrx_word' id='word_1_303' title='bbox 1221 2160 1312 2218; x_wconf 90' lang='lat' dir='ltr'>adhue</span> <span class='ocrx_word' id='word_1_304' title='bbox 1328 2160 1472 2219; x_wconf 85' lang='lat' dir='ltr'>vulnerato</span> <span class='ocrx_word' id='word_1_305' title='bbox 1497 2173 1553 2218; x_wconf 90' lang='lat' dir='ltr'>non</span> <span class='ocrx_word' id='word_1_306' title='bbox 1575 2158 1752 2226; x_wconf 88' lang='lat' dir='ltr'>condolebat,</span> <span class='ocrx_word' id='word_1_307' title='bbox 1771 2156 1914 2215; x_wconf 89' lang='lat' dir='ltr'>communi</span> 
     </span>
     <span class='ocr_line' id='line_1_23' title="bbox 219 2242 1916 2315; baseline 0.001 -16"><span class='ocrx_word' id='word_1_308' title='bbox 219 2242 276 2300; x_wconf 87' lang='lat' dir='ltr'>chii</span> <span class='ocrx_word' id='word_1_309' title='bbox 299 2244 390 2301; x_wconf 88' lang='lat' dir='ltr'>adbuc</span> <span class='ocrx_word' id='word_1_310' title='bbox 414 2244 478 2300; x_wconf 89' lang='lat' dir='ltr'>mali</span> <span class='ocrx_word' id='word_1_311' title='bbox 501 2245 688 2315; x_wconf 89' lang='lat' dir='ltr'>patiebantur.</span> <span class='ocrx_word' id='word_1_312' title='bbox 708 2246 789 2304; x_wconf 84' lang='lat' dir='ltr'>lllaesi</span> <span class='ocrx_word' id='word_1_313' title='bbox 804 2249 949 2307; x_wconf 87' lang='lat' dir='ltr'>veredum</span> <span class='ocrx_word' id='word_1_314' title='bbox 972 2250 1048 2308; x_wconf 84' lang='lat' dir='ltr'>laesis</span> <span class='ocrx_word' id='word_1_315' title='bbox 1087 2250 1158 2308; x_wconf 89' lang='lat' dir='ltr'>malo</span> <span class='ocrx_word' id='word_1_316' title='bbox 1182 2263 1238 2308; x_wconf 92' lang='lat' dir='ltr'>uon</span> <span class='ocrx_word' id='word_1_317' title='bbox 1263 2250 1428 2306; x_wconf 88' lang='lat' dir='ltr'>resistebant</span> <span class='ocrx_word' id='word_1_318' title='bbox 1452 2248 1590 2307; x_wconf 89' lang='lat' dir='ltr'>communi</span> <span class='ocrx_word' id='word_1_319' title='bbox 1608 2247 1736 2304; x_wconf 89' lang='lat' dir='ltr'>consilio.</span> <span class='ocrx_word' id='word_1_320' title='bbox 1766 2248 1826 2303; x_wconf 81' lang='lat' dir='ltr'>lies</span> <span class='ocrx_word' id='word_1_321' title='bbox 1854 2245 1916 2302; x_wconf 88' lang='lat' dir='ltr'>uni·</span> 
     </span>
     <span class='ocr_line' id='line_1_24' title="bbox 220 2331 1916 2410; baseline 0.002 -22"><span class='ocrx_word' id='word_1_322' title='bbox 220 2331 351 2392; x_wconf 80' lang='lat' dir='ltr'>ciuilium</span> <span class='ocrx_word' id='word_1_323' title='bbox 378 2332 451 2390; x_wconf 89' lang='lat' dir='ltr'>lerrs</span> <span class='ocrx_word' id='word_1_324' title='bbox 479 2335 665 2408; x_wconf 85' lang='lat' dir='ltr'>negligebant,</span> <span class='ocrx_word' id='word_1_325' title='bbox 696 2337 834 2408; x_wconf 82' lang='lat' dir='ltr'>tyrannidi</span> <span class='ocrx_word' id='word_1_326' title='bbox 863 2338 935 2396; x_wconf 88' lang='lat' dir='ltr'>vires</span> <span class='ocrx_word' id='word_1_327' title='bbox 962 2339 991 2395; x_wconf 93' lang='lat' dir='ltr'>iu</span> <span class='ocrx_word' id='word_1_328' title='bbox 1017 2353 1047 2396; x_wconf 89' lang='lat' dir='ltr'>se</span> <span class='ocrx_word' id='word_1_329' title='bbox 1087 2339 1192 2398; x_wconf 87' lang='lat' dir='ltr'>versale</span> <span class='ocrx_word' id='word_1_330' title='bbox 1211 2338 1360 2409; x_wconf 89' lang='lat' dir='ltr'>dampnum</span> <span class='ocrx_word' id='word_1_331' title='bbox 1383 2338 1568 2410; x_wconf 85' lang='lat' dir='ltr'>disponebat,</span> <span class='ocrx_word' id='word_1_332' title='bbox 1592 2343 1621 2394; x_wconf 92' lang='lat' dir='ltr'>et</span> <span class='ocrx_word' id='word_1_333' title='bbox 1644 2337 1678 2393; x_wconf 90' lang='lat' dir='ltr'>ad</span> <span class='ocrx_word' id='word_1_334' title='bbox 1702 2335 1757 2394; x_wconf 92' lang='lat' dir='ltr'>hoc</span> <span class='ocrx_word' id='word_1_335' title='bbox 1779 2335 1916 2406; x_wconf 82' lang='lat' dir='ltr'>quelibet</span> 
     </span>
     <span class='ocr_line' id='line_1_25' title="bbox 219 2421 1916 2500; baseline 0.002 -24"><span class='ocrx_word' id='word_1_336' title='bbox 219 2421 296 2492; x_wconf 86' lang='lat' dir='ltr'>ipsos</span> <span class='ocrx_word' id='word_1_337' title='bbox 319 2421 486 2480; x_wconf 81' lang='lat' dir='ltr'>tribuebant.</span> <span class='ocrx_word' id='word_1_338' title='bbox 511 2425 579 2482; x_wconf 81' lang='lat' dir='ltr'>liam</span> <span class='ocrx_word' id='word_1_339' title='bbox 603 2423 638 2480; x_wconf 93' lang='lat' dir='ltr'>ab</span> <span class='ocrx_word' id='word_1_340' title='bbox 661 2425 791 2495; x_wconf 76' lang='lat' dir='ltr'>agricolis</span> <span class='ocrx_word' id='word_1_341' title='bbox 809 2426 844 2484; x_wconf 90' lang='lat' dir='ltr'>ad</span> <span class='ocrx_word' id='word_1_342' title='bbox 867 2427 1012 2496; x_wconf 87' lang='lat' dir='ltr'>militares,</span> <span class='ocrx_word' id='word_1_343' title='bbox 1031 2443 1048 2486; x_wconf 88' lang='lat' dir='ltr'>a</span> <span class='ocrx_word' id='word_1_344' title='bbox 1087 2428 1283 2500; x_wconf 89' lang='lat' dir='ltr'>impedimenta</span> <span class='ocrx_word' id='word_1_345' title='bbox 1298 2427 1461 2499; x_wconf 88' lang='lat' dir='ltr'>repellebat,</span> <span class='ocrx_word' id='word_1_346' title='bbox 1478 2434 1506 2484; x_wconf 93' lang='lat' dir='ltr'>et</span> <span class='ocrx_word' id='word_1_347' title='bbox 1529 2427 1640 2496; x_wconf 81' lang='lat' dir='ltr'>auxilia,</span> <span class='ocrx_word' id='word_1_348' title='bbox 1660 2425 1824 2496; x_wconf 88' lang='lat' dir='ltr'>quibussua</span> <span class='ocrx_word' id='word_1_349' title='bbox 1843 2423 1916 2480; x_wconf 86' lang='lat' dir='ltr'>mala</span> 
     </span>
     <span class='ocr_line' id='line_1_26' title="bbox 223 2508 1915 2589; baseline 0.001 -21"><span class='ocrx_word' id='word_1_350' title='bbox 223 2516 305 2568; x_wconf 84' lang='lat' dir='ltr'>terrae</span> <span class='ocrx_word' id='word_1_351' title='bbox 324 2508 459 2568; x_wconf 86' lang='lat' dir='ltr'>inuetibus</span> <span class='ocrx_word' id='word_1_352' title='bbox 480 2511 515 2568; x_wconf 93' lang='lat' dir='ltr'>ad</span> <span class='ocrx_word' id='word_1_353' title='bbox 537 2511 693 2570; x_wconf 89' lang='lat' dir='ltr'>libertatem</span> <span class='ocrx_word' id='word_1_354' title='bbox 716 2514 888 2574; x_wconf 84' lang='lat' dir='ltr'>adimendam</span> <span class='ocrx_word' id='word_1_355' title='bbox 903 2517 1046 2589; x_wconf 83' lang='lat' dir='ltr'>aseendit;</span> <span class='ocrx_word' id='word_1_356' title='bbox 1087 2517 1213 2576; x_wconf 78' lang='lat' dir='ltr'>uoluntas</span> <span class='ocrx_word' id='word_1_357' title='bbox 1227 2517 1399 2588; x_wconf 88' lang='lat' dir='ltr'>impleretur,</span> <span class='ocrx_word' id='word_1_358' title='bbox 1411 2517 1603 2587; x_wconf 82' lang='lat' dir='ltr'>undecumque</span> <span class='ocrx_word' id='word_1_359' title='bbox 1618 2513 1779 2586; x_wconf 75' lang='lat' dir='ltr'>querebat3</span> <span class='ocrx_word' id='word_1_360' title='bbox 1795 2512 1915 2572; x_wconf 77' lang='lat' dir='ltr'>illinere</span> 
     </span>
     <span class='ocr_line' id='line_1_27' title="bbox 223 2599 1916 2678; baseline 0.002 -22"><span class='ocrx_word' id='word_1_361' title='bbox 223 2605 251 2656; x_wconf 88' lang='lat' dir='ltr'>et</span> <span class='ocrx_word' id='word_1_362' title='bbox 276 2599 446 2656; x_wconf 70' lang='lat' dir='ltr'>fridericum</span> <span class='ocrx_word' id='word_1_363' title='bbox 470 2600 505 2658; x_wconf 89' lang='lat' dir='ltr'>dc</span> <span class='ocrx_word' id='word_1_364' title='bbox 528 2602 631 2671; x_wconf 76' lang='lat' dir='ltr'>Monte,</span> <span class='ocrx_word' id='word_1_365' title='bbox 652 2603 700 2673; x_wconf 92' lang='lat' dir='ltr'>qui</span> <span class='ocrx_word' id='word_1_366' title='bbox 714 2604 787 2662; x_wconf 92' lang='lat' dir='ltr'>inter</span> <span class='ocrx_word' id='word_1_367' title='bbox 800 2605 905 2664; x_wconf 89' lang='lat' dir='ltr'>liberes</span> <span class='ocrx_word' id='word_1_368' title='bbox 922 2607 1048 2667; x_wconf 87' lang='lat' dir='ltr'>homines</span> <span class='ocrx_word' id='word_1_369' title='bbox 1088 2612 1217 2678; x_wconf 91' lang='lat' dir='ltr'>putantes</span> <span class='ocrx_word' id='word_1_370' title='bbox 1235 2607 1354 2678; x_wconf 89' lang='lat' dir='ltr'>speciale</span> <span class='ocrx_word' id='word_1_371' title='bbox 1378 2606 1489 2673; x_wconf 89' lang='lat' dir='ltr'>malum,</span> <span class='ocrx_word' id='word_1_372' title='bbox 1510 2611 1606 2664; x_wconf 88' lang='lat' dir='ltr'>eontra</span> <span class='ocrx_word' id='word_1_373' title='bbox 1625 2617 1798 2662; x_wconf 89' lang='lat' dir='ltr'>communem</span> <span class='ocrx_word' id='word_1_374' title='bbox 1823 2602 1916 2673; x_wconf 89' lang='lat' dir='ltr'>perni-</span> 
     </span>
     <span class='ocr_line' id='line_1_28' title="bbox 223 2685 1914 2764; baseline 0.002 -20"><span class='ocrx_word' id='word_1_375' title='bbox 223 2688 265 2745; x_wconf 86' lang='lat' dir='ltr'>vel</span> <span class='ocrx_word' id='word_1_376' title='bbox 289 2685 310 2719; x_wconf 76' lang='lat'>⁸⁸</span> <span class='ocrx_word' id='word_1_377' title='bbox 342 2686 450 2746; x_wconf 88' lang='lat' dir='ltr'>oobiles</span> <span class='ocrx_word' id='word_1_378' title='bbox 473 2688 590 2747; x_wconf 85' lang='lat' dir='ltr'>eximius</span> <span class='ocrx_word' id='word_1_379' title='bbox 615 2691 786 2762; x_wconf 90' lang='lat' dir='ltr'>habebatur,</span> <span class='ocrx_word' id='word_1_380' title='bbox 811 2693 941 2754; x_wconf 81' lang='lat' dir='ltr'>famulum</span> <span class='ocrx_word' id='word_1_381' title='bbox 968 2711 1046 2754; x_wconf 89' lang='lat' dir='ltr'>suum</span> <span class='ocrx_word' id='word_1_382' title='bbox 1088 2698 1158 2754; x_wconf 91' lang='lat' dir='ltr'>eiem</span> <span class='ocrx_word' id='word_1_383' title='bbox 1181 2695 1257 2752; x_wconf 92' lang='lat' dir='ltr'>nulla</span> <span class='ocrx_word' id='word_1_384' title='bbox 1280 2695 1450 2752; x_wconf 89' lang='lat' dir='ltr'>delensionis</span> <span class='ocrx_word' id='word_1_385' title='bbox 1472 2696 1654 2751; x_wconf 88' lang='lat' dir='ltr'>instrumenta</span> <span class='ocrx_word' id='word_1_386' title='bbox 1678 2693 1824 2764; x_wconf 88' lang='lat' dir='ltr'>parabant.</span> <span class='ocrx_word' id='word_1_387' title='bbox 1850 2691 1914 2760; x_wconf 90' lang='lat' dir='ltr'>lile,</span> 
     </span>
     <span class='ocr_line' id='line_1_29' title="bbox 222 2777 1916 2858; baseline 0.002 -24"><span class='ocrx_word' id='word_1_388' title='bbox 222 2790 282 2834; x_wconf 91' lang='lat' dir='ltr'>esse</span> <span class='ocrx_word' id='word_1_389' title='bbox 306 2790 356 2834; x_wconf 82' lang='lat' dir='ltr'>reu</span> <span class='ocrx_word' id='word_1_390' title='bbox 380 2777 517 2850; x_wconf 84' lang='lat' dir='ltr'>asseruit;</span> <span class='ocrx_word' id='word_1_391' title='bbox 543 2778 718 2838; x_wconf 85' lang='lat' dir='ltr'>wilhelmum</span> <span class='ocrx_word' id='word_1_392' title='bbox 732 2781 753 2812; x_wconf 72' lang='lat'>⁸⁷</span> <span class='ocrx_word' id='word_1_393' title='bbox 776 2796 900 2854; x_wconf 88' lang='lat' dir='ltr'>quoque,</span> <span class='ocrx_word' id='word_1_394' title='bbox 915 2785 964 2856; x_wconf 93' lang='lat' dir='ltr'>qui</span> <span class='ocrx_word' id='word_1_395' title='bbox 982 2800 1047 2856; x_wconf 77' lang='lat' dir='ltr'>pre</span> <span class='ocrx_word' id='word_1_396' title='bbox 1088 2800 1143 2858; x_wconf 92' lang='lat' dir='ltr'>quo</span> <span class='ocrx_word' id='word_1_397' title='bbox 1162 2785 1271 2843; x_wconf 82' lang='lat' dir='ltr'>lucilius</span> <span class='ocrx_word' id='word_1_398' title='bbox 1289 2791 1405 2843; x_wconf 90' lang='lat' dir='ltr'>cunctos</span> <span class='ocrx_word' id='word_1_399' title='bbox 1428 2789 1458 2842; x_wconf 90' lang='lat' dir='ltr'>ut</span> <span class='ocrx_word' id='word_1_400' title='bbox 1480 2784 1591 2841; x_wconf 86' lang='lat' dir='ltr'>uolebat</span> <span class='ocrx_word' id='word_1_401' title='bbox 1617 2783 1807 2856; x_wconf 88' lang='lat' dir='ltr'>opprimeret,</span> <span class='ocrx_word' id='word_1_402' title='bbox 1838 2781 1916 2852; x_wconf 88' lang='lat' dir='ltr'>prius</span> 
     </span>
     <span class='ocr_line' id='line_1_30' title="bbox 222 2865 1917 2947; baseline 0.003 -25"><span class='ocrx_word' id='word_1_403' title='bbox 222 2871 285 2936; x_wconf 91' lang='lat' dir='ltr'>pter</span> <span class='ocrx_word' id='word_1_404' title='bbox 307 2866 422 2924; x_wconf 88' lang='lat' dir='ltr'>nimium</span> <span class='ocrx_word' id='word_1_405' title='bbox 441 2865 545 2926; x_wconf 88' lang='lat' dir='ltr'>cultum</span> <span class='ocrx_word' id='word_1_406' title='bbox 567 2869 611 2926; x_wconf 92' lang='lat' dir='ltr'>sui</span> <span class='ocrx_word' id='word_1_407' title='bbox 634 2882 683 2926; x_wconf 86' lang='lat' dir='ltr'>rex</span> <span class='ocrx_word' id='word_1_408' title='bbox 706 2870 741 2927; x_wconf 88' lang='lat' dir='ltr'>de</span> <span class='ocrx_word' id='word_1_409' title='bbox 765 2871 930 2934; x_wconf 86' lang='lat' dir='ltr'>Lethesiove</span> <span class='ocrx_word' id='word_1_410' title='bbox 942 2873 963 2906; x_wconf 82' lang='lat'>⁸⁸</span> <span class='ocrx_word' id='word_1_411' title='bbox 984 2874 1046 2947; x_wconf 78' lang='lat'>(23)</span> <span class='ocrx_word' id='word_1_412' title='bbox 1088 2874 1152 2933; x_wconf 91' lang='lat' dir='ltr'>iilos</span> <span class='ocrx_word' id='word_1_413' title='bbox 1170 2875 1314 2945; x_wconf 89' lang='lat' dir='ltr'>inquibus</span> <span class='ocrx_word' id='word_1_414' title='bbox 1329 2888 1424 2934; x_wconf 89' lang='lat' dir='ltr'>eorum</span> <span class='ocrx_word' id='word_1_415' title='bbox 1442 2873 1659 2932; x_wconf 81' lang='lat' dir='ltr'>uirtusmaxime</span> <span class='ocrx_word' id='word_1_416' title='bbox 1674 2872 1773 2939; x_wconf 89' lang='lat' dir='ltr'>stabat,</span> <span class='ocrx_word' id='word_1_417' title='bbox 1790 2871 1917 2944; x_wconf 64' lang='lat' dir='ltr'>engulm</span> 
     </span>
     <span class='ocr_line' id='line_1_31' title="bbox 222 2953 1429 3034; baseline 0.006 -24"><span class='ocrx_word' id='word_1_418' title='bbox 222 2953 422 3025; x_wconf 88' lang='lat' dir='ltr'>appellabatur,</span> <span class='ocrx_word' id='word_1_419' title='bbox 456 2961 532 3014; x_wconf 91' lang='lat' dir='ltr'>tanta</span> <span class='ocrx_word' id='word_1_420' title='bbox 565 2958 727 3016; x_wconf 90' lang='lat' dir='ltr'>erudelitate</span> <span class='ocrx_word' id='word_1_421' title='bbox 760 2962 952 3033; x_wconf 85' lang='lat' dir='ltr'>persequitur,</span> <span class='ocrx_word' id='word_1_422' title='bbox 984 2965 1048 3034; x_wconf 93' lang='lat' dir='ltr'>quia</span> <span class='ocrx_word' id='word_1_423' title='bbox 1089 2961 1254 3020; x_wconf 82' lang='lat' dir='ltr'>labefactare</span> <span class='ocrx_word' id='word_1_424' title='bbox 1268 2963 1429 3033; x_wconf 87' lang='lat' dir='ltr'>temptabat.</span> 
     </span>
     <span class='ocr_line' id='line_1_32' title="bbox 223 3035 1917 3124; baseline 0.006 -27"><span class='ocrx_word' id='word_1_425' title='bbox 223 3041 309 3098; x_wconf 87' lang='lat' dir='ltr'>multa</span> <span class='ocrx_word' id='word_1_426' title='bbox 332 3043 359 3098; x_wconf 93' lang='lat' dir='ltr'>ei</span> <span class='ocrx_word' id='word_1_427' title='bbox 383 3049 462 3100; x_wconf 91' lang='lat' dir='ltr'>erant</span> <span class='ocrx_word' id='word_1_428' title='bbox 485 3045 599 3115; x_wconf 81' lang='lat' dir='ltr'>predia,</span> <span class='ocrx_word' id='word_1_429' title='bbox 615 3046 664 3103; x_wconf 87' lang='lat' dir='ltr'>sed</span> <span class='ocrx_word' id='word_1_430' title='bbox 679 3061 735 3106; x_wconf 92' lang='lat' dir='ltr'>non</span> <span class='ocrx_word' id='word_1_431' title='bbox 750 3049 835 3108; x_wconf 89' lang='lat' dir='ltr'>multa</span> <span class='ocrx_word' id='word_1_432' title='bbox 848 3051 997 3122; x_wconf 90' lang='lat' dir='ltr'>sapientia,</span> <span class='ocrx_word' id='word_1_433' title='bbox 1018 3035 1081 3110; x_wconf 79' lang='lat' dir='ltr'>utO</span> <span class='ocrx_word' id='word_1_434' title='bbox 1128 3051 1169 3108; x_wconf 87' lang='lat'>19.</span> <span class='ocrx_word' id='word_1_435' title='bbox 1187 3053 1249 3124; x_wconf 79' lang='grc' dir='ltr'>(Αιι.</span> <span class='ocrx_word' id='word_1_436' title='bbox 1272 3050 1505 3124; x_wconf 70' lang='lat' dir='ltr'>impletionem</span> <span class='ocrx_word' id='word_1_437' title='bbox 1529 3051 1660 3122; x_wconf 91' lang='lat' dir='ltr'>denique,</span> <span class='ocrx_word' id='word_1_438' title='bbox 1682 3050 1770 3107; x_wconf 87' lang='lat' dir='ltr'>virum</span> <span class='ocrx_word' id='word_1_439' title='bbox 1790 3049 1917 3120; x_wconf 87' lang='lat' dir='ltr'>pruden-</span> 
     </span>
     <span class='ocr_line' id='line_1_33' title="bbox 223 3130 1916 3212; baseline 0.005 -26"><span class='ocrx_word' id='word_1_440' title='bbox 223 3133 339 3200; x_wconf 89' lang='lat' dir='ltr'>propter</span> <span class='ocrx_word' id='word_1_441' title='bbox 361 3130 413 3187; x_wconf 91' lang='lat' dir='ltr'>bos</span> <span class='ocrx_word' id='word_1_442' title='bbox 436 3131 507 3190; x_wconf 91' lang='lat' dir='ltr'>duos</span> <span class='ocrx_word' id='word_1_443' title='bbox 529 3134 564 3190; x_wconf 91' lang='lat' dir='ltr'>ab</span> <span class='ocrx_word' id='word_1_444' title='bbox 589 3135 663 3192; x_wconf 89' lang='lat' dir='ltr'>omni</span> <span class='ocrx_word' id='word_1_445' title='bbox 682 3137 798 3196; x_wconf 78' lang='lat' dir='ltr'>Saucma</span> <span class='ocrx_word' id='word_1_446' title='bbox 817 3140 956 3211; x_wconf 81' lang='lat' dir='ltr'>precipue</span> <span class='ocrx_word' id='word_1_447' title='bbox 977 3139 1049 3198; x_wconf 87' lang='lat' dir='ltr'>lacta</span> <span class='ocrx_word' id='word_1_448' title='bbox 1090 3147 1145 3200; x_wconf 89' lang='lat' dir='ltr'>tem</span> <span class='ocrx_word' id='word_1_449' title='bbox 1169 3147 1197 3198; x_wconf 91' lang='lat' dir='ltr'>et</span> <span class='ocrx_word' id='word_1_450' title='bbox 1220 3140 1329 3209; x_wconf 88' lang='lat' dir='ltr'>lentem,</span> <span class='ocrx_word' id='word_1_451' title='bbox 1353 3141 1402 3212; x_wconf 95' lang='lat' dir='ltr'>qui</span> <span class='ocrx_word' id='word_1_452' title='bbox 1426 3147 1509 3198; x_wconf 91' lang='lat' dir='ltr'>natus</span> <span class='ocrx_word' id='word_1_453' title='bbox 1526 3139 1548 3172; x_wconf 82' lang='lat'>⁸⁸</span> <span class='ocrx_word' id='word_1_454' title='bbox 1566 3154 1582 3196; x_wconf 91' lang='lat' dir='ltr'>e</span> <span class='ocrx_word' id='word_1_455' title='bbox 1601 3139 1718 3198; x_wconf 62' lang='lat' dir='ltr'>&amp;xenia</span> <span class='ocrx_word' id='word_1_456' title='bbox 1736 3137 1794 3195; x_wconf 83' lang='lat' dir='ltr'>dux</span> <span class='ocrx_word' id='word_1_457' title='bbox 1813 3145 1876 3196; x_wconf 89' lang='lat' dir='ltr'>erat</span> <span class='ocrx_word' id='word_1_458' title='bbox 1890 3141 1916 3197; x_wconf 92' lang='lat' dir='ltr'>ln</span> 
     </span>
     <span class='ocr_line' id='line_1_34' title="bbox 223 3217 1916 3303; baseline 0.008 -31"><span class='ocrx_word' id='word_1_459' title='bbox 223 3217 260 3276; x_wconf 87' lang='lat' dir='ltr'>sit</span> <span class='ocrx_word' id='word_1_460' title='bbox 288 3217 420 3288; x_wconf 83' lang='lat' dir='ltr'>aduersus</span> <span class='ocrx_word' id='word_1_461' title='bbox 446 3235 538 3293; x_wconf 89' lang='lat' dir='ltr'>regem</span> <span class='ocrx_word' id='word_1_462' title='bbox 567 3225 738 3294; x_wconf 86' lang='lat' dir='ltr'>conjuratio,</span> <span class='ocrx_word' id='word_1_463' title='bbox 767 3228 891 3297; x_wconf 86' lang='lat' dir='ltr'>quamvis</span> <span class='ocrx_word' id='word_1_464' title='bbox 917 3230 952 3286; x_wconf 88' lang='lat' dir='ltr'>ab</span> <span class='ocrx_word' id='word_1_465' title='bbox 980 3229 1049 3300; x_wconf 89' lang='lat' dir='ltr'>ipsis</span> <span class='ocrx_word' id='word_1_466' title='bbox 1089 3233 1219 3302; x_wconf 87' lang='lat' dir='ltr'>ltawaria,</span> <span class='ocrx_word' id='word_1_467' title='bbox 1235 3233 1310 3290; x_wconf 89' lang='lat' dir='ltr'>omni</span> <span class='ocrx_word' id='word_1_468' title='bbox 1323 3231 1474 3290; x_wconf 91' lang='lat' dir='ltr'>ealliditate</span> <span class='ocrx_word' id='word_1_469' title='bbox 1488 3231 1510 3264; x_wconf 73' lang='lat'>‘⁸</span> <span class='ocrx_word' id='word_1_470' title='bbox 1528 3231 1668 3303; x_wconf 88' lang='lat' dir='ltr'>deponere</span> <span class='ocrx_word' id='word_1_471' title='bbox 1683 3230 1840 3302; x_wconf 79' lang='lat' dir='ltr'>querebat,</span> <span class='ocrx_word' id='word_1_472' title='bbox 1853 3232 1916 3302; x_wconf 88' lang='lat' dir='ltr'>quia</span> 
     </span>
     <span class='ocr_line' id='line_1_35' title="bbox 221 3306 1915 3389; baseline 0.008 -26"><span class='ocrx_word' id='word_1_473' title='bbox 221 3306 336 3364; x_wconf 89' lang='lat' dir='ltr'>duobus·</span> <span class='ocrx_word' id='word_1_474' title='bbox 358 3309 476 3378; x_wconf 88' lang='lat' dir='ltr'>pessima</span> <span class='ocrx_word' id='word_1_475' title='bbox 501 3310 610 3370; x_wconf 90' lang='lat' dir='ltr'>reddita</span> <span class='ocrx_word' id='word_1_476' title='bbox 636 3313 672 3370; x_wconf 88' lang='lat' dir='ltr'>sit</span> <span class='ocrx_word' id='word_1_477' title='bbox 696 3314 852 3373; x_wconf 90' lang='lat' dir='ltr'>retributio.</span> <span class='ocrx_word' id='word_1_478' title='bbox 882 3318 949 3376; x_wconf 87' lang='lat' dir='ltr'>Nam</span> <span class='ocrx_word' id='word_1_479' title='bbox 972 3323 1048 3389; x_wconf 90' lang='lat' dir='ltr'>post·</span> <span class='ocrx_word' id='word_1_480' title='bbox 1089 3321 1166 3380; x_wconf 88' lang='lat' dir='ltr'>illum</span> <span class='ocrx_word' id='word_1_481' title='bbox 1189 3335 1250 3378; x_wconf 91' lang='lat' dir='ltr'>cum</span> <span class='ocrx_word' id='word_1_482' title='bbox 1275 3321 1403 3378; x_wconf 90' lang='lat' dir='ltr'>omnibus</span> <span class='ocrx_word' id='word_1_483' title='bbox 1424 3320 1553 3378; x_wconf 85' lang='lat' dir='ltr'>Bawariia</span> <span class='ocrx_word' id='word_1_484' title='bbox 1567 3319 1588 3352; x_wconf 74' lang='lat'>‘⁸</span> <span class='ocrx_word' id='word_1_485' title='bbox 1611 3321 1733 3377; x_wconf 65' lang='lat' dir='ltr'>&amp;renes</span> <span class='ocrx_word' id='word_1_486' title='bbox 1755 3317 1915 3389; x_wconf 72' lang='lat' dir='ltr'>adjuturu-</span> 
     </span>
     <span class='ocr_line' id='line_1_36' title="bbox 223 3397 1914 3481; baseline 0.007 -27"><span class='ocrx_word' id='word_1_487' title='bbox 223 3409 305 3467; x_wconf 90' lang='lat' dir='ltr'>quam</span> <span class='ocrx_word' id='word_1_488' title='bbox 319 3397 441 3456; x_wconf 68' lang='lat' dir='ltr'>&amp;reuss</span> <span class='ocrx_word' id='word_1_489' title='bbox 456 3413 551 3458; x_wconf 88' lang='lat' dir='ltr'>omnes</span> <span class='ocrx_word' id='word_1_490' title='bbox 565 3400 741 3460; x_wconf 77' lang='lat' dir='ltr'>manifestum</span> <span class='ocrx_word' id='word_1_491' title='bbox 756 3405 813 3474; x_wconf 84' lang='lat' dir='ltr'>jam</span> <span class='ocrx_word' id='word_1_492' title='bbox 837 3411 934 3466; x_wconf 89' lang='lat' dir='ltr'>eontra</span> <span class='ocrx_word' id='word_1_493' title='bbox 955 3422 1047 3479; x_wconf 86' lang='lat' dir='ltr'>regem</span> <span class='ocrx_word' id='word_1_494' title='bbox 1089 3424 1145 3469; x_wconf 88' lang='lat' dir='ltr'>nen</span> <span class='ocrx_word' id='word_1_495' title='bbox 1164 3409 1318 3467; x_wconf 84' lang='lat' dir='ltr'>dubitabat.</span> <span class='ocrx_word' id='word_1_496' title='bbox 1343 3411 1416 3481; x_wconf 80' lang='lat' dir='ltr'>Ergo</span> <span class='ocrx_word' id='word_1_497' title='bbox 1437 3410 1573 3481; x_wconf 89' lang='lat' dir='ltr'>quendam</span> <span class='ocrx_word' id='word_1_498' title='bbox 1588 3410 1698 3466; x_wconf 87' lang='lat' dir='ltr'>nomine</span> <span class='ocrx_word' id='word_1_499' title='bbox 1712 3409 1870 3466; x_wconf 83' lang='lat' dir='ltr'>llinnonem</span> <span class='ocrx_word' id='word_1_500' title='bbox 1885 3409 1914 3478; x_wconf 79' lang='lat'>⁶⁸,</span> 
     </span>
     <span class='ocr_line' id='line_1_37' title="bbox 222 3484 1915 3570; baseline 0.009 -30"><span class='ocrx_word' id='word_1_501' title='bbox 222 3484 325 3541; x_wconf 91' lang='lat' dir='ltr'>bellum</span> <span class='ocrx_word' id='word_1_502' title='bbox 349 3496 502 3558; x_wconf 77' lang='lat' dir='ltr'>cleperent,</span> <span class='ocrx_word' id='word_1_503' title='bbox 527 3490 568 3546; x_wconf 92' lang='lat' dir='ltr'>illi</span> <span class='ocrx_word' id='word_1_504' title='bbox 589 3490 645 3548; x_wconf 91' lang='lat' dir='ltr'>duo</span> <span class='ocrx_word' id='word_1_505' title='bbox 664 3491 728 3550; x_wconf 88' lang='lat' dir='ltr'>ildei</span> <span class='ocrx_word' id='word_1_506' title='bbox 745 3495 844 3564; x_wconf 86' lang='lat' dir='ltr'>juratae</span> <span class='ocrx_word' id='word_1_507' title='bbox 861 3496 950 3564; x_wconf 89' lang='lat' dir='ltr'>obliti,</span> <span class='ocrx_word' id='word_1_508' title='bbox 967 3497 1048 3568; x_wconf 87' lang='lat' dir='ltr'>primi</span> <span class='ocrx_word' id='word_1_509' title='bbox 1090 3505 1191 3570; x_wconf 83' lang='lat' dir='ltr'>preter</span> <span class='ocrx_word' id='word_1_510' title='bbox 1217 3499 1358 3557; x_wconf 91' lang='lat' dir='ltr'>audaciam</span> <span class='ocrx_word' id='word_1_511' title='bbox 1387 3498 1472 3557; x_wconf 90' lang='lat' dir='ltr'>nichil</span> <span class='ocrx_word' id='word_1_512' title='bbox 1495 3499 1604 3556; x_wconf 85' lang='lat' dir='ltr'>uirtutis</span> <span class='ocrx_word' id='word_1_513' title='bbox 1632 3497 1795 3566; x_wconf 86' lang='lat' dir='ltr'>habentem,</span> <span class='ocrx_word' id='word_1_514' title='bbox 1824 3501 1915 3570; x_wconf 88' lang='lat' dir='ltr'>pretio</span> 
     </span>
     <span class='ocr_line' id='line_1_38' title="bbox 225 3574 1915 3659; baseline 0.008 -28"><span class='ocrx_word' id='word_1_515' title='bbox 225 3574 321 3632; x_wconf 92' lang='lat' dir='ltr'>relicta</span> <span class='ocrx_word' id='word_1_516' title='bbox 347 3577 435 3647; x_wconf 87' lang='lat' dir='ltr'>patria</span> <span class='ocrx_word' id='word_1_517' title='bbox 459 3577 606 3650; x_wconf 80' lang='lat' dir='ltr'>transfugae</span> <span class='ocrx_word' id='word_1_518' title='bbox 625 3581 693 3638; x_wconf 80' lang='lat' dir='ltr'>viles</span> <span class='ocrx_word' id='word_1_519' title='bbox 711 3582 745 3640; x_wconf 89' lang='lat' dir='ltr'>ad</span> <span class='ocrx_word' id='word_1_520' title='bbox 763 3583 858 3642; x_wconf 89' lang='lat' dir='ltr'>hostes</span> <span class='ocrx_word' id='word_1_521' title='bbox 876 3584 1047 3644; x_wconf 87' lang='lat' dir='ltr'>deiecerunt.</span> <span class='ocrx_word' id='word_1_522' title='bbox 1090 3587 1222 3647; x_wconf 85' lang='lat' dir='ltr'>conduxit</span> <span class='ocrx_word' id='word_1_523' title='bbox 1236 3594 1265 3646; x_wconf 91' lang='lat' dir='ltr'>et</span> <span class='ocrx_word' id='word_1_524' title='bbox 1285 3588 1515 3659; x_wconf 87' lang='lat' dir='ltr'>promissionibus</span> <span class='ocrx_word' id='word_1_525' title='bbox 1528 3588 1695 3657; x_wconf 84' lang='lat' dir='ltr'>sollicitavit,</span> <span class='ocrx_word' id='word_1_526' title='bbox 1716 3592 1746 3644; x_wconf 93' lang='lat' dir='ltr'>ut</span> <span class='ocrx_word' id='word_1_527' title='bbox 1765 3586 1868 3646; x_wconf 86' lang='lat' dir='ltr'>ducem</span> <span class='ocrx_word' id='word_1_528' title='bbox 1882 3588 1915 3644; x_wconf 87' lang='lat' dir='ltr'>dc</span> 
     </span>
     <span class='ocr_line' id='line_1_39' title="bbox 227 3665 1914 3750; baseline -0.002 -12"><span class='ocrx_word' id='word_1_529' title='bbox 227 3665 611 3740; x_wconf 62' lang='lat' dir='ltr'>³⁰0V0l⁰ll⁰⁸1⁰³lli¹⁰bib</span> <span class='ocrx_word' id='word_1_530' title='bbox 1090 3679 1163 3750; x_wconf 87' lang='lat' dir='ltr'>regis</span> <span class='ocrx_word' id='word_1_531' title='bbox 1186 3685 1275 3736; x_wconf 89' lang='lat' dir='ltr'>morte</span> <span class='ocrx_word' id='word_1_532' title='bbox 1300 3693 1394 3736; x_wconf 87' lang='lat' dir='ltr'>seeum</span> <span class='ocrx_word' id='word_1_533' title='bbox 1416 3682 1549 3735; x_wconf 89' lang='lat' dir='ltr'>tractasse</span> <span class='ocrx_word' id='word_1_534' title='bbox 1572 3678 1688 3745; x_wconf 90' lang='lat' dir='ltr'>diceret,</span> <span class='ocrx_word' id='word_1_535' title='bbox 1714 3681 1741 3734; x_wconf 86' lang='lat' dir='ltr'>et</span> <span class='ocrx_word' id='word_1_536' title='bbox 1764 3677 1821 3736; x_wconf 93' lang='lat' dir='ltr'>hoe</span> <span class='ocrx_word' id='word_1_537' title='bbox 1834 3678 1856 3710; x_wconf 73' lang='lat'>‘¹</span> <span class='ocrx_word' id='word_1_538' title='bbox 1876 3691 1914 3744; x_wconf 87' lang='lat' dir='ltr'>se,</span> 
     </span>
     <span class='ocr_line' id='line_1_40' title="bbox 265 3753 1914 3840; baseline 0.01 -35"><span class='ocrx_word' id='word_1_539' title='bbox 265 3753 307 3808; x_wconf 86' lang='lat'>17.</span> <span class='ocrx_word' id='word_1_540' title='bbox 332 3755 404 3812; x_wconf 85' lang='lat' dir='ltr'>Gens</span> <span class='ocrx_word' id='word_1_541' title='bbox 426 3769 492 3814; x_wconf 81' lang='lat' dir='ltr'>vero</span> <span class='ocrx_word' id='word_1_542' title='bbox 516 3759 677 3828; x_wconf 82' lang='lat' dir='ltr'>suevorum,</span> <span class='ocrx_word' id='word_1_543' title='bbox 702 3761 796 3818; x_wconf 90' lang='lat' dir='ltr'>audita</span> <span class='ocrx_word' id='word_1_544' title='bbox 819 3764 956 3822; x_wconf 62' lang='lat' dir='ltr'>&amp;nonunt</span> <span class='ocrx_word' id='word_1_545' title='bbox 979 3765 1050 3822; x_wconf 90' lang='lat' dir='ltr'>cala-</span> <span class='ocrx_word' id='word_1_546' title='bbox 1090 3769 1115 3825; x_wconf 91' lang='lat' dir='ltr'>si</span> <span class='ocrx_word' id='word_1_547' title='bbox 1137 3773 1269 3840; x_wconf 86' lang='lat' dir='ltr'>negaret,</span> <span class='ocrx_word' id='word_1_548' title='bbox 1293 3767 1426 3840; x_wconf 90' lang='lat' dir='ltr'>singulari</span> <span class='ocrx_word' id='word_1_549' title='bbox 1444 3767 1518 3826; x_wconf 90' lang='lat' dir='ltr'>bello</span> <span class='ocrx_word' id='word_1_550' title='bbox 1537 3769 1715 3837; x_wconf 89' lang='lat' dir='ltr'>probaturum</span> <span class='ocrx_word' id='word_1_551' title='bbox 1729 3767 1914 3837; x_wconf 91' lang='lat' dir='ltr'>promitteret.</span> 
     </span>
     <span class='ocr_line' id='line_1_41' title="bbox 228 3839 1916 3926; baseline 0.011 -30"><span class='ocrx_word' id='word_1_552' title='bbox 228 3839 333 3908; x_wconf 79' lang='lat' dir='ltr'>mimos,</span> <span class='ocrx_word' id='word_1_553' title='bbox 358 3841 429 3898; x_wconf 89' lang='lat' dir='ltr'>clam</span> <span class='ocrx_word' id='word_1_554' title='bbox 451 3843 557 3914; x_wconf 87' lang='lat' dir='ltr'>legatos</span> <span class='ocrx_word' id='word_1_555' title='bbox 577 3860 644 3904; x_wconf 88' lang='lat' dir='ltr'>suos</span> <span class='ocrx_word' id='word_1_556' title='bbox 666 3848 701 3906; x_wconf 88' lang='lat' dir='ltr'>ad</span> <span class='ocrx_word' id='word_1_557' title='bbox 724 3849 789 3906; x_wconf 90' lang='lat' dir='ltr'>illes</span> <span class='ocrx_word' id='word_1_558' title='bbox 811 3851 896 3918; x_wconf 89' lang='lat' dir='ltr'>misit,</span> <span class='ocrx_word' id='word_1_559' title='bbox 913 3858 941 3909; x_wconf 91' lang='lat' dir='ltr'>et</span> <span class='ocrx_word' id='word_1_560' title='bbox 960 3851 1050 3910; x_wconf 90' lang='lat' dir='ltr'>loedus</span> <span class='ocrx_word' id='word_1_561' title='bbox 1090 3858 1130 3914; x_wconf 87' lang='lat' dir='ltr'>lta</span> <span class='ocrx_word' id='word_1_562' title='bbox 1142 3857 1164 3890; x_wconf 79' lang='lat'>‘⁸</span> <span class='ocrx_word' id='word_1_563' title='bbox 1187 3859 1345 3916; x_wconf 85' lang='lat' dir='ltr'>certaminis</span> <span class='ocrx_word' id='word_1_564' title='bbox 1360 3858 1601 3916; x_wconf 89' lang='lat' dir='ltr'>illiusconstituto</span> <span class='ocrx_word' id='word_1_565' title='bbox 1620 3857 1805 3926; x_wconf 77' lang='lat' dir='ltr'>die,01t0ab</span> <span class='ocrx_word' id='word_1_566' title='bbox 1820 3859 1916 3915; x_wconf 88' lang='lat' dir='ltr'>amicis</span> 
     </span>
     <span class='ocr_line' id='line_1_42' title="bbox 229 3927 1914 4019; baseline 0.012 -35"><span class='ocrx_word' id='word_1_567' title='bbox 229 3939 291 3984; x_wconf 91' lang='lat' dir='ltr'>cum</span> <span class='ocrx_word' id='word_1_568' title='bbox 310 3929 351 3986; x_wconf 89' lang='lat' dir='ltr'>eis</span> <span class='ocrx_word' id='word_1_569' title='bbox 365 3927 440 3998; x_wconf 88' lang='lat' dir='ltr'>lecit,</span> <span class='ocrx_word' id='word_1_570' title='bbox 457 3939 487 3988; x_wconf 92' lang='lat' dir='ltr'>ut</span> <span class='ocrx_word' id='word_1_571' title='bbox 501 3939 599 3990; x_wconf 89' lang='lat' dir='ltr'>neuter</span> <span class='ocrx_word' id='word_1_572' title='bbox 613 3936 732 4007; x_wconf 89' lang='lat' dir='ltr'>populus</span> <span class='ocrx_word' id='word_1_573' title='bbox 745 3938 780 3994; x_wconf 86' lang='lat' dir='ltr'>ad</span> <span class='ocrx_word' id='word_1_574' title='bbox 803 3938 917 3997; x_wconf 90' lang='lat' dir='ltr'>alterius</span> <span class='ocrx_word' id='word_1_575' title='bbox 937 3955 1052 4012; x_wconf 88' lang='lat' dir='ltr'>oppres·</span> <span class='ocrx_word' id='word_1_576' title='bbox 1091 3948 1149 4004; x_wconf 91' lang='lat' dir='ltr'>suis</span> <span class='ocrx_word' id='word_1_577' title='bbox 1163 3947 1302 4019; x_wconf 91' lang='lat' dir='ltr'>eplscopis</span> <span class='ocrx_word' id='word_1_578' title='bbox 1316 3953 1344 4004; x_wconf 92' lang='lat' dir='ltr'>et</span> <span class='ocrx_word' id='word_1_579' title='bbox 1357 3947 1420 4004; x_wconf 88' lang='lat' dir='ltr'>aliis</span> <span class='ocrx_word' id='word_1_580' title='bbox 1439 3947 1612 4018; x_wconf 88' lang='lat' dir='ltr'>principibus</span> <span class='ocrx_word' id='word_1_581' title='bbox 1626 3953 1816 4017; x_wconf 83' lang='lat' dir='ltr'>pnaemonetur</span> <span class='ocrx_word' id='word_1_582' title='bbox 1829 3947 1914 4018; x_wconf 90' lang='lat' dir='ltr'>quod,</span> 
     </span>
     <span class='ocr_line' id='line_1_43' title="bbox 228 4016 1915 4102; baseline 0.012 -30"><span class='ocrx_word' id='word_1_583' title='bbox 228 4016 335 4074; x_wconf 87' lang='lat' dir='ltr'>sionem</span> <span class='ocrx_word' id='word_1_584' title='bbox 354 4017 413 4089; x_wconf 89' lang='lat' dir='ltr'>regi</span> <span class='ocrx_word' id='word_1_585' title='bbox 428 4017 512 4078; x_wconf 90' lang='lat' dir='ltr'>lerret</span> <span class='ocrx_word' id='word_1_586' title='bbox 529 4021 671 4082; x_wconf 86' lang='lat' dir='ltr'>auxilium.</span> <span class='ocrx_word' id='word_1_587' title='bbox 687 4027 801 4086; x_wconf 89' lang='lat' dir='ltr'>Volebat</span> <span class='ocrx_word' id='word_1_588' title='bbox 815 4031 888 4086; x_wconf 89' lang='lat' dir='ltr'>enim</span> <span class='ocrx_word' id='word_1_589' title='bbox 902 4045 951 4088; x_wconf 86' lang='lat' dir='ltr'>rex</span> <span class='ocrx_word' id='word_1_590' title='bbox 969 4032 1051 4090; x_wconf 86' lang='lat' dir='ltr'>ettam</span> <span class='ocrx_word' id='word_1_591' title='bbox 1091 4035 1115 4094; x_wconf 92' lang='lat' dir='ltr'>si</span> <span class='ocrx_word' id='word_1_592' title='bbox 1142 4035 1292 4094; x_wconf 86' lang='lat' dir='ltr'>Gestariam</span> <span class='ocrx_word' id='word_1_593' title='bbox 1320 4036 1444 4102; x_wconf 85' lang='lat' dir='ltr'>veniret,</span> <span class='ocrx_word' id='word_1_594' title='bbox 1474 4035 1521 4092; x_wconf 95' lang='lat' dir='ltr'>ubi</span> <span class='ocrx_word' id='word_1_595' title='bbox 1550 4033 1671 4092; x_wconf 88' lang='lat' dir='ltr'>duellum</span> <span class='ocrx_word' id='word_1_596' title='bbox 1698 4036 1758 4092; x_wconf 87' lang='lat' dir='ltr'>lieri</span> <span class='ocrx_word' id='word_1_597' title='bbox 1785 4035 1915 4100; x_wconf 75' lang='lat' dir='ltr'>debebat</span> 
     </span>
     <span class='ocr_line' id='line_1_44' title="bbox 228 4105 1916 4192; baseline 0.011 -31"><span class='ocrx_word' id='word_1_598' title='bbox 228 4105 332 4162; x_wconf 84' lang='lat' dir='ltr'>Sueuos</span> <span class='ocrx_word' id='word_1_599' title='bbox 350 4105 486 4164; x_wconf 86' lang='lat' dir='ltr'>uiolenter</span> <span class='ocrx_word' id='word_1_600' title='bbox 509 4112 676 4182; x_wconf 89' lang='lat' dir='ltr'>opprimere,</span> <span class='ocrx_word' id='word_1_601' title='bbox 701 4123 729 4172; x_wconf 93' lang='lat' dir='ltr'>et</span> <span class='ocrx_word' id='word_1_602' title='bbox 752 4124 782 4173; x_wconf 93' lang='lat' dir='ltr'>ut</span> <span class='ocrx_word' id='word_1_603' title='bbox 804 4119 858 4175; x_wconf 90' lang='lat' dir='ltr'>sibi</span> <span class='ocrx_word' id='word_1_604' title='bbox 881 4121 916 4176; x_wconf 89' lang='lat' dir='ltr'>de</span> <span class='ocrx_word' id='word_1_605' title='bbox 939 4122 1052 4192; x_wconf 84' lang='lat' dir='ltr'>praediis</span> <span class='ocrx_word' id='word_1_606' title='bbox 1092 4125 1199 4182; x_wconf 89' lang='lat' dir='ltr'>etiamsi</span> <span class='ocrx_word' id='word_1_607' title='bbox 1226 4124 1412 4180; x_wconf 89' lang='lat' dir='ltr'>adversarium</span> <span class='ocrx_word' id='word_1_608' title='bbox 1440 4137 1519 4180; x_wconf 86' lang='lat' dir='ltr'>suunt</span> <span class='ocrx_word' id='word_1_609' title='bbox 1546 4123 1693 4192; x_wconf 83' lang='lat' dir='ltr'>vinceret,</span> <span class='ocrx_word' id='word_1_610' title='bbox 1725 4129 1819 4180; x_wconf 68' lang='lat' dir='ltr'>umen</span> <span class='ocrx_word' id='word_1_611' title='bbox 1853 4123 1916 4179; x_wconf 91' lang='lat' dir='ltr'>inde</span> 
     </span>
     <span class='ocr_line' id='line_1_45' title="bbox 227 4194 1917 4284; baseline 0.011 -34"><span class='ocrx_word' id='word_1_612' title='bbox 227 4194 286 4250; x_wconf 87' lang='lat' dir='ltr'>suis</span> <span class='ocrx_word' id='word_1_613' title='bbox 299 4195 448 4255; x_wconf 87' lang='lat' dir='ltr'>redderent</span> <span class='ocrx_word' id='word_1_614' title='bbox 462 4199 565 4256; x_wconf 91' lang='lat' dir='ltr'>tributa</span> <span class='ocrx_word' id='word_1_615' title='bbox 579 4204 755 4274; x_wconf 88' lang='lat' dir='ltr'>compellere.</span> <span class='ocrx_word' id='word_1_616' title='bbox 772 4208 849 4275; x_wconf 83' lang='lat' dir='ltr'>Quod</span> <span class='ocrx_word' id='word_1_617' title='bbox 865 4208 954 4268; x_wconf 81' lang='lat' dir='ltr'>ledus</span> <span class='ocrx_word' id='word_1_618' title='bbox 968 4214 1052 4270; x_wconf 85' lang='lat' dir='ltr'>Saxo·</span> <span class='ocrx_word' id='word_1_619' title='bbox 1092 4228 1154 4272; x_wconf 92' lang='lat' dir='ltr'>cum</span> <span class='ocrx_word' id='word_1_620' title='bbox 1169 4214 1223 4270; x_wconf 88' lang='lat' dir='ltr'>vita</span> <span class='ocrx_word' id='word_1_621' title='bbox 1238 4227 1293 4270; x_wconf 89' lang='lat' dir='ltr'>nen</span> <span class='ocrx_word' id='word_1_622' title='bbox 1310 4213 1424 4270; x_wconf 89' lang='lat' dir='ltr'>rediret.</span> <span class='ocrx_word' id='word_1_623' title='bbox 1449 4212 1538 4284; x_wconf 86' lang='lat' dir='ltr'>Elegit</span> <span class='ocrx_word' id='word_1_624' title='bbox 1556 4226 1622 4284; x_wconf 86' lang='lat' dir='ltr'>engo</span> <span class='ocrx_word' id='word_1_625' title='bbox 1637 4213 1810 4271; x_wconf 89' lang='lat' dir='ltr'>honoresue</span> <span class='ocrx_word' id='word_1_626' title='bbox 1826 4213 1917 4284; x_wconf 88' lang='lat' dir='ltr'>potius</span> 
     </span>
     <span class='ocr_line' id='line_1_46' title="bbox 228 4285 1917 4375; baseline 0 -17"><span class='ocrx_word' id='word_1_627' title='bbox 228 4285 628 4358; x_wconf 67' lang='lat' dir='ltr'>”⁰⁸⁸¹fld01120l8elliistssh</span> <span class='ocrx_word' id='word_1_628' title='bbox 648 4299 676 4350; x_wconf 90' lang='lat' dir='ltr'>et</span> <span class='ocrx_word' id='word_1_629' title='bbox 698 4294 733 4351; x_wconf 89' lang='lat' dir='ltr'>ab</span> <span class='ocrx_word' id='word_1_630' title='bbox 758 4295 869 4355; x_wconf 84' lang='lat' dir='ltr'>infamia</span> <span class='ocrx_word' id='word_1_631' title='bbox 882 4298 904 4332; x_wconf 73' lang='lat'>⁵⁹</span> <span class='ocrx_word' id='word_1_632' title='bbox 928 4301 1050 4372; x_wconf 85' lang='lat' dir='ltr'>pertidiae</span> <span class='ocrx_word' id='word_1_633' title='bbox 1093 4305 1195 4374; x_wconf 84' lang='lat' dir='ltr'>injuste</span> <span class='ocrx_word' id='word_1_634' title='bbox 1214 4302 1326 4375; x_wconf 83' lang='lat' dir='ltr'>privari,</span> <span class='ocrx_word' id='word_1_635' title='bbox 1342 4317 1422 4373; x_wconf 89' lang='lat' dir='ltr'>quam</span> <span class='ocrx_word' id='word_1_636' title='bbox 1437 4302 1491 4359; x_wconf 89' lang='lat' dir='ltr'>tale</span> <span class='ocrx_word' id='word_1_637' title='bbox 1507 4302 1641 4372; x_wconf 86' lang='lat' dir='ltr'>judicium</span> <span class='ocrx_word' id='word_1_638' title='bbox 1660 4301 1765 4370; x_wconf 90' lang='lat' dir='ltr'>subire,</span> <span class='ocrx_word' id='word_1_639' title='bbox 1781 4302 1830 4359; x_wconf 95' lang='lat' dir='ltr'>ubi</span> <span class='ocrx_word' id='word_1_640' title='bbox 1848 4303 1917 4358; x_wconf 87' lang='lat' dir='ltr'>scie·</span> 
     </span>
     <span class='ocr_line' id='line_1_47' title="bbox 227 4362 1917 4463; baseline 0.011 -33"><span class='ocrx_word' id='word_1_641' title='bbox 227 4378 255 4430; x_wconf 90' lang='lat' dir='ltr'>st</span> <span class='ocrx_word' id='word_1_642' title='bbox 268 4388 285 4432; x_wconf 91' lang='lat' dir='ltr'>a</span> <span class='ocrx_word' id='word_1_643' title='bbox 299 4389 395 4448; x_wconf 88' lang='lat' dir='ltr'>magna</span> <span class='ocrx_word' id='word_1_644' title='bbox 410 4383 489 4449; x_wconf 91' lang='lat' dir='ltr'>parte</span> <span class='ocrx_word' id='word_1_645' title='bbox 503 4380 666 4440; x_wconf 87' lang='lat' dir='ltr'>calamitatis</span> <span class='ocrx_word' id='word_1_646' title='bbox 685 4383 765 4442; x_wconf 90' lang='lat' dir='ltr'>liberi</span> <span class='ocrx_word' id='word_1_647' title='bbox 780 4385 906 4446; x_wconf 89' lang='lat' dir='ltr'>luissent.</span> <span class='ocrx_word' id='word_1_648' title='bbox 1059 4362 1141 4450; x_wconf 58' lang='lat' dir='ltr'>I&#39;bat</span> <span class='ocrx_word' id='word_1_649' title='bbox 1154 4393 1207 4463; x_wconf 91' lang='lat' dir='ltr'>ipsi</span> <span class='ocrx_word' id='word_1_650' title='bbox 1221 4392 1336 4462; x_wconf 82' lang='lat' dir='ltr'>justitiae</span> <span class='ocrx_word' id='word_1_651' title='bbox 1351 4391 1508 4448; x_wconf 87' lang='lat' dir='ltr'>violentiam</span> <span class='ocrx_word' id='word_1_652' title='bbox 1523 4389 1594 4449; x_wconf 89' lang='lat' dir='ltr'>lieri.</span> <span class='ocrx_word' id='word_1_653' title='bbox 1610 4391 1697 4462; x_wconf 88' lang='lat' dir='ltr'>igitur</span> <span class='ocrx_word' id='word_1_654' title='bbox 1714 4390 1749 4447; x_wconf 92' lang='lat' dir='ltr'>ad</span> <span class='ocrx_word' id='word_1_655' title='bbox 1763 4405 1814 4448; x_wconf 84' lang='lat' dir='ltr'>sua</span> <span class='ocrx_word' id='word_1_656' title='bbox 1830 4405 1917 4448; x_wconf 87' lang='lat' dir='ltr'>reces-</span> 
     </span>
     <span class='ocr_line' id='line_1_48' title="bbox 264 4463 1917 4552; baseline 0.011 -34"><span class='ocrx_word' id='word_1_657' title='bbox 264 4463 306 4520; x_wconf 88' lang='lat'>18.</span> <span class='ocrx_word' id='word_1_658' title='bbox 335 4465 482 4537; x_wconf 78' lang='lat' dir='ltr'>sigifridus</span> <span class='ocrx_word' id='word_1_659' title='bbox 504 4469 526 4502; x_wconf 81' lang='lat'>⁶⁰</span> <span class='ocrx_word' id='word_1_660' title='bbox 557 4472 721 4543; x_wconf 80' lang='lat' dir='ltr'>llagontinae</span> <span class='ocrx_word' id='word_1_661' title='bbox 752 4477 827 4534; x_wconf 89' lang='lat' dir='ltr'>sedis</span> <span class='ocrx_word' id='word_1_662' title='bbox 858 4480 1049 4552; x_wconf 79' lang='lat' dir='ltr'>archipresul,</span> <span class='ocrx_word' id='word_1_663' title='bbox 1092 4483 1139 4551; x_wconf 89' lang='lat' dir='ltr'>sit,</span> <span class='ocrx_word' id='word_1_664' title='bbox 1157 4490 1185 4539; x_wconf 92' lang='lat' dir='ltr'>et</span> <span class='ocrx_word' id='word_1_665' title='bbox 1199 4481 1336 4539; x_wconf 89' lang='lat' dir='ltr'>associato</span> <span class='ocrx_word' id='word_1_666' title='bbox 1350 4481 1404 4538; x_wconf 91' lang='lat' dir='ltr'>sibi</span> <span class='ocrx_word' id='word_1_667' title='bbox 1418 4483 1525 4552; x_wconf 84' lang='lat' dir='ltr'>blegne,</span> <span class='ocrx_word' id='word_1_668' title='bbox 1541 4481 1612 4538; x_wconf 92' lang='lat' dir='ltr'>duee</span> <span class='ocrx_word' id='word_1_669' title='bbox 1626 4481 1762 4547; x_wconf 80' lang='lat' dir='ltr'>saxoniae,</span> <span class='ocrx_word' id='word_1_670' title='bbox 1778 4493 1830 4552; x_wconf 90' lang='lat' dir='ltr'>per</span> <span class='ocrx_word' id='word_1_671' title='bbox 1849 4481 1917 4538; x_wconf 86' lang='lat' dir='ltr'>duos</span> 
     </span>
     <span class='ocr_line' id='line_1_49' title="bbox 225 4553 1915 4641; baseline 0.011 -33"><span class='ocrx_word' id='word_1_672' title='bbox 225 4553 389 4613; x_wconf 87' lang='lat' dir='ltr'>werinhero</span> <span class='ocrx_word' id='word_1_673' title='bbox 401 4555 420 4588; x_wconf 83' lang='lat'>‘¹</span> <span class='ocrx_word' id='word_1_674' title='bbox 446 4559 689 4634; x_wconf 89' lang='lat' dir='ltr'>llagedeburgeusi</span> <span class='ocrx_word' id='word_1_675' title='bbox 713 4571 741 4622; x_wconf 89' lang='lat' dir='ltr'>et</span> <span class='ocrx_word' id='word_1_676' title='bbox 764 4568 921 4627; x_wconf 85' lang='lat' dir='ltr'>Burcharde</span> <span class='ocrx_word' id='word_1_677' title='bbox 937 4571 1052 4628; x_wconf 88' lang='lat' dir='ltr'>llalber-</span> <span class='ocrx_word' id='word_1_678' title='bbox 1092 4571 1149 4628; x_wconf 90' lang='lat' dir='ltr'>lere</span> <span class='ocrx_word' id='word_1_679' title='bbox 1164 4584 1251 4627; x_wconf 88' lang='lat' dir='ltr'>annos</span> <span class='ocrx_word' id='word_1_680' title='bbox 1265 4585 1327 4628; x_wconf 90' lang='lat' dir='ltr'>eum</span> <span class='ocrx_word' id='word_1_681' title='bbox 1342 4585 1406 4640; x_wconf 90' lang='lat' dir='ltr'>rege</span> <span class='ocrx_word' id='word_1_682' title='bbox 1420 4570 1522 4627; x_wconf 89' lang='lat' dir='ltr'>bellum</span> <span class='ocrx_word' id='word_1_683' title='bbox 1537 4570 1650 4628; x_wconf 89' lang='lat' dir='ltr'>crudele</span> <span class='ocrx_word' id='word_1_684' title='bbox 1664 4571 1750 4641; x_wconf 89' lang='lat' dir='ltr'>gessit</span> <span class='ocrx_word' id='word_1_685' title='bbox 1760 4569 1816 4640; x_wconf 78' lang='lat' dir='ltr'>(aa.</span> <span class='ocrx_word' id='word_1_686' title='bbox 1830 4569 1915 4640; x_wconf 80' lang='lat' dir='ltr'>loti).</span> 
     </span>
     <span class='ocr_line' id='line_1_50' title="bbox 225 4643 1915 4732; baseline 0.01 -34"><span class='ocrx_word' id='word_1_687' title='bbox 225 4643 348 4700; x_wconf 89' lang='lat' dir='ltr'>stadensi</span> <span class='ocrx_word' id='word_1_688' title='bbox 363 4643 384 4676; x_wconf 85' lang='lat'>⁸¹</span> <span class='ocrx_word' id='word_1_689' title='bbox 406 4647 545 4722; x_wconf 86' lang='lat' dir='ltr'>eplscopis</span> <span class='ocrx_word' id='word_1_690' title='bbox 568 4651 674 4708; x_wconf 88' lang='lat' dir='ltr'>litteras</span> <span class='ocrx_word' id='word_1_691' title='bbox 688 4656 861 4724; x_wconf 90' lang='lat' dir='ltr'>querimonia</span> <span class='ocrx_word' id='word_1_692' title='bbox 884 4659 980 4729; x_wconf 86' lang='lat' dir='ltr'>plenas</span> <span class='ocrx_word' id='word_1_693' title='bbox 1003 4661 1051 4718; x_wconf 92' lang='lat' dir='ltr'>mi·</span> <span class='ocrx_word' id='word_1_694' title='bbox 1092 4659 1196 4718; x_wconf 86' lang='lat' dir='ltr'>lteinde</span> <span class='ocrx_word' id='word_1_695' title='bbox 1211 4660 1335 4717; x_wconf 90' lang='lat' dir='ltr'>consiliis</span> <span class='ocrx_word' id='word_1_696' title='bbox 1352 4660 1502 4716; x_wconf 89' lang='lat' dir='ltr'>amicorum</span> <span class='ocrx_word' id='word_1_697' title='bbox 1522 4659 1622 4726; x_wconf 90' lang='lat' dir='ltr'>coacti,</span> <span class='ocrx_word' id='word_1_698' title='bbox 1637 4673 1700 4716; x_wconf 89' lang='lat' dir='ltr'>cunr</span> <span class='ocrx_word' id='word_1_699' title='bbox 1713 4673 1744 4716; x_wconf 90' lang='lat' dir='ltr'>se</span> <span class='ocrx_word' id='word_1_700' title='bbox 1759 4661 1845 4732; x_wconf 77' lang='lat' dir='ltr'>regie</span> <span class='ocrx_word' id='word_1_701' title='bbox 1860 4667 1915 4716; x_wconf 88' lang='lat' dir='ltr'>tra-</span> 
     </span>
     <span class='ocr_line' id='line_1_51' title="bbox 228 4730 1917 4821; baseline 0.011 -35"><span class='ocrx_word' id='word_1_702' title='bbox 228 4730 275 4798; x_wconf 77' lang='lat' dir='ltr'>bit,</span> <span class='ocrx_word' id='word_1_703' title='bbox 295 4733 370 4802; x_wconf 91' lang='lat' dir='ltr'>qued</span> <span class='ocrx_word' id='word_1_704' title='bbox 394 4748 443 4792; x_wconf 87' lang='lat' dir='ltr'>rex</span> <span class='ocrx_word' id='word_1_705' title='bbox 466 4736 495 4792; x_wconf 94' lang='lat' dir='ltr'>in</span> <span class='ocrx_word' id='word_1_706' title='bbox 520 4739 680 4812; x_wconf 89' lang='lat' dir='ltr'>episcopatu</span> <span class='ocrx_word' id='word_1_707' title='bbox 695 4758 745 4801; x_wconf 90' lang='lat' dir='ltr'>suo</span> <span class='ocrx_word' id='word_1_708' title='bbox 760 4745 821 4802; x_wconf 88' lang='lat' dir='ltr'>loca</span> <span class='ocrx_word' id='word_1_709' title='bbox 835 4748 1052 4817; x_wconf 81' lang='lat' dir='ltr'>predatienibus</span> <span class='ocrx_word' id='word_1_710' title='bbox 1093 4749 1191 4808; x_wconf 92' lang='lat' dir='ltr'>derent</span> <span class='ocrx_word' id='word_1_711' title='bbox 1209 4748 1667 4821; x_wconf 82' lang='lat' dir='ltr'>potestatl,re1tlagnumducem</span> <span class='ocrx_word' id='word_1_712' title='bbox 1686 4749 1715 4804; x_wconf 93' lang='lat' dir='ltr'>in</span> <span class='ocrx_word' id='word_1_713' title='bbox 1736 4763 1849 4807; x_wconf 87' lang='lat' dir='ltr'>earcere</span> <span class='ocrx_word' id='word_1_714' title='bbox 1867 4762 1917 4805; x_wconf 90' lang='lat' dir='ltr'>suo</span> 
     </span>
     <span class='ocr_line' id='line_1_52' title="bbox 230 4816 1916 4911; baseline 0.01 -36"><span class='ocrx_word' id='word_1_715' title='bbox 230 4816 363 4878; x_wconf 85' lang='lat' dir='ltr'>iaciendis</span> <span class='ocrx_word' id='word_1_716' title='bbox 381 4829 444 4894; x_wconf 88' lang='lat' dir='ltr'>apta</span> <span class='ocrx_word' id='word_1_717' title='bbox 466 4825 605 4898; x_wconf 88' lang='lat' dir='ltr'>elegisset,</span> <span class='ocrx_word' id='word_1_718' title='bbox 630 4832 783 4903; x_wconf 86' lang='lat' dir='ltr'>positisque</span> <span class='ocrx_word' id='word_1_719' title='bbox 797 4835 866 4892; x_wconf 87' lang='lat' dir='ltr'>inibi</span> <span class='ocrx_word' id='word_1_720' title='bbox 885 4837 1005 4894; x_wconf 89' lang='lat' dir='ltr'>castellis</span> <span class='ocrx_word' id='word_1_721' title='bbox 1024 4846 1052 4896; x_wconf 88' lang='lat' dir='ltr'>et</span> <span class='ocrx_word' id='word_1_722' title='bbox 1093 4853 1143 4911; x_wconf 91' lang='lat' dir='ltr'>per</span> <span class='ocrx_word' id='word_1_723' title='bbox 1166 4841 1303 4910; x_wconf 86' lang='lat' dir='ltr'>integrum</span> <span class='ocrx_word' id='word_1_724' title='bbox 1326 4839 1468 4896; x_wconf 88' lang='lat' dir='ltr'>biennium</span> <span class='ocrx_word' id='word_1_725' title='bbox 1487 4838 1586 4907; x_wconf 89' lang='lat' dir='ltr'>tenuit,</span> <span class='ocrx_word' id='word_1_726' title='bbox 1606 4839 1645 4895; x_wconf 89' lang='lat' dir='ltr'>ita</span> <span class='ocrx_word' id='word_1_727' title='bbox 1664 4843 1694 4895; x_wconf 94' lang='lat' dir='ltr'>ut</span> <span class='ocrx_word' id='word_1_728' title='bbox 1708 4838 1802 4896; x_wconf 87' lang='lat' dir='ltr'>nullus</span> <span class='ocrx_word' id='word_1_729' title='bbox 1817 4839 1846 4896; x_wconf 93' lang='lat' dir='ltr'>in</span> <span class='ocrx_word' id='word_1_730' title='bbox 1865 4839 1916 4894; x_wconf 90' lang='lat' dir='ltr'>boe</span> 
     </span>
     <span class='ocr_line' id='line_1_53' title="bbox 229 4909 1753 5002; baseline 0.013 -37"><span class='ocrx_word' id='word_1_731' title='bbox 229 4909 378 4978; x_wconf 81' lang='lat' dir='ltr'>presidiis,</span> <span class='ocrx_word' id='word_1_732' title='bbox 401 4913 486 4971; x_wconf 88' lang='lat' dir='ltr'>multa</span> <span class='ocrx_word' id='word_1_733' title='bbox 512 4916 582 4973; x_wconf 90' lang='lat' dir='ltr'>mala</span> <span class='ocrx_word' id='word_1_734' title='bbox 605 4919 688 4976; x_wconf 90' lang='lat' dir='ltr'>rebus</span> <span class='ocrx_word' id='word_1_735' title='bbox 708 4935 766 4979; x_wconf 78' lang='lat' dir='ltr'>suar</span> <span class='ocrx_word' id='word_1_736' title='bbox 789 4924 915 4982; x_wconf 85' lang='lat' dir='ltr'>ecclesiae</span> <span class='ocrx_word' id='word_1_737' title='bbox 935 4924 1049 4985; x_wconf 89' lang='lat' dir='ltr'>laceret.</span> <span class='ocrx_word' id='word_1_738' title='bbox 1092 4935 1217 5002; x_wconf 90' lang='lat' dir='ltr'>tempore</span> <span class='ocrx_word' id='word_1_739' title='bbox 1230 4931 1316 4988; x_wconf 91' lang='lat' dir='ltr'>sciret</span> <span class='ocrx_word' id='word_1_740' title='bbox 1330 4936 1420 4986; x_wconf 91' lang='lat' dir='ltr'>utrum</span> <span class='ocrx_word' id='word_1_741' title='bbox 1434 4928 1594 4986; x_wconf 79' lang='lat' dir='ltr'>viseretuel</span> <span class='ocrx_word' id='word_1_742' title='bbox 1609 4929 1657 4986; x_wconf 94' lang='lat' dir='ltr'>ubi</span> <span class='ocrx_word' id='word_1_743' title='bbox 1671 4937 1753 4986; x_wconf 89' lang='lat' dir='ltr'>esset.</span> 
     </span>
    </p>
   </div>
   <div class='ocr_carea' id='block_1_3' title="bbox 909 5053 1230 5116">
    <p class='ocr_par' dir='ltr' id='par_1_3' title="bbox 909 5053 1230 5116">
     <span class='ocr_line' id='line_1_54' title="bbox 909 5053 1230 5116; baseline 0.022 -9"><span class='ocrx_word' id='word_1_744' title='bbox 909 5053 1020 5109; x_wconf 75' lang='lat' dir='ltr'>VARIAE</span> <span class='ocrx_word' id='word_1_745' title='bbox 1038 5056 1230 5116; x_wconf 83' lang='lat' dir='ltr'>LECTIONES.</span> 
     </span>
    </p>
   </div>
   <div class='ocr_carea' id='block_1_4' title="bbox 264 5131 1914 5214">
    <p class='ocr_par' dir='ltr' id='par_1_4' title="bbox 264 5131 1914 5214">
     <span class='ocr_line' id='line_1_55' title="bbox 264 5131 1914 5214; baseline 0.012 -25"><span class='ocrx_word' id='word_1_746' title='bbox 264 5131 497 5196; x_wconf 76' lang='lat' dir='ltr'>“construetoh</span> <span class='ocrx_word' id='word_1_747' title='bbox 535 5139 557 5173; x_wconf 83' lang='lat'>⁸⁸</span> <span class='ocrx_word' id='word_1_748' title='bbox 572 5143 721 5212; x_wconf 85' lang='lat' dir='ltr'>puerilist.</span> <span class='ocrx_word' id='word_1_749' title='bbox 759 5145 838 5204; x_wconf 73' lang='lat' dir='ltr'>“sui</span> <span class='ocrx_word' id='word_1_750' title='bbox 853 5147 880 5202; x_wconf 85' lang='lat'>2.</span> <span class='ocrx_word' id='word_1_751' title='bbox 918 5149 1173 5210; x_wconf 77' lang='lat' dir='ltr'>“ile2semotil</span> <span class='ocrx_word' id='word_1_752' title='bbox 1211 5153 1308 5212; x_wconf 81' lang='lat' dir='ltr'>&#39;‘et2.</span> <span class='ocrx_word' id='word_1_753' title='bbox 1347 5153 1635 5214; x_wconf 78' lang='lat' dir='ltr'>&#39;’itn2Wilhelmum</span> <span class='ocrx_word' id='word_1_754' title='bbox 1654 5157 1678 5212; x_wconf 94' lang='lat' dir='ltr'>l.</span> <span class='ocrx_word' id='word_1_755' title='bbox 1717 5151 1914 5212; x_wconf 70' lang='lat' dir='ltr'>”luusieueh</span> 
     </span>
    </p>
   </div>
   <div class='ocr_carea' id='block_1_5' title="bbox 228 5201 1914 5369">
    <p class='ocr_par' dir='ltr' id='par_1_5' title="bbox 228 5201 1914 5369">
     <span class='ocr_line' id='line_1_56' title="bbox 228 5201 1914 5298; baseline 0.015 -41"><span class='ocrx_word' id='word_1_756' title='bbox 228 5201 249 5232; x_wconf 75' lang='lat'>⁸⁹</span> <span class='ocrx_word' id='word_1_757' title='bbox 268 5203 386 5264; x_wconf 83' lang='lat' dir='ltr'>infancie</span> <span class='ocrx_word' id='word_1_758' title='bbox 405 5209 429 5264; x_wconf 93' lang='lat' dir='ltr'>l.</span> <span class='ocrx_word' id='word_1_759' title='bbox 476 5211 497 5242; x_wconf 83' lang='lat'>⁸⁰</span> <span class='ocrx_word' id='word_1_760' title='bbox 511 5213 664 5284; x_wconf 80' lang='lat' dir='ltr'>sigefridus</span> <span class='ocrx_word' id='word_1_761' title='bbox 677 5217 704 5274; x_wconf 83' lang='lat'>2.</span> <span class='ocrx_word' id='word_1_762' title='bbox 752 5217 772 5249; x_wconf 81' lang='lat'>‘¹</span> <span class='ocrx_word' id='word_1_763' title='bbox 788 5232 914 5277; x_wconf 87' lang='lat' dir='ltr'>wernero</span> <span class='ocrx_word' id='word_1_764' title='bbox 932 5223 955 5278; x_wconf 93' lang='lat' dir='ltr'>l.</span> <span class='ocrx_word' id='word_1_765' title='bbox 973 5239 1166 5298; x_wconf 76' lang='lat' dir='ltr'>aecneaqunm.</span> <span class='ocrx_word' id='word_1_766' title='bbox 1213 5226 1235 5258; x_wconf 82' lang='lat'>⁸¹</span> <span class='ocrx_word' id='word_1_767' title='bbox 1249 5227 1288 5283; x_wconf 83' lang='lat' dir='ltr'>ite</span> <span class='ocrx_word' id='word_1_768' title='bbox 1302 5227 1320 5281; x_wconf 83' lang='lat'><strong><em>2</em></strong></span> <span class='ocrx_word' id='word_1_769' title='bbox 1334 5226 1548 5285; x_wconf 89' lang='lat' dir='ltr'>halberstatensi</span> <span class='ocrx_word' id='word_1_770' title='bbox 1565 5229 1589 5283; x_wconf 92' lang='lat' dir='ltr'>l.</span> <span class='ocrx_word' id='word_1_771' title='bbox 1605 5233 1755 5285; x_wconf 83' lang='lat' dir='ltr'>constanter</span> <span class='ocrx_word' id='word_1_772' title='bbox 1800 5225 1822 5258; x_wconf 80' lang='lat'>⁸⁸</span> <span class='ocrx_word' id='word_1_773' title='bbox 1838 5239 1864 5282; x_wconf 90' lang='lat' dir='ltr'>n.</span> <span class='ocrx_word' id='word_1_774' title='bbox 1880 5224 1914 5278; x_wconf 87' lang='lat' dir='ltr'>de</span> 
     </span>
     <span class='ocr_line' id='line_1_57' title="bbox 229 5274 1852 5369; baseline 0.017 -41"><span class='ocrx_word' id='word_1_775' title='bbox 229 5274 532 5340; x_wconf 81' lang='lat' dir='ltr'>hostheimasaxonia</span> <span class='ocrx_word' id='word_1_776' title='bbox 549 5283 585 5341; x_wconf 71' lang='lat' dir='ltr'>lb.</span> <span class='ocrx_word' id='word_1_777' title='bbox 625 5285 823 5347; x_wconf 74' lang='lat' dir='ltr'>“calidititatc</span> <span class='ocrx_word' id='word_1_778' title='bbox 841 5291 865 5346; x_wconf 92' lang='lat'>1.</span> <span class='ocrx_word' id='word_1_779' title='bbox 903 5289 1178 5354; x_wconf 72' lang='lat' dir='ltr'>‘&#39;iletbawarlsl.</span> <span class='ocrx_word' id='word_1_780' title='bbox 1216 5297 1395 5356; x_wconf 82' lang='lat' dir='ltr'>“emnemen</span> <span class='ocrx_word' id='word_1_781' title='bbox 1415 5301 1438 5355; x_wconf 96' lang='lat' dir='ltr'>l.</span> <span class='ocrx_word' id='word_1_782' title='bbox 1476 5299 1497 5332; x_wconf 84' lang='lat'>⁸⁷</span> <span class='ocrx_word' id='word_1_783' title='bbox 1515 5299 1625 5357; x_wconf 82' lang='lat' dir='ltr'>deeuti.</span> <span class='ocrx_word' id='word_1_784' title='bbox 1664 5298 1798 5369; x_wconf 77' lang='lat' dir='ltr'>“ltaque</span> <span class='ocrx_word' id='word_1_785' title='bbox 1817 5299 1852 5353; x_wconf 71' lang='lat' dir='ltr'>lt.</span> 
     </span>
    </p>
   </div>
   <div class='ocr_carea' id='block_1_6' title="bbox 199 5425 1124 5588">
    <p class='ocr_par' dir='ltr' id='par_1_6' title="bbox 199 5425 1124 5588">
     <span class='ocr_line' id='line_1_58' title="bbox 199 5425 1124 5588; baseline 0.03 -33"><span class='ocrx_word' id='word_1_786' title='bbox 199 5482 203 5490; x_wconf 73' lang='grc'>’</span> <span class='ocrx_word' id='word_1_787' title='bbox 264 5500 319 5573; x_wconf 74' lang='grc'>(23)</span> <span class='ocrx_word' id='word_1_788' title='bbox 339 5505 369 5562; x_wconf 93' lang='lat' dir='ltr'>ld</span> <span class='ocrx_word' id='word_1_789' title='bbox 387 5513 429 5567; x_wconf 88' lang='lat' dir='ltr'>est</span> <span class='ocrx_word' id='word_1_790' title='bbox 448 5510 483 5568; x_wconf 92' lang='lat' dir='ltr'>de</span> <span class='ocrx_word' id='word_1_791' title='bbox 501 5525 595 5570; x_wconf 85' lang='lat' dir='ltr'>amone</span> <span class='ocrx_word' id='word_1_792' title='bbox 615 5517 704 5586; x_wconf 82' lang='lat' dir='ltr'>bethi,</span> <span class='ocrx_word' id='word_1_793' title='bbox 725 5518 773 5588; x_wconf 94' lang='lat' dir='ltr'>qui</span> <span class='ocrx_word' id='word_1_794' title='bbox 792 5517 861 5576; x_wconf 89' lang='lat' dir='ltr'>lilias</span> <span class='ocrx_word' id='word_1_795' title='bbox 876 5533 940 5578; x_wconf 86' lang='lat' dir='ltr'>suas</span> <span class='ocrx_word' id='word_1_796' title='bbox 954 5425 1124 5582; x_wconf 43' lang='lat' dir='ltr'>amam?</span> 
     </span>
    </p>
   </div>
   <div class='ocr_carea' id='block_1_7' title="bbox 0 0 2019 6164">
    <p class='ocr_par' dir='ltr' id='par_1_7' title="bbox 0 0 2019 6164">
     <span class='ocr_line' id='line_1_59' title="bbox 0 0 2019 6164; baseline 0 0"><span class='ocrx_word' id='word_1_797' title='bbox 0 0 2019 6164; x_wconf 95' lang='lat' dir='ltr'> </span> 
     </span>
    </p>
   </div>
  </div>
 </body>
</html>
