4108 6164
125 307 169 364 eit
698 306 784 362 ncta
802 301 1012 364 bncttinnlsc.
1033 304 1200 363 noronte.
1740 313 1795 372 274

124 434 193 493 111111.
216 432 249 487 iit
271 428 385 488 Saliari
397 429 506 486 Porciae
519 430 634 502 olicimrr
649 435 709 488 nole
727 431 818 489 boram
831 439 929 489 ocrem
939 429 1060 491 lxxiv.
1082 433 1115 487 tit
1132 429 1254 502 generale
1276 430 1416 505 baptismo,
1435 434 1488 492 nbi
1505 435 1624 495 Sublato
1647 441 1756 499 Pascite
1770 439 1799 500 cl

416 517 468 558 ooo
482 503 617 559 incitetur.
1005 506 1179 568 Pentecosten,
1205 517 1259 559 noo
1280 505 1337 575 flet.
1361 506 1480 574 Petunti,
1504 522 1656 592 quocunque
1681 517 1797 595 tempore

152 597 220 659 Imm,
244 595 376 648 statutum
391 596 434 647 est
457 597 487 647 ut
506 592 534 647 in
549 591 667 648 sabbato
682 591 794 648 Pascbae
808 591 928 649 ollinium
1002 575 1134 656 petierim,
1150 573 1312 656 fallimur
1323 593 1333 642 i
1343 575 1429 636 undu
1438 579 1466 634 ⁸¹²⁸
1478 579 1641 652 Eiifhssmar
1652 582 1709 638 “¹¹⁶
1722 585 1797 656 ‘liif-

122 689 174 740 ante
188 693 284 737 nonam
307 692 364 736 non
387 679 546 752 incipiatur.
569 680 610 737 nd
625 686 735 737 noctem
750 681 824 737 enim
838 682 929 739 bomi-
1005 650 1104 701 'mmm
1118 651 1282 702 meme·

122 773 180 828 nicae
202 768 413 827 resurrectionis
436 769 559 840 respleit,
583 769 619 826 ob
646 772 724 841 cujus
748 772 928 827 reverentiam

120 859 199 918 Glon'o
211 859 238 913 io
251 857 362 914 εεεειειε
372 859 427 914 lieo
442 863 470 914 et
483 857 598 916 Alleluia
608 864 744 915 cantatur.
757 860 834 927 Quod
846 861 928 918 etlam

119 950 143 1004 in
154 946 237 1006 Officii
251 946 341 1014 initio,
357 946 431 1002 cerei
453 945 560 1004 scilicet
572 947 778 1014 benedictione,
794 955 929 1005 monstra·

118 1043 163 1094 tur.
177 1037 272 1092 Narrat
287 1035 370 1092 Liber
378 1033 511 1092 officialis
525 1035 598 1106 quod
613 1035 642 1091 in
658 1036 712 1093 boc
727 1037 813 1094 biduo
827 1049 883 1094 uon
899 1037 929 1094 tit

117 1125 268 1182 sacramenti
305 1123 467 1181 celebratio.
504 1127 588 1181 Vocat
610 1131 702 1181 autem
730 1125 783 1183 boc
815 1127 928 1184 biduum

1003 735 1081 802 item,
1108 735 1186 804 juxta
1212 741 1371 794 sanctorum
1403 739 1513 795 Patmm
1541 739 1663 808 decreta,
1688 741 1798 800 scilicet

968 823 1124 878 innocentii
1147 837 1226 894 pape
1254 831 1282 881 et
1310 827 1420 895 Leonis,
1443 828 1588 886 statuimus
1611 843 1646 886 ne
1667 831 1797 902 generale

969 909 1104 981 baptisma
1128 911 1182 967 nlsi
1211 912 1330 971 &libato
1354 916 1467 974 Pascbae
1489 921 1517 974 et
1536 920 1715 978 venecostes
1739 919 1795 978 iat.

969 1001 1027 1056 IInc
1042 999 1154 1072 quidem
1169 1006 1288 1071 servato,
1306 1004 1382 1074 quod
1398 1005 1528 1077 parvulis,
1545 1021 1711 1081 quocunque
1727 1017 1797 1066 tem·

969 1089 1422 1162 porequocunquedieperfertur,
1430 1097 1649 1167 regenerationis
1658 1098 1795 1157 lavacrum

116 1223 207 1272 swam
234 1211 332 1270 feriam
355 1220 384 1269 et
402 1214 560 1281 sabbatum,
577 1215 604 1270 m
619 1228 676 1285 quo
691 1215 824 1274 recolitur
838 1217 929 1274 luctus
970 1191 1024 1235 non
1031 1181 1155 1250 negetur.
1163 1177 1361 1250 Vigiliaveldie
1368 1183 1528 1254 Epiphaniae
1543 1189 1573 1242 ut
1587 1185 1679 1245 nullus
1688 1187 1740 1246 nisi
1754 1191 1797 1246 in-

389 1283 394 1292 ·
970 1268 1105 1325 firmitatis
1120 1269 1458 1342 necessitate,baptizetur
1470 1275 1582 1333 omnino
1592 1278 1794 1338 interdicimus.

116 1303 488 1374 “mmiawoewlmm’
533 1419 565 1431 ..
608 1419 613 1432 ,
845 1423 850 1433 .
1005 1357 1075 1413 Iluic
1085 1357 1205 1414 concillo
1218 1365 1418 1416 consenserunt
1427 1362 1729 1437 Ioannesarcbiepisco
1751 1383 1794 1438 ns,

161 1420 249 1477 1111111.
265 1421 306 1475 lie
318 1423 467 1476 servolorum
480 1419 662 1489 imitortctrbus
676 1421 873 1492 onnasereuder.
970 1428 1191 1500 Rotomagensis,
1213 1429 1272 1486 Odo
1288 1431 1477 1500 bajocensium
1502 1435 1659 1506 episcopus,
1681 1383 1796 1498 blebam

144 1530 216 1594 item,
230 1524 255 1583 si
271 1525 387 1596 alicujus
402 1525 489 1582 sancti
504 1523 638 1582 festivitas
652 1526 681 1583 iu
696 1527 755 1597 ipsa
770 1528 814 1584 die
831 1543 928 1586 evene·
970 1500 1796 1652 ‘ggffiffgfffffflfifssffifflfflggffiffis‘ffltsggfffi

115 1617 153 1684 rit,
167 1616 194 1672 in
208 1629 264 1688 qua
279 1614 413 1672 celebrari
436 1627 492 1671 non
514 1615 612 1687 possit,
630 1628 685 1672 non
700 1621 773 1686 ante,
795 1618 843 1674 sed
859 1617 930 1675 inira
971 1643 1224 1713 bus‚0010m90,0
1248 1645 1375 1701 coenobj„
1397 1645 1573 1703 gomanum
1588 1649 1720 1707 nobiliter
1738 1654 1796 1723 pop,

115 1711 228 1762 octavum
244 1705 319 1762 diem
334 1704 502 1762 celebretur.
972 1713 1076 1782 lebant,
1093 1721 1121 1771 et
1134 1713 1326 1772 monachicum
1341 1715 1459 1789 rigorem
1474 1719 1628 1776 servabant.

691 1947 695 1959 ·
789 1929 1110 2054 APPIINDIII

399 2115 655 2205 uenmuu
683 2116 741 2204 m
773 2117 1105 2212 censentem
1139 2123 1491 2230 suesneumvs

609 2263 697 2338 (apud
715 2263 819 2322 llabill.
834 2265 954 2324 Αειιιεει.
970 2274 1025 2325 vet.
1042 2268 1122 2338 edit,
1138 2284 1202 2344 pag.
1220 2269 1295 2342 222.)

850 2372 1050 2388 ᾗ

141 2443 307 2501 Pontificum
322 2442 563 2514 notomagensium
577 2449 639 2500 aeta
653 2441 755 2500 litterIs
767 2443 906 2502 mandavit
919 2458 1072 2518 anonymus
1086 2449 1207 2506 coeuobii
1221 2451 1313 2508 Sancd
1327 2450 1454 2508 budoeni
1468 2449 1592 2521 eiusdem
1605 2451 1682 2508 urbis
1701 2465 1796 2510 monn·

111 2513 180 2583 rbus,
197 2515 235 2570 ad
250 2515 329 2583 cujus
343 2514 541 2584 autographum
564 2513 625 2570 baec
648 2514 734 2572 editio
758 2519 853 2572 exacta
877 2523 928 2574 est.
953 2517 1025 2574 Vixit
1040 2519 1064 2575 Is
1077 2521 1208 2593 Gregorio
1232 2522 1276 2578 Vll
1300 2522 1442 2592 pontifice,
1461 2524 1567 2580 Ioanne
1582 2523 1794 2596 archiepiscopo

111 2585 314 2656 Rotomagensi,
331 2583 428 2640 abbate
453 2585 611 2641 monasterii
635 2585 727 2640 Sancti
752 2585 875 2642 liudoeni
897 2588 1029 2658 Niceleo;
1046 2604 1102 2646 nen
1125 2591 1195 2648 alius
1208 2591 1302 2650 forsan
1326 2607 1407 2665 quam
1431 2593 1578 2651 Fulbertus
1597 2593 1720 2666 eiusdem
1740 2595 1795 2652 loci

112 2656 256 2721 cenobite,
268 2656 315 2727 qni
332 2654 430 2712 librum
446 2657 484 2712 lie
499 2655 639 2712 miraculis
662 2658 749 2713 sancti
764 2657 899 2724 budoeni,
924 2658 1058 2716 hactonus
1080 2661 1225 2730 ineditum,
1251 2664 1340 2720 eidem
1364 2664 1478 2721 Nicolao
1492 2665 1586 2722 abbati
1605 2667 1794 2737 nuncupavit;

111 2733 150 2784 aut
164 2727 367 2795 Theodericus,
382 2741 397 2782 a
412 2740 468 2797 qno
482 2729 571 2784 sancti
584 2727 710 2785 audoeni
735 2729 792 2783 i'ita
815 2729 928 2785 metrica
952 2731 1067 2788 b'icolao
1081 2734 1177 2789 itidem
1192 2736 1325 2804 Inscripta
1339 2741 1391 2792 est.
1407 2737 1456 2792 llis
1475 2737 1545 2792 actis
1557 2737 1702 2794 uberiores
1716 2745 1798 2794 notas

111 2800 242 2870 subjicere
267 2799 448 2869 supersedeo,
472 2812 534 2854 eum
558 2800 625 2855 satis
645 2799 781 2854 illustrata
795 2800 833 2854 sit
846 2801 1088 2872 Rotomagensium
1112 2805 1260 2874 presulum
1278 2805 1405 2872 historia,
1421 2821 1502 2877 quam
1525 2813 1622 2864 noster
1635 2809 1798 2866 Francisens

112 2871 265 2926 Pomeraius
283 2868 387 2925 Gallico
409 2869 541 2925 idiomate
564 2875 628 2926 ante
652 2883 757 2940 paucos
778 2884 866 2926 annes
881 2872 988 2928 erudite
1003 2879 1031 2930 et
1049 2882 1177 2932 accurate
1197 2877 1363 2946 composuit,
1384 2892 1450 2934 usus
1473 2878 1647 2948 superiorum
1666 2883 1797 2937 Actorum

111 2939 232 3010 lectione,
256 2954 318 3012 que
332 2940 419 3011 ipsius
433 2940 557 2998 bistoriae
572 2941 747 3011 probationis
761 2941 823 2997 leco
838 2956 899 2998 esse
915 2949 1053 3014 poterunt.
1070 2945 1121 3000 llic
1131 2945 1187 3002 duo
1202 2951 1307 3003 tantum
1322 2947 1450 3006 observo.
1463 2949 1562 3016 Unum,
1578 2949 1652 3006 inter
1665 2951 1796 3008 Rotoma-

109 3025 199 3081 geuses
213 3013 364 3082 episcopos
378 3011 482 3068 nullum
496 3011 523 3067 in
540 3011 583 3068 bis
596 3011 671 3068 Actis
686 3012 776 3068 locum
791 3012 875 3069 tribul
891 3015 1010 3085 liugonI,
1034 3016 1126 3072 Caroli
1150 3019 1238 3090 Magni
1262 3017 1329 3086 ilio,
1346 3021 1425 3090 cujns
1442 3020 1530 3076 littam
1555 3020 1697 3077 baldricus
1721 3024 1795 3092 epis-

109 3097 185 3153 copus
200 3084 303 3150 edidit,
319 3083 445 3141 eumdem
464 3097 608 3154 perperam
632 3097 780 3140 numerans
802 3086 875 3140 inter
899 3085 1126 3158 archiepiscopos
1148 3089 1374 3161 Rotomagenses,
1396 3095 1427 3146 ut
1445 3089 1533 3148 fusIus
1555 3091 1623 3148 allas
1638 3093 1747 3149 ostendi
1763 3095 1792 3150 in

108 3155 196 3212 Secum
211 3156 247 3212 Ill
267 3154 437 3212 benedictini
452 3161 527 3212 tomo
542 3156 563 3212 l.
578 3155 700 3212 Alterum
715 3164 767 3225 est,
783 3170 797 3211 s
814 3156 917 3214 nodum
941 3159 1213 3228 comprovincialium
1237 3162 1431 3232 episcoporum
1453 3177 1469 3218 a
1492 3164 1618 3220 blaurilio
1641 3164 1794 3236 archiepis·

110 3239 172 3296 copo
187 3227 358 3284 celebratam
379 3226 473 3294 luisse,
488 3227 517 3282 in
542 3241 595 3298 qua
618 3227 755 3282 sententia
777 3171 908 3284 adversus
930 3229 1125 3301 berengarium
1150 3232 1264 3303 ejusque
1288 3232 1417 3290 heresim
1440 3232 1514 3290 dieta
1528 3241 1581 3302 est,
1601 3251 1670 3292 orno
1689 3235 1797 3294 scilicet

107 3298 236 3354 borrioice
266 3299 461 3354 incorrutionis
478 3296 555 3363 1063,
571 3311 626 3368 quo
642 3298 800 3355 instauratae
824 3299 1034 3370 Rotomagensis
1049 3301 1174 3358 ecelesiae
1196 3302 1400 3361 dedicationem
1417 3305 1524 3377 peregit
1536 3311 1640 3362 ostento
1660 3304 1791 3363 Willelmo

105 3369 311 3426 riounnnoorum
321 3369 386 3424 duce
395 3385 452 3424 cum
462 3369 579 3424 omnibns
592 3369 764 3439 supreptionis
778 3370 833 3425 sois
847 3371 1010 3441 quibuscum
1025 3373 1164 3429 coralium
1178 3374 1211 3429 de
1224 3375 1346 3432 ccelilnle
1357 3377 1537 3432 cortserocode
1552 3381 1577 3432 ει
1591 3378 1693 3431 celeria
1707 3391 1789 3432 sooc-

106 3443 179 3520 torum
191 3445 307 3498 Poto-nm
320 3441 526 3498 institutionibus
543 3447 676 3513 postorum
699 3443 802 3498 incuria
819 3442 979 3512 nepttperter
998 3445 1162 3515 postpositis,
1176 3445 1288 3501 viriiiter
1310 3446 1478 3501 reatiloeodia
1497 3446 1624 3516 religiose
1641 3444 1792 3514 εειεινεειι,

107 3515 364 3585 inquitbnonymus
378 3519 483 3570 noster.
1591 3559 1593 3564 .

382 3701 515 3792 leil
542 3679 1044 3791 leoninilseorottttlt
1074 3699 1507 3791 Revonlennsnili

138 3841 226 3902 Galliae
239 3843 393 3916 provincie
407 3831 471 3902 suut
485 3844 580 3902 decem
596 3849 624 3900 et
638 3850 720 3912 oeto;
742 3858 856 3915 quarum
872 3855 926 3900 nnn
937 3846 961 3906 Β
972 3842 1065 3900 caelus
1077 3841 1250 3916 indagantes,
1263 3845 1409 3914 utrumque
1420 3857 1501 3915 posse
1512 3841 1586 3901 bend
1600 3842 1797 3902 inconvenien'

110 3929 192 3988 existit
206 3934 419 4007 LugdunensIs,
436 3949 497 4006 quae
507 3933 761 3999 vocatursecunda,
777 3933 805 3990 in
821 3947 874 4004 qua
885 3936 927 3989 est
969 3936 1012 3989 ter
1026 3939 1099 3989 stare
1119 3933 1283 4004 dijudicent.
1299 3934 1445 4002 liecenter,
1460 3933 1584 4006 inquam,
1595 3932 1734 4006 inquiunt,
1745 3933 1795 4006 qui

111 4019 201 4078 nobIIIs
215 4030 241 4080 el
256 4023 349 4096 ampla
368 4024 475 4092 civiles,
500 4039 563 4095 que
586 4027 701 4081 vocatur
724 4023 865 4081 Rodomus
884 4021 926 4080 vel
968 4022 1115 4080 blallonum
1130 4022 1158 4079 in
1173 4023 1238 4080 sede
1258 4023 1453 4096 Rotomagensi
1473 4021 1558 4082 fuisse
1581 4023 1700 4095 primum
1722 4038 1795 4082 asse·

109 4107 278 4186 Rotomagus,
301 4129 385 4186 super
400 4113 510 4170 lluvIum
531 4115 664 4184 sequane
679 4113 742 4170 sita.
759 4114 846 4184 IIujus
861 4113 927 4170 civi·
969 4117 1042 4169 runt.
1058 4112 1155 4169 Nullus
1170 4112 1243 4170 enim
1258 4125 1320 4170 eum
1335 4113 1454 4184 praeivit,
1474 4119 1606 4186 quantum
1630 4113 1664 4170 ad
1683 4113 1793 4171 archie-

111 4199 165 4255 tatis
176 4202 293 4260 eeclesia
309 4205 338 4260 in
352 4203 458 4262 bonore
473 4203 562 4260 beatae
577 4207 602 4258 ct
623 4202 751 4274 glorIosae
774 4202 823 4259 lici
846 4201 927 4260 Goni-
969 4202 1128 4272 plscopatus
1143 4200 1362 4259 usumfructum:
1378 4215 1431 4260 nec
1445 4208 1537 4260 umen
1547 4201 1618 4260 male
1629 4202 1792 4274 predicant,

110 4287 177 4344 tricis
199 4307 313 4364 semper
339 4291 453 4364 virginii
471 4291 562 4348 itariae
592 4297 633 4348 est
660 4298 831 4348 consecrata.
861 4293 927 4348 llaec
969 4291 1016 4362 qni
1031 4291 1141 4348 beatum
1157 4291 1296 4364 NIgasium
1314 4290 1435 4361 ejusdem
1455 4291 1530 4347 sedis
1553 4291 1792 4361 archiepiscopum

111 4387 165 4433 vero
183 4386 223 4438 est
239 4382 423 4452 metropolis:
448 4396 496 4437 sex
511 4380 585 4436 enim
609 4379 660 4436 sub
679 4394 709 4436 se
725 4381 851 4436 civitates
869 4379 927 4451 epi·
968 4379 1052 4438 fuisse
1068 4381 1187 4452 primum
1201 4379 1394 4451 comprobant.
1408 4378 1514 4452 Quippe
1535 4381 1592 4449 jam
1616 4392 1671 4436 non
1696 4379 1793 4449 paneis

111 4470 222 4537 scopales
242 4473 378 4540 continet,
400 4470 507 4528 scilicet
526 4470 640 4542 primam
660 4469 796 4526 civitatem
815 4470 928 4540 Baioca-
969 4483 1033 4526 reor
1056 4469 1259 4528 manifestatum
1285 4483 1357 4536 esse,
1378 4469 1452 4527 bunc
1478 4469 1574 4526 Romae
1594 4467 1706 4524 abeato
1721 4479 1792 4538 papa

112 4555 196 4626 tarum
212 4561 365 4618 secundam
381 4561 518 4617 civitatem
532 4559 752 4627 Abrincatarum
765 4559 874 4614 tertiam
889 4559 926 4614 ci-
968 4560 1108 4616 Clemente
1123 4559 1365 4632 Rotomagensium
1381 4558 1459 4616 urbIs
1473 4558 1623 4616 antistitem
1636 4555 1792 4614 ordinatum

112 4643 209 4704 vitatem
223 4651 413 4719 Eratinorum,
429 4663 490 4721 que
510 4649 613 4705 dicitur
631 4648 782 4716 Ebroicas;
803 4651 926 4717 quartam
968 4646 1052 4705 luisse
1072 4648 1194 4706 nondum
1223 4650 1291 4721 jugo
1319 4647 1450 4722 pastorali
1474 4647 1628 4719 cujuspiam
1652 4645 1791 4704 obnoxiae.

113 4731 246 4806 civitatem,
263 4738 393 4796 salanum
407 4753 468 4810 quae
483 4735 733 4809 vocetursssagium3
750 4736 872 4808 quintam
888 4735 927 4792 cl.
967 4739 1024 4794 Nec
1039 4743 1081 4794 est
1100 4735 1238 4806 frivolum,
1263 4737 1313 4795 scd
1336 4737 1445 4795 firmum
1469 4742 1498 4793 et
1520 4741 1619 4802 ratum,
1639 4740 1722 4806 prout
1744 4748 1794 4791 sua

112 4821 209 4883 vitatem
231 4829 427 4896 Lexoviorum,
448 4834 552 4885 sextam
573 4827 710 4884 civitatem
735 4825 927 4884 Constantino·
967 4831 1085 4886 testatur
1099 4826 1202 4902 passio,
1219 4842 1281 4885 num
1300 4827 1382 4885 beato
1401 4826 1535 4884 socIatum
1560 4823 1701 4898 blonpsin,
1726 4839 1791 4894 per·

114 4921 174 4968 Ilm·
968 4918 1099 4977 missione
1115 4917 1264 4975 Clementis
1279 4931 1357 4989 papae
1373 4917 1447 4973 bunc
1462 4913 1588 4972 eumdem
1600 4914 1635 4971 ad
1653 4927 1717 4972 cras
1731 4913 1793 4971 Gal-

143 5002 170 5058 In
188 5005 303 5076 praefata
326 5006 435 5064 civitate
454 5007 648 5080 Rotomagensi
672 5005 778 5064 exstitit
800 5006 927 5079 egregius
968 5009 1036 5066 liras
1050 5005 1301 5075 condescendIsse;
1317 5011 1345 5064 et
1360 5004 1519 5077 priusquam
1537 5003 1573 5062 ad
1597 5019 1684 5072 suam,
1709 5017 1791 5075 quam

115 5087 235 5152 llallorms
249 5097 280 5152 in
295 5095 392 5153 ordine
405 5096 519 5168 primus.
546 5097 698 5154 Nonnullos
711 5097 810 5153 borum
824 5095 925 5167 positio
968 5097 1073 5165 Rome,
1088 5096 1160 5154 sicut
1174 5094 1302 5162 diximus,
1318 5096 1474 5165 acceperat,
1493 5093 1588 5152 sedem
1607 5095 1700 5163 posset
1723 5105 1790 5162 per-

113 5180 246 5240 rerbomm
266 5185 420 5256 perturbat,
446 5199 501 5242 uon
526 5187 593 5242 satis
615 5186 716 5243 idonee
739 5185 923 5258 speculantes,
936 5177 1061 5244 Cvenire
1075 5206 1082 5254 ;
1098 5184 1260 5255 martyrium
1283 5187 1411 5240 truncato
1435 5182 1536 5254 capite,
1556 5188 1646 5241 tamen
1674 5181 1791 5238 vicinius

113 5271 229 5335 quomam
244 5289 340 5330 eorum
355 5275 436 5342 velle,
452 5274 560 5332 scillcet
583 5274 770 5331 beatissimum
784 5275 923 5348 NIgasium
965 5277 1040 5334 circa
1054 5277 1122 5332 lines
1136 5271 1368 5331 Nortbmannicos
1382 5287 1445 5328 eum
1458 5271 1572 5341 Quirino
1593 5275 1621 5328 et
1645 5271 1790 5330 scuviculo

113 5361 308 5442 impominatre
324 5363 442 5421 clvitatis
461 5365 577 5435 primum
601 5363 750 5420 antistitem
775 5365 923 5434 exstitisse,
966 5365 1123 5438 pertulisse.
1139 5365 1198 5432 Quo
1218 5361 1248 5418 iit
1269 5365 1299 5417 ut
1323 5361 1359 5418 de
1383 5365 1515 5432 utroque,
1537 5360 1586 5418 sed
1611 5359 1713 5418 alioci
1735 5360 1791 5419 alio

113 5445 256 5508 nullatenus
269 5453 321 5510 bac
336 5469 365 5511 re
376 5459 522 5527 pugnatur,
534 5453 557 5509 si
568 5452 741 5524 expositione
750 5453 926 5526 quantulum·
966 5454 1059 5522 modo,
1072 5467 1135 5510 vera
1146 5449 1344 5524 predicatione
1360 5449 1527 5520 predicetur
1543 5449 1657 5521 primus,
1669 5448 1703 5506 de
1712 5449 1792 5522 tilga·

113 5545 218 5610 cumque
232 5541 329 5599 subtili
344 5541 482 5601 fulciatur.
499 5540 649 5600 Attendant
663 5541 747 5613 igitur
762 5547 816 5598 tam
831 5541 926 5599 clerici
966 5544 1009 5601 sio
1024 5543 1134 5615 quidem
1149 5539 1299 5600 secundum
1319 5539 1523 5597 ordinationem
1535 5558 1543 5608 ;
1557 5537 1592 5596 de
1611 5537 1729 5596 llallono
1744 5555 1791 5596 se·

114 5635 184 5691 quam
202 5629 330 5689 monacbi
345 5646 380 5690 ne
396 5637 500 5702 errent,
516 5629 634 5704 qualiter
654 5631 806 5704 scrlptoras
821 5631 926 5703 perspi·
968 5632 1088 5692 cundum
1103 5629 1158 5689 loci
1172 5627 1411 5688 inhabitationem.
1428 5630 1464 5687 Ut
1477 5627 1519 5685 sic
1533 5626 1651 5696 dicatur,
1667 5628 1793 5701 nigasius
