4160 6196
168 353 216 410 ror
443 401 445 404 .
890 353 976 411 acra
994 353 1137 412 verena.
1438 307 1442 316 ¹
1556 417 1566 438 ,
1807 358 1856 416 roe

166 478 269 562 duplex
292 477 540 562 iestumnoccurrit,
566 479 667 536 eborus
690 477 787 561 uester
804 477 842 533 ita
856 477 1070 548 precellitAod
1097 494 1146 547 me,
1171 479 1199 534 in
1228 479 1313 536 eboro
1340 483 1498 561 precentor
1520 480 1645 606 incipiat,
1675 484 1749 553 quod
1773 485 1855 543 tertio

165 551 280 634 sinistro
295 551 369 620 quod
394 564 421 606 ru
446 551 574 622 vesperis
597 556 625 607 et
647 551 796 634 ilatutmrs,
820 549 848 603 in
868 562 991 631 corque
1033 557 1183 634 repetatur.
1200 552 1292 621 Kprie.
1311 550 1388 634 tiriae
1402 551 1551 618 Poctor,a
1593 551 1683 608 uobus
1706 554 1734 609 in
1760 559 1857 640 cappis
1888 609 1890 614 .

167 622 286 678 dicenda
324 628 389 677 sunt
420 621 463 677 rel
491 622 635 688 cantanda,
667 625 844 690 incipiantur.
875 618 993 675 Ultimus
1032 627 1151 689 canitur,
1174 621 1334 678 ceroferarii
1353 621 1542 693 presbyterum
1567 623 1738 691 precedunt,
1764 630 1857 682 tunrca

60 691 65 702 '
165 708 262 750 sersus
285 693 380 763 hymni
398 694 479 760 Laos,
501 694 592 749 bonor.
613 694 782 763 iToopuom
804 705 924 763 spamus.
940 692 994 745 lin·
1033 698 1061 748 et
1076 693 1219 748 dalmatica
1234 693 1396 750 habeantur.
1421 693 1513 750 Gloria
1533 695 1561 749 ia
1583 692 1694 750 eccelsia
1718 696 1855 753 sacerdoti

167 764 238 835 tipb.
259 765 326 819 mam
350 769 423 819 ortos
441 778 456 819 a
471 764 585 833 praelato
609 764 697 834 primo
719 768 747 818 et
771 770 909 833 postremo
924 761 992 817 inci·
1033 777 1049 818 a
1072 770 1185 819 cantore
1205 762 1325 820 delatum
1350 764 1447 821 devote
1468 771 1496 820 et
1519 765 1666 822 celebriter
1680 766 1714 821 ab
1730 767 1857 822 omnibus

166 838 254 906 pitur,
277 848 357 904 quam
373 835 492 905 imponit
514 835 541 890 ei
560 840 725 905 precentor,
750 839 778 889 et
802 840 845 889 ter
864 833 991 898 canitur;
1034 833 1205 900 decantetur,
1240 835 1328 892 oratio
1365 837 1446 904 Deos,
1467 837 1511 907 poi
1546 837 1614 891 boae
1652 837 1854 893 soractirairoom.

168 909 229 978 ipse
257 920 321 962 vero
350 906 481 976 prelatus
509 906 730 976 precedentibus
758 903 941 970 ceroferariis,
965 907 994 958 ct
1035 905 1127 960 Lectio
1150 905 1223 960 inter
1241 906 1356 962 eborum
1374 913 1402 962 et
1426 908 1510 964 altare
1531 908 1559 962 in
1579 907 1724 978 supellicio
1740 908 1855 978 legatur,

169 985 284 1034 cantore
308 977 337 1032 in
365 991 452 1047 cappa
473 977 528 1032 sibi
552 977 735 1042 ministrante,
756 975 847 1032 omnia
867 974 992 1031 ecclcsiae
1034 990 1095 1046 quae
1114 977 1154 1032 sic
1174 976 1325 1045 incipitur:
1349 977 1465 1050 Populos
1487 980 1609 1048 pontioni,
1630 992 1683 1049 qua
1703 979 1779 1036 inita
1798 986 1859 1035 sta-

167 1049 294 1105 incensct
307 1048 416 1114 altaria,
432 1047 597 1118 rediensque
621 1049 650 1103 in
665 1048 745 1103 stallo
769 1060 820 1102 suo
835 1046 994 1102 incensetur
1034 1047 1082 1102 tim
1110 1047 1233 1117 Epistola
1258 1047 1416 1116 incipiatur,
1434 1063 1496 1120 que
1522 1051 1562 1104 sir.
1581 1050 1701 1120 incipit:
1726 1051 1858 1121 Apparuit

167 1135 183 1175 a
207 1127 331 1184 cantore,
360 1121 584 1189 permanentibus
612 1119 651 1174 ibi
676 1116 868 1187 ceroferariis;
897 1123 994 1189 postca
1033 1117 1121 1188 pretio
1143 1117 1202 1173 liei.
1227 1118 1362 1174 Graduale
1378 1118 1433 1175 duo
1454 1125 1566 1176 cantant
1588 1121 1616 1175 in
1633 1121 1735 1192 cappis
1749 1121 1856 1179 sericis.

167 1193 347 1247 incensentur
376 1189 417 1245 illi
440 1191 487 1260 cui
510 1190 614 1247 babent
640 1203 742 1260 cappas
768 1189 892 1256 sericas,
922 1189 995 1244 sicut
1034 1194 1061 1246 et
1089 1188 1264 1258 reincipiant,
1289 1188 1418 1245 videlicet
1444 1192 1536 1246 Tecum
1558 1192 1760 1264 principium}
1783 1193 1858 1248 Dicit

167 1269 234 1318 suni
258 1263 285 1317 iu
309 1262 418 1328 ordine,
435 1263 552 1332 primum
577 1263 604 1317 in
630 1262 729 1317 dextro
753 1259 851 1326 choro,
878 1264 906 1314 et
932 1263 994 1329 post
1034 1260 1158 1316 Dominus
1185 1259 1222 1315 od
1253 1274 1302 1316 me.
1337 1258 1462 1328 Alleluia,
1496 1262 1552 1318 duo
1581 1268 1690 1330 canant,
1724 1264 1858 1334 adjuncto

167 1351 197 1406 in
223 1350 348 1416 sinistro,
378 1355 473 1420 postea
497 1343 702 1416 aesomnes,
731 1363 746 1404 a
775 1348 926 1419 majoribus
949 1349 995 1403 in·
1034 1349 1088 1404 sibi
1102 1348 1185 1405 tertio
1209 1349 1237 1403 in
1266 1348 1370 1419 cappis,
1400 1348 1669 1406 ridelioctiiomiooa
1689 1350 1759 1407 dicit
1779 1342 1856 1412 269

167 1422 307 1478 choando.
323 1421 440 1478 Oratio:
463 1423 544 1490 Deos,
564 1423 608 1493 poi
628 1437 676 1477 nos
692 1421 887 1492 redemptionis,
933 1433 995 1474 uam
1035 1420 1070 1476 od
1093 1434 1143 1474 me.
1164 1420 1332 1488 Sequentia:
1357 1421 1429 1477 Nolo
1453 1424 1549 1476 coeant
1573 1422 1671 1488 omnio,
1692 1424 1769 1492 sigua
1793 1435 1859 1479 roro

168 1491 303 1563 praelatus
327 1493 394 1548 dieit
421 1493 449 1546 in
474 1493 555 1548 stallo
577 1506 639 1558 suo,
660 1501 772 1548 cantore
796 1491 849 1546 sibi
864 1491 898 1546 de
913 1435 994 1546 (libro
1035 1505 1090 1547 non
1110 1490 1263 1561 pulsantur.
1279 1490 1455 1561 Evangelium
1479 1505 1541 1547 oum
1565 1491 1739 1549 candelabris
1758 1499 1787 1550 et
1811 1495 1857 1548 in-

169 1565 355 1620 ministrante.
389 1565 456 1619 Tres
483 1563 578 1620 dicant
599 1563 788 1619 benedicemus
807 1563 927 1617 Domino.
953 1561 994 1616 Ad
1035 1575 1130 1618 censo.
1156 1563 1269 1618 cantata
1292 1575 1357 1618 vero
1384 1561 1589 1629 communione,
1615 1564 1706 1619 statim
1729 1565 1758 1618 in
1773 1563 1859 1620 oboro

168 1634 674 1706 completoriumantipb.Miserere,
690 1634 787 1706 psalm.
809 1633 997 1689 Comiaaooo-
1035 1633 1070 1689 ad
1100 1632 1207 1690 Laudes
1234 1632 1412 1703 autipbonam
1441 1639 1539 1688 cantor
1561 1632 1676 1704 incipiat
1704 1635 1784 1702 Quem
1819 1636 1860 1689 ui-

168 1721 235 1774 rem,
261 1709 315 1761 etc.
346 1707 467 1776 llymnus
496 1704 624 1762 Soloolor
645 1705 744 1761 maadi.
766 1704 786 1763 i
810 1703 917 1762 Custodi
935 1719 993 1760 eos.
1035 1705 1121 1771 dictio,
1162 1703 1230 1775 psal.
1265 1705 1389 1759 Dominus
1425 1705 1564 1774 repoooit,·
1600 1702 1719 1775 dumque
1753 1705 1859 1761 Laudes

168 1781 232 1834 Ant.
254 1777 326 1844 Veni,
343 1778 462 1832 Domiae.
1003 1776 1179 1862 Bdicuntur,
1204 1773 1334 1832 sacerdos
1358 1790 1419 1832 cum
1439 1775 1572 1831 ministris
1590 1774 1679 1831 sileat.
1703 1775 1860 1844 antiphona

76 1860 79 1866 ’
205 1847 427 1904 subamarum
452 1847 540 1918 primo
568 1849 656 1903 totum
684 1846 829 1904 classicum
857 1843 992 1916 pulsetur,
1038 1847 1160 1903 secunda
1184 1847 1277 1903 Geaoit
1297 1861 1446 1918 puerpero;
1472 1848 1540 1918 psal.
1564 1845 1688 1902 loiimtc.
1714 1847 1789 1902 lianc
1809 1860 1862 1902 an-

169 1924 198 1975 et
228 1924 387 1974 remanente
416 1917 532 1976 classico
562 1918 617 1976 duo
646 1919 752 1975 minora
780 1917 858 1984 signa
882 1923 991 1983 sonent,
1039 1919 1181 1990 tipbonam
1206 1924 1234 1974 ct
1257 1923 1315 1973 tres
1341 1924 1489 1988 sequentes
1511 1925 1640 1975 cantores
1654 1916 1861 1973 hebdomadarii

170 1989 374 2046 doneciratres
394 1990 428 2046 ad
450 1990 594 2047 eeclesiam
610 1990 784 2046 conveniant.
804 1988 993 2044 invitatorium
1039 1989 1243 2057 commendant,
1271 1995 1300 2045 et
1327 2003 1422 2046 omnes
1454 1990 1514 2045 sina
1543 1993 1688 2060 pneumate
1716 1987 1860 2044 liniuntur.

170 2061 288 2118 Comatae
311 2066 390 2116 aolus
410 2066 458 2128 esi,
488 2062 562 2132 quod
586 2060 680 2117 dicant
705 2066 823 2132 quatuor
847 2061 875 2115 in
898 2061 994 2130 cappis
1039 2060 1204 2132 Capitulum,
1245 2061 1372 2131 bymnus,
1409 2074 1460 2117 nec
1502 2075 1598 2116 versus
1625 2060 1774 2127 dicuntur;
1811 2058 1860 2115 sed

169 2132 279 2187 sericis.
295 2132 683 2203 Rogaturcbcrusaduobus
698 2131 931 2198 hebdomadariis,
946 2131 994 2201 qui
1039 2133 1115 2188 imita
1147 2131 1307 2202 antiphona,
1346 2132 1477 2188 Percotes
1499 2130 1579 2203 iiiios,
1614 2132 1674 2188 sine
1700 2138 1857 2201 pneumate,

170 2205 316 2272 imponant
330 2204 505 2274 antiphonas,
529 2204 602 2260 sieut
620 2204 722 2260 dictum
739 2202 829 2258 estad
846 2204 992 2272 vesperas,
1039 2203 1170 2260 sacerdos
1192 2203 1227 2258 ad
1255 2203 1340 2258 altare
1367 2203 1555 2273 autiphonam,
1586 2201 1677 2258 Gloria
1700 2203 1727 2257 io
1751 2199 1862 2256 carebia

168 2288 185 2329 a
213 2274 364 2344 majoribus
390 2275 562 2332 incboautcs.
587 2277 618 2330 ln
647 2277 737 2344 primo
761 2281 898 2330 nocturno
924 2274 994 2328 anti·
1038 2280 1191 2331 acantore
1223 2271 1340 2330 delatam
1364 2273 1424 2329 sine
1452 2288 1527 2331 mora
1560 2273 1684 2343 incipiat,
1714 2273 1862 2342 statimque

169 2343 264 2414 pbona
278 2347 403 2401 Dominus
429 2347 498 2402 dieii
517 2347 552 2402 od
574 2361 625 2413 me,
648 2361 709 2416 que
729 2345 881 2415 imponitur
895 2344 991 2414 priori.
1040 2351 1103 2418 post
1116 2345 1282 2413 Benedictus,
1298 2345 1448 2414 incipiatur
1462 2351 1490 2401 et
1504 2344 1614 2399 liniatur
1632 2345 1692 2414 ipsa
1711 2343 1861 2412 antiphona

168 2415 289 2471 Primum
322 2417 528 2486 responsorium
561 2421 688 2473 cantores
721 2415 929 2472 hebdomadarii
965 2416 992 2470 in
1039 2419 1099 2474 sinc
1114 2425 1269 2488 pneumate.
1286 2417 1351 2472 Post
1366 2415 1520 2481 bec,dicta
1535 2415 1652 2482 ratione,
1668 2414 1702 2469 ad
1718 2413 1861 2483 complen-

167 2488 267 2558 cappis
281 2487 378 2543 sericis
402 2487 504 2554 dicant,
524 2487 653 2544 uidelicet
667 2488 752 2543 Hodie
766 2486 882 2553 achiel
902 2485 995 2543 Gloria
1040 2491 1104 2546 dum
1123 2489 1257 2545 diaconus
1283 2488 1431 2559 subjungat
1454 2489 1504 2554 lle,
1524 2486 1605 2542 mbae
1626 2490 1673 2540 est.
1693 2485 1798 2553 Quibus
1812 2498 1863 2540 ex·

166 2558 196 2612 io
209 2557 335 2612 eoeelais.
346 2560 450 2613 Cetera
461 2559 637 2627 responsoria
652 2559 754 2623 omnia,
769 2563 885 2626 excepto
894 2556 993 2628 tertio,
1060 2561 1132 2626 letis,
1147 2560 1261 2615 laternis
1275 2560 1399 2615 accensis
1420 2572 1516 2615 omnes
1531 2556 1723 2613 dornutorium
1743 2561 1858 2625 petant;

166 2634 251 2684 sexto
267 2632 295 2682 et
309 2628 597 2693 uono,binlcautant;
615 2635 671 2684 tres
685 2628 993 2697 incappiscantautre-
1040 2576 1092 2686 Rae
1115 2637 1219 2686 tanturn
1243 2630 1313 2698 vice,
1338 2631 1385 2700 qui
1413 2630 1509 2687 volunt
1536 2628 1627 2684 vestiti
1648 2628 1767 2697 iaceant.
1792 2627 1862 2682 liuta

167 2698 348 2768 sponsorium
359 2699 480 2766 tertium,
495 2699 747 2765 similitersextum,
757 2698 865 2753 scilicet
876 2698 952 2766 prior
967 2705 994 2752 et
1041 2701 1116 2771 quod
1135 2701 1169 2755 ad
1194 2701 1353 2770 predictam
1377 2701 1486 2758 missam
1501 2698 1635 2756 diaconus
1653 2696 1743 2754 deleri
1766 2710 1862 2766 paoem

169 2769 228 2825 duo
243 2767 278 2823 de
289 2769 449 2838 majoribus.
465 2771 574 2826 Etnota
584 2769 659 2840 quod
673 2769 784 2839 quando
795 2767 917 2837 prelatus
930 2781 995 2823 sex·
1041 2771 1138 2844 priori,
1155 2776 1183 2826 et
1197 2777 1293 2827 cantor
1307 2785 1449 2827 assumens
1463 2785 1477 2826 a
1493 2773 1584 2841 priore
1600 2768 1689 2824 delent
1703 2769 1767 2823 binc
1782 2767 1861 2833 iudc;

170 2847 231 2896 tum
256 2841 463 2922 responsorium
478 2855 539 2896 cum
554 2841 615 2896 aliis
629 2841 662 2896 ad
683 2840 785 2910 gradem
803 2844 904 2904 cantat,
922 2852 996 2907 pre·
1042 2842 1116 2968 guod
1136 2843 1158 2897 si
1180 2841 1258 2897 deest
1282 2843 1368 2912 prior,
1384 2847 1541 2912 precentor
1555 2839 1637 2896 sumit
1661 2845 1690 2894 ct
1708 2836 1808 2904 deleri,
1834 2843 1864 2892 ut

170 2916 270 2967 centor
282 2924 360 2980 prius
374 2911 456 2967 debet
470 2925 563 2966 coram
579 2911 693 2982 prelato
709 2911 831 2980 incipere
844 2921 996 2978 responso·
1061 2915 1145 2969 ictum
1161 2917 1213 2967 esi.

171 2982 255 3047 rium,
271 2989 298 3036 et
313 2989 423 3038 cantare
437 2996 545 3038 versum
561 2996 623 3037 cum
645 2981 738 3038 (iwrio
756 2980 843 3045 Patri,
864 2985 995 3050 quantum
1077 2985 1143 3039 Cum
1162 2989 1253 3038 autem
1276 2995 1382 3039 summo
1401 2981 1523 3038 diluculo
1545 2981 1605 3037 dies
1627 2978 1758 3046 illuxerit,
1779 2991 1862 3034 unum

172 3067 289 3139 prelato
303 3068 445 3137 placuerit.
462 3070 523 3125 Tria
536 3062 615 3131 267
630 3069 777 3141 Evangelia
787 3069 814 3124 iu
825 3055 921 3138 cappis
930 3069 997 3125 seri·
1041 3054 1075 3111 (¹⁰
1096 3053 1566 3124 11110111183181118111118θ1111,(1110
1585 3050 1680 3107 ³¹¹(ffl0
1700 3063 1796 3106 01111118
1815 3050 1862 3120 (1111

172 3140 216 3195 cis
230 3139 363 3210 legantur.
381 3141 512 3196 Prelatus
527 3142 599 3213 legat
613 3141 737 3198 ultimum
752 3141 946 3211 Evangelium:
963 3141 996 3194 lo
1006 3123 1028 3183 G
1040 3142 1075 3199 ad
1100 3141 1210 3198 missam
1234 3141 1362 3198 servituri
1382 3147 1447 3198 sunt
1466 3133 1544 3203 270
1564 3139 1677 3196 abluere
1690 3144 1718 3194 et
1731 3139 1863 3194 revestire

211 3211 301 3294 'acipio
322 3216 378 3267 erat
407 3211 524 3280 Verbum,
546 3213 768 3284 precedentibus
792 3211 900 3267 duobus
915 3225 996 3266 cero·
1040 3214 1211 3280 accelerent;
1233 3211 1279 3268 alii
1304 3225 1368 3269 vero
1385 3212 1513 3284 expedite
1537 3216 1661 3282 surgant,
1680 3218 1708 3266 et
1727 3210 1757 3266 iu
1776 3211 1863 3266 cnoro

185 3283 293 3348 erariis,
310 3290 336 3338 et
359 3284 469 3352 qrroties
488 3283 554 3356 legit
574 3285 601 3340 in
617 3298 714 3354 cappa,
734 3282 777 3339 vel
802 3283 869 3338 dicit
893 3282 999 3353 capitu·
1040 3286 1164 3354 sedeant,
1180 3285 1270 3342 donec
1311 3283 1417 3340 ulsetur
1436 3284 1589 3340 classicum.
1609 3281 1650 3338 ltd
1666 3283 1736 3337 banc
1751 3282 1861 3336 missam

174 3353 233 3408 lum
261 3367 310 3408 seu
334 3354 501 3422 orationem,
529 3355 660 3412 assistunt
684 3355 719 3410 ei.
745 3356 812 3409 burn
835 3367 900 3410 roro
925 3367 999 3410 noua
1041 3357 1191 3413 induantur
1204 3297 1334 3412 sacenses
1352 3361 1379 3410 et
1389 3355 1517 3421 ministri,
1537 3355 1610 3410 siout
1623 3353 1714 3408 soient
1729 3352 1758 3407 iu
1767 3351 1866 3408 bomi-

175 3424 259 3480 lectio
287 3424 397 3496 legitur,
418 3433 555 3496 preparat
580 3441 609 3482 se
630 3426 764 3483 diaeonus
790 3425 818 3480 iu
842 3424 997 3492 dalmatica,
1041 3429 1122 3495 uicis,
1138 3429 1232 3484 tunica
1255 3432 1283 3482 et
1298 3425 1442 3483 dalmatica
1465 3426 1545 3490 albis,
1571 3430 1601 3478 ut
1619 3437 1717 3491 supra;
1734 3429 1801 3477 tune
1815 3435 1864 3476 se-

175 3495 363 3551 subdiaconus
377 3497 404 3551 in
420 3498 523 3564 tuniea,
547 3496 706 3554 ceroferarii
735 3496 998 3552 cumtburilerario
1043 3500 1178 3556 cretarius
1191 3499 1275 3554 debet
1288 3497 1417 3553 candelas
1435 3496 1463 3550 in
1483 3495 1569 3550 choro
1589 3492 1764 3547 cantantibus
1777 3491 1863 3546 mini-

175 3567 206 3622 in
230 3567 391 3637 supelliciis,
416 3568 525 3642 sintque
554 3569 642 3638 parati
666 3569 700 3624 ad
730 3566 921 3638 repetitionem
950 3581 996 3622 re·
1042 3577 1141 3634 strare,
1166 3571 1239 3624 sicut
1262 3572 1289 3622 et
1314 3566 1349 3620 ad
1373 3567 1487 3635 primam
1511 3564 1630 3618 missam.
1659 3561 1866 3643 Oliloium'Lae

177 3639 318 3708 sponsorii
349 3639 416 3696 noni
457 3654 507 3710 per
534 3641 649 3695 eborum
677 3638 803 3696 ordinate
827 3638 997 3703 incedentes,
1042 3638 1170 3711 tumebit,
1204 3637 1280 3708 quod
1309 3643 1466 3705 precentor
1492 3632 1601 3702 incipit.
1631 3632 1724 3686 Lectio
1748 3631 1864 3701 Spiritus

178 3707 310 3764 videlicet
336 3709 558 3779 precedentibus
581 3709 765 3775 cerciorariis,
791 3707 891 3765 deinde
910 3707 1000 3763 tburi·
1042 3710 1157 3776 Domini,
1173 3722 1236 3778 quae
1251 3708 1358 3777 legatur
1371 3706 1443 3762 sicut
1457 3705 1485 3760 in
1507 3701 1683 3784 precedente
1703 3701 1795 3769 missa,
1812 3714 1866 3784 qua

180 3778 295 3845 ierario,
318 3781 487 3838 subdiacono
512 3788 540 3838 et
555 3781 672 3838 diacono
687 3779 920 3849 subsequentibus
939 3783 1002 3834 aute
1043 3782 1119 3838 linita
1147 3779 1239 3835 statim
1268 3777 1392 3847 Epistola
1419 3775 1578 3846 incipiatur,
1603 3772 1711 3856 seilicet
1736 3773 1866 3898 leporarii

180 3849 325 3922 prelatum
348 3853 469 3919 veniant,
494 3853 541 3908 ubi
569 3852 703 3909 diaconus
723 3853 866 3907 incensum
886 3848 1001 3919 prelato
1043 3852 1198 3922 ienipoites.
1219 3847 1347 3916 Alleluia,
1366 3848 1491 3904 bominac
1514 3847 1643 3915 reprom,
1668 3843 1754 3900 aduo
1776 3857 1808 3898 us
1823 3856 1867 3899 oa-

180 3921 292 3986 olierat;
308 3935 364 3992 quo
387 3925 414 3979 in
434 3923 576 3980 tburibulo
592 3925 693 3994 posito,
717 3926 820 3979 textum
851 3921 1000 3990 accipiens,
1043 3925 1118 3981 nitur
1136 3922 1208 3978 sieut
1235 3918 1376 3994 graduale.
1405 3917 1580 3990 Evangelium
1604 3929 1667 4000 oum
1685 3913 1867 4000 'candelabris

180 3993 403 4050 benedictionem
423 4001 521 4066 petat:
547 3994 712 4065 redditoque
731 3999 807 4050 textu
830 3991 1001 4049 subdiacono
1043 4001 1071 4052 et
1092 3997 1216 4060 incenso,
1241 4004 1297 4049 non
1322 3990 1446 4061 pulsatur·
1461 3990 1615 4046 classicum.
1632 3988 1721 4044 Frurta
1736 3999 1819 4068 missa
1836 3999 1866 4070 ru

180 4064 215 4119 ad
231 4064 375 4121 lectricum
386 4067 581 4122 iutcrcbomm
591 4066 714 4122 etaltare
729 4065 844 4122 honeste
859 4076 1003 4135 prepara·
1043 4067 1192 4123 claustrum
1206 4065 1327 4131 veniant,
1342 4075 1493 4133 manusque
1517 4062 1619 4123 lavent,
1643 4063 1671 4142 et
1685 4063 1808 4142 acceptis
1827 4056 1864 4112 lt·

181 4141 238 4190 tum
259 4136 393 4192 ministris
411 4139 483 4193 sicut
496 4144 628 4194 venerant
651 4137 837 4208 praeeuntibus
856 4149 918 4190 oum
943 4148 1003 4189 ma·
1043 4139 1101 4195 bris
1126 4137 1250 4193 sedeant.
1275 4133 1387 4191 interim
1408 4133 1568 4190 sacerdotes
1582 4130 1616 4187 ad
1636 4143 1733 4186 missas
1749 4133 1868 4200 privatas

179 4219 234 4276 gna
256 4208 421 4275 reverentia,
448 4209 571 4277 accedat,
592 4214 620 4264 ct
641 4207 839 4280 genealogiam,
855 4219 911 4262 nou
935 4218 1002 4261 oan—
1043 4224 1073 4266 se
1089 4209 1246 4281 expediant.
1617 4272 1623 4284 .
1665 4271 1671 4285 ⁸

181 4277 277 4344 tando,
303 4279 352 4335 sed
375 4280 491 4336 boneste
514 4279 642 4351 legendo,
658 4279 836 4350 pronuntiet;
853 4291 906 4348 qua
921 4276 1001 4343 lecta,
1079 4281 1119 4337 Ad
1144 4279 1261 4335 Primam
1287 4277 1343 4334 duo
1368 4275 1402 4331 de
1426 4274 1577 4343 majoribus
1601 4284 1688 4338 signas
1712 4269 1866 4339 pulsentur.

180 4355 209 4403 et
236 4351 271 4404 Te
294 4352 377 4406 neom
391 4349 529 4406 modoinus
547 4366 563 4406 a
587 4351 702 4421 prelato
720 4351 852 4420 incepto,
870 4349 1004 4404 diaconus
1046 4354 1112 4410 Post
1129 4352 1247 4407 Primam
1267 4346 1417 4418 capitulum
1432 4350 1568 4410 teneatur,
1582 4343 1609 4397 in
1626 4338 1867 4422 quosol'ummodo

179 4420 325 4476 incensum
353 4426 437 4493 ponat
455 4423 483 4478 in
512 4422 664 4490 thuribulo,
690 4427 797 4478 etcum
824 4419 1080 4510 processionando
1108 4435 1202 4478 amore
1230 4424 1259 4476 ct
1283 4416 1542 4498 dulcedinentante
1574 4411 1757 4494 solemnitatrs
1784 4409 1869 4464 debet

180 4504 232 4545 sua
259 4491 344 4548 altare
373 4495 461 4563 majos
488 4499 516 4548 et
543 4492 702 4549 matitunale
740 4491 788 4563 50)
819 4492 955 4558 incenset,
975 4495 1002 4546 et
1045 4493 1167 4551 tractari.
1190 4491 1287 4548 Statim
1305 4495 1368 4560 post
1387 4487 1536 4559 capitulum
1552 4478 1865 4566 processroupulsetam

180 4560 327 4631 praelatum
353 4571 460 4634 postea,
485 4564 530 4619 eui
552 4564 662 4621 scilieet
675 4577 732 4634 pre
745 4567 790 4618 ato
818 4563 1004 4619 subdiaconus
1044 4568 1101 4624 sive
1120 4563 1261 4621 bomiuica
1279 4562 1324 4627 sit,
1347 4560 1403 4616 sive
1428 4556 1869 4634 non,proeessroagrtur,m1ssa

180 4638 287 4689 textum
302 4633 337 4689 ad
352 4635 531 4691 osculandum
548 4634 654 4691 olierat.
664 4634 768 4702 Quibus
780 4634 910 4704 peractis,
924 4646 1005 4702 repo·
1045 4635 1214 4694 matutinalis
1240 4631 1440 4689 intermittitur.
1470 4628 1614 4686 Processit>
1637 4623 1668 4679 iit
1691 4635 1751 4706 siue
1772 4633 1869 4690 oapprs

183 4705 248 4760 sitis
271 4706 300 4759 in
324 4705 416 4761 locum
434 4721 512 4762 suurn
527 4705 710 4773 candelabris,
726 4707 790 4760 dum
806 4707 935 4760 Palicum
949 4702 1004 4760 luo·
1045 4709 1152 4774 sericis,
1177 4711 1293 4774 excepto
1311 4703 1409 4830 (priore
1433 4702 1480 4772 cui
1496 4700 1599 4756 babet:
1616 4693 1804 4752 subdiaconus
1825 4695 1869 4746 tu·

182 4791 278 4846 Minus
305 4795 413 4850 canitur
431 4786 511 4856 268
536 4795 564 4850 iu
588 4795 685 4862 oboro,
705 4806 802 4850 omues
825 4793 1006 4848 ministraturi
1047 4781 1146 4848 nicam,
1162 4778 1296 4834 di³⁰⁰¹¹¹¹⁸
1330 4774 1483 4830 111111111111
1498 4771 1610 4826 1111111111·
1676 4851 1711 4864 ..
1758 4849 1763 4862 ,

181 4862 217 4918 ad
238 4864 353 4933 primam
369 4865 477 4922 missam
502 4871 660 4922 remaneant
685 4865 783 4922 ultimi.
804 4862 1006 4920 Tburilerarius
1082 4869 1147 4925 Post
1161 4866 1278 4922 Tertiam
1293 4861 1421 4920 omnibus
1437 4861 1489 4916 rite
1500 4855 1631 4927 peractis,
1646 4856 1779 4907 ministris
1790 4840 1860 4911 271

181 4947 259 5000 rero,
276 4936 419 4993 incensato
434 4939 511 5006 prius
525 4937 653 5005 diacono,
671 4937 844 5010 pereborum
863 4935 1005 4990 incensum
1047 4952 1158 5011 quoque
1171 4943 1235 4992 ante
1254 4935 1340 4991 altare
1360 4945 1422 5003 cuae
1446 4926 1586 5012 ¹portanda
1609 4928 1673 5008 sunt
1698 4922 1867 5005 tenentibus,

181 5005 264 5071 ierat,
290 5007 460 5064 subdiacono
484 5015 617 5079 sequente
632 5023 694 5065 oum
717 5015 803 5064 textu.
821 5007 956 5063 Sacerdos
971 5005 1005 5061 ad
1047 5025 1109 5069 eum
1125 5013 1280 5080 precentor
1295 5013 1500 5074 responsorium
1512 4996 1555 5052 vel
1565 4995 1745 5079 antiphonam
1755 4992 1870 5048 iuoboa-

181 5077 299 5147 primam
315 5080 424 5134 missam
445 5080 556 5136 interim
575 5079 728 5138 honorilice
751 5079 893 5135 induatur.
915 5077 954 5133 rid
971 5079 1007 5134 To
1047 5083 1127 5148 verit,
1149 5077 1304 5150 procedunt
1330 5075 1385 5131 boc
1413 5069 1522 5154 modo:
1550 5069 1669 5153 Pramus,
1699 5079 1747 5135 qur
1771 5075 1869 5146 aquato

181 5151 264 5204 mam
294 5147 442 5217 bodemen,
473 5150 527 5207 duo
553 5153 655 5222 majora
683 5153 761 5222 signa
790 5149 953 5220 pulsantum
979 5154 1007 5204 et
1048 5150 1220 5211 benedictam
1249 5152 1350 5218 portat,
1380 5141 1483 5226 debinc
1511 5155 1557 5211 qur
1581 5149 1701 5222 crucem,
1731 5138 1794 5216 posi
1822 5146 1869 5202 dur

181 5219 218 5276 111
247 5233 357 5277 11111111]
383 5242 389 5277 ²
413 5223 466 5279 Pii
486 5222 694 5292 11119110δά163,
719 5223 874 5288 classicum,
899 5219 927 5276 id
953 5227 1006 5287 est,
1049 5216 1336 5288 candelabra,deinde
1351 5212 1590 5285 qurtbunbulum,
1607 5202 1871 5286 rudesubdraconus

181 5291 276 5346 omnia
291 5294 378 5364 signa.
1049 5310 1111 5354 eum
1126 5297 1203 5351 textu
1217 5291 1246 5347 iu
1262 5288 1364 5353 tunica,
1380 5290 1409 5341 et
1423 5284 1556 5341 diaeonus
1575 5283 1613 5363 iu¹
1627 5277 1781 5362 dalmatica,
1807 5279 1871 5358 post

218 5361 311 5419 Finito
332 5367 367 5420 Pe
380 5365 461 5420 iiam
476 5363 627 5430 madentes,
645 5363 719 5419 dicat
733 5363 864 5434 prelatus
877 5375 1005 5420 versum:
1050 5381 1120 5440 quos
1148 5362 1280 5422 incedunt
1308 5355 1396 5430 pueri,
1425 5361 1453 5411 et
1472 5353 1573 5425 reliqui
1588 5353 1644 5432 bmr
1668 5352 1696 5402 et
1709 5347 1779 5414 bini,
1799 5351 1871 5430 arem

183 5431 247 5502 lpse
276 5433 409 5491 invocavit
442 5451 496 5502 me,
530 5437 708 5504 inceptoque
741 5434 775 5490 ab
808 5449 856 5501 eo,
887 5437 957 5490 bores
982 5435 1009 5489 ia
1051 5447 1093 5498 pst
1107 5437 1296 5497 praecorum
1313 5425 1870 5501 postomncsprelatusincappasonea.

183 5501 233 5557 od'
260 5505 354 5574 orium
369 5512 436 5563 tuuc
471 5507 562 5564 uando
584 5507 671 5576 prima
685 5504 836 5574 autipboua
854 5505 888 5561 ad
903 5503 1010 5562 Laudes
1050 5508 1236 5569 Procedentcs
1264 5514 1329 5558 vero
1345 5513 1403 5628 (per
1426 5497 1574 5578 claustrum
1601 5489 1872 5574 nullam'statronem

183 5585 217 5630 so
230 5580 259 5629 et
280 5575 395 5647 imponi,
426 5521 548 5635 officium
572 5576 762 5634 admissam:
792 5576 917 5632 Demiror
941 5576 1010 5632 dieii
1051 5582 1165 5646 faciunt,
1181 5576 1230 5633 sed
1245 5577 1344 5630 cautau
1365 5561 1760 5656 orcsponsorrumeoolesram
1781 5571 1871 5629 ingre-
1916 5607 1921 5615 .

223 5661 282 5736 (43)
296 5664 327 5720 id
344 5672 397 5735 est,
413 5668 499 5725 altare
510 5668 602 5725 misse
617 5661 795 5722 matutinalis.
1052 5655 1175 5718 diautur,
1200 5650 1228 5702 ct
1242 5645 1280 5702 ita
1299 5641 1371 5702 iacta
1389 5650 1509 5700 staucno
1533 5637 1597 5693 ante
1612 5631 1782 5697 amolinum,
1798 5633 1872 5685 stent
