4106 6178
745 586 832 631 arido
851 586 968 632 DOMINI
987 587 1134 632 btbxxxn.

434 1072 867 1190 uuoullltltrtsls
914 1073 1443 1192 thoulurlsoorlls

660 1415 884 1501 NOTITIA
913 1415 1206 1504 HISTORICA

607 1585 655 1658 (Ex
671 1587 759 1645 Gellio
774 1589 934 1657 Christiano,
950 1603 1014 1645 nov.
1032 1589 1112 1658 edit,
1128 1599 1196 1648 tom.
1212 1593 1269 1663 lv.)

125 1852 272 1918 Gchuinus,
289 1851 336 1920 qni
356 1857 383 1906 et
399 1849 534 1916 Gibuicus,
551 1850 606 1906 imo
622 1855 649 1906 et
673 1849 802 1907 Geloiuus
817 1848 1079 1918 dictusAaccipiat,
1109 1849 1173 1919 quia
1192 1849 1271 1906 valde
1290 1857 1464 1923 opportunus
1492 1851 1600 1909 uidetur
1627 1853 1662 1908 ad
1687 1865 1776 1924 oppu-

90 1947 141 2008 est,
157 1955 188 1998 ac
216 1955 346 1997 successu
379 1941 512 2010 temporis
542 1945 644 1996 mutata
676 1939 764 2009 prima
792 1938 911 1994 nominis
953 1939 1089 2008 guandam
1114 1940 1323 2010 provincialium
1346 1942 1540 2012 arrogantiam.
1563 1961 1577 1995 u
1596 1940 1669 1997 Nihil
1690 1955 1775 2015 nega·

90 2028 182 2086 littera
197 2031 253 2086 inl
290 2029 411 2100 ejusdcm
435 2027 508 2096 soni,
533 2028 658 2084 lebuinus
685 2028 838 2099 appellatus
857 2033 908 2092 est,
953 2027 992 2082 vit
1022 2027 1155 2097 pontitcx,
1177 2034 1219 2085 tot
1242 2029 1384 2101 praeclaris
1412 2032 1475 2088 nori
1503 2031 1636 2087 antistitis
1663 2031 1776 2090 dotibus

91 2126 120 2173 nt
139 2118 231 2175 ridere
257 2125 299 2174 est
327 2118 354 2174 in
378 2117 491 2187 antiquo
511 2119 734 2189 Lugdunensium
763 2115 911 2188 praesulum
952 2123 1116 2173 commotus.

90 2209 182 2264 indico
206 2208 293 2264 relato
313 2209 340 2263 in
365 2207 576 2278 antiquitatibus
594 2207 691 2263 insula
707 2206 842 2261 barbarae.
863 2205 912 2259 iic·
988 2209 1066 2262 duno
1085 2207 1153 2260 1078
1167 2215 1335 2264 memoratur
1358 2210 1385 2264 in
1410 2209 1507 2266 charta
1521 2209 1653 2266 widelini
1668 2211 1774 2267 Foren-

89 2298 173 2368 niqno
189 2312 238 2368 per
251 2311 394 2368 apocopen
419 2297 501 2352 unius
515 2297 615 2352 litterae
638 2295 747 2352 lubinus
766 2307 910 2363 nuncupa·
951 2295 993 2351 sis
1015 2296 1124 2352 comitis
1153 2296 1338 2353 saviniacensi
1366 2298 1496 2354 coeuobio
1523 2299 1656 2356 nonnulla
1674 2312 1775 2357 conce·

89 2393 145 2453 tus,
175 2393 206 2443 ut
228 2389 321 2444 ridere
344 2393 386 2442 est
409 2387 437 2441 in
467 2385 621 2441 blissalibus
650 2383 848 2451 broriariisquc
877 2381 911 2436 ad
952 2384 1063 2450 dentis;
1080 2385 1120 2440 sic
1144 2387 1218 2441 enim
1244 2386 1272 2442 in
1300 2400 1332 2442 ca
1357 2387 1491 2456 temporis
1509 2393 1574 2444 nota
1589 2389 1772 2446 inscribitur:

88 2490 168 2532 usum
187 2477 377 2548 Lugdunensis
395 2475 546 2541 Ecclesiae,
567 2488 601 2530 ex
620 2474 672 2530 boc
691 2487 756 2528 vcro
772 2479 911 2542 postremo
954 2491 968 2524 u
989 2473 1103 2528 homino
1124 2474 1243 2530 ilenrico
1263 2476 1296 2530 lv
1320 2477 1442 2546 Augusto
1458 2475 1560 2532 bellum
1585 2491 1646 2533 cum
1666 2477 1776 2534 liudul-

88 2567 200 2621 nomine
224 2566 343 2622 manavit
366 2565 497 2620 Gallicum
522 2563 593 2620 solut
619 2561 697 2618 lubio
716 2575 771 2631 quo
796 2576 811 2616 a
830 2561 911 2631 vulgo
953 2561 1008 2631 pho
1028 2576 1092 2632 rege
1121 2571 1255 2634 gerente,
1275 2573 1426 2635 sanctoque
1445 2579 1516 2637 papa
1535 2565 1723 2623 liildebrando
1746 2567 1774 2624 in

86 2653 258 2726 designatur.
293 2655 355 2710 Fuit
383 2652 507 2724 lingonis
535 2653 569 2707 ill
599 2651 708 2707 contitis
739 2650 912 2706 britonensis
953 2649 1107 2720 apostolico
1129 2652 1200 2708 solio
1229 2654 1387 2722 residente,
1421 2661 1504 2726 atquc
1536 2655 1775 2727 archiepiscopatu

85 2741 170 2812 lilius,
190 2743 241 2800 init
260 2751 288 2800 ct
304 2749 399 2825 postca
414 2742 596 2814 Lingoncnsis
610 2740 831 2796 archidiaconus.
847 2740 912 2808 Ejus
952 2739 1129 2810 Lugdunensi
1144 2740 1195 2797 snh
1220 2743 1352 2814 regimine
1377 2744 1482 2801 domini
1496 2744 1612 2802 Gchuini
1626 2745 1777 2815 quiescen-

82 2833 121 2887 ad
152 2833 341 2902 episcopatum
371 2831 535 2887 electionem
564 2830 604 2884 sic
638 2828 721 2884 rciert
753 2827 911 2884 chronicon
955 2834 982 2884 tc
1004 2848 1010 2883 :
1033 2828 1146 2887 domino
1179 2831 1260 2886 ctiam
1288 2832 1422 2889 balniatio
1451 2832 1617 2890 saviniensis
1649 2833 1776 2892 baculum

83 2924 260 2980 virdunense
277 2945 283 2978 ;
300 2941 313 2974 u
334 2924 363 2978 ln
383 2923 490 2994 synodo
505 2920 643 2977 ticinensi
659 2933 739 2990 quam
754 2933 826 2974 anno
845 2918 911 2973 1077
952 2920 1064 2972 tenente
1081 2957 1194 2973 .....
1211 2933 1303 2976 mense
1320 2921 1388 2976 llaio
1407 2919 1476 2977 ieria
1489 2920 1517 2988 2,
1533 2927 1562 2978 et
1575 2937 1611 2978 xv
1622 2921 1686 2994 (die)
1702 2935 1775 2980 anno

82 3013 176 3068 tenuit
193 3013 271 3082 lingo
282 3011 390 3066 iliensis
405 3011 553 3080 opiscopus
568 3014 596 3064 et
611 3008 716 3078 togatus
730 3006 909 3076 apostolicus,
953 3006 1062 3062 bomini
1084 3005 1162 3074 1078,
1183 3007 1282 3063 indict.
1298 3023 1307 3062 r
1322 3016 1505 3067 concurrente
1525 3027 1563 3079 vr,
1579 3017 1675 3082 epacta
1694 3027 1735 3068 ιν.
1761 3033 1773 3064 i

83 3101 183 3170 quinta
206 3099 262 3164 dic,
284 3102 347 3170 quia
372 3100 564 3171 Lugdunensis
583 3098 664 3154 sedes
688 3097 839 3153 llumbcrto
867 3097 910 3153 Si·
953 3094 1056 3151 Eodem
1070 3108 1143 3150 anno
1167 3110 1215 3152 scu
1240 3096 1333 3165 potius
1356 3099 1483 3168 sequenti
1508 3099 1586 3169 Juxta
1611 3099 1775 3160 hodiernum

86 3189 214 3245 moniaco
244 3189 360 3259 expulso
388 3195 416 3245 et
442 3189 470 3244 in
499 3188 568 3244 locis
594 3186 756 3243 lurensibus
775 3178 1017 3242 monachoBanni
1041 3183 1190 3240 inchoandi
1214 3185 1335 3252 modum,
1353 3188 1451 3244 Petrus
1478 3186 1640 3246 dinanensis
1663 3189 1774 3262 episco-

86 3275 173 3345 iacto,
192 3278 306 3333 uacabat
329 3278 464 3344 antistite,
486 3277 571 3334 totius
587 3276 699 3332 concilii
719 3289 831 3332 assensu
851 3275 910 3330 ele·
952 3287 1014 3344 pus,
1035 3274 1165 3330 Romanae
1190 3273 1320 3331 Ecclesia
1340 3275 1497 3344 cardinalis,
1521 3285 1548 3334 et
1571 3292 1650 3348 papae
1670 3279 1775 3351 legatus

87 3373 149 3423 ctus
168 3367 307 3424 Gchuinus
334 3367 557 3434 archidiaconus,
578 3367 618 3422 vir
641 3379 746 3421 urorum
774 3364 911 3436 probitate
951 3361 980 3417 in
997 3361 1121 3432 partibus
1136 3362 1312 3432 burgundie,
1333 3364 1465 3434 episcopo
1488 3365 1682 3423 llatisconcnsi
1701 3369 1774 3424 Lan·

87 3463 228 3513 venustus.
254 3457 282 3513 ld
308 3454 380 3528 scgr'e
404 3456 467 3512 tulit
492 3455 674 3527 Lingoncnsis
702 3454 814 3525 praesul,
840 3467 910 3509 con·
953 3451 1042 3516 drico,
1059 3458 1086 3506 et
1105 3450 1229 3506 Gchuino
1244 3451 1454 3524 archiepiscopo
1478 3455 1773 3528 Lugdunensisigniii-

86 3554 203 3617 questus
217 3547 290 3616 quod
307 3549 402 3603 Patres
421 3547 546 3602 dextrum
568 3546 621 3601 sibi
637 3544 746 3600 oculum
762 3544 909 3610 eruissent,
952 3544 996 3595 cat
1015 3554 1044 3595 se
1060 3546 1184 3610 exparte
1199 3539 1292 3596 domni
1308 3554 1387 3611 papas
1401 3555 1450 3598 cos
1464 3544 1773 3614 excommunicaturum,

86 3637 132 3693 cui
157 3651 235 3693 suum
258 3636 437 3693 abstulissent
455 3635 701 3698 archidiaconum,
724 3634 806 3689 cirum
825 3635 852 3688 io
869 3647 911 3687 ec·
953 3630 1006 3686 nisi
1021 3645 1037 3686 a
1052 3630 1186 3686 molestiis
1209 3645 1278 3700 quas
1296 3631 1522 3690 cluniacensibus
1546 3635 1688 3692 monachis
1702 3636 1776 3692 inie-

88 3725 241 3782 eteslosticis
269 3731 293 3781 ct
319 3723 491 3780 secutoribus
526 3723 636 3792 repotiis
677 3722 910 3794 pernecessarium,
955 3726 1028 3786 runt,
1049 3720 1217 3778 abstineant.
1248 3742 1261 3772 ι
1290 3723 1386 3778 dotum
1408 3725 1489 3780 hosca
1512 3724 1585 3795 apud
1607 3727 1636 3782 S.
1656 3727 1775 3782 Bernar-

89 3815 117 3869 in
141 3829 197 3884 qno
225 3829 303 3872 suum
328 3815 415 3884 ipsius
439 3811 596 3882 consilium,
621 3810 761 3882 totiusque
783 3811 912 3866 dioecesis
953 3810 1029 3878 dum,
1048 3825 1097 3865 rm
1121 3809 1265 3878 Februar„
1295 3811 1392 3868 indict.
1413 3828 1444 3868 u.
1466 3833 1479 3865 u
1507 3813 1586 3870 Circa
1614 3815 1667 3872 hoc
1686 3815 1775 3887 ipsum

88 3902 216 3960 solatium
233 3904 372 3960 residebat
389 3924 395 3958 :
412 3903 460 3958 sed
479 3901 622 3972 pravaluit
637 3914 754 3957 concors
775 3899 911 3955 sententia
953 3904 1062 3969 tempus
1084 3899 1224 3956 Gchuinus
1244 3899 1353 3958 ridetur
1376 3903 1490 3960 Romam
1510 3917 1571 3960 cum
1586 3905 1727 3962 nonnullis
1742 3920 1776 3963 cx

88 3993 210 4060 concilii,
232 3993 296 4064 quia
310 3993 350 4047 sic
365 3997 424 4048 erat
439 3991 603 4061 praefinitum
619 3995 646 4047 ct
657 3990 787 4060 placitum
802 3990 830 4045 in
846 4002 911 4044 ocu·
952 3987 1010 4043 suis
1025 3987 1166 4044 canonicis
1181 3988 1313 4058 petiisse;
1332 3989 1360 4046 id
1380 3991 1452 4046 enim
1477 3991 1613 4065 significat
1627 3996 1776 4066 Gregorius

88 4081 123 4136 lis
142 4082 259 4138 bomini.
284 4083 340 4136 ltco
356 4095 441 4148 mora,
463 4093 517 4136 uno
533 4079 588 4146 dic,
609 4079 636 4134 id
657 4085 699 4134 cst
713 4077 856 4133 bominico
876 4092 911 4132 xv
953 4073 1070 4144 epistola
1088 4073 1133 4139 30,
1150 4074 1199 4131 lib.
1220 4091 1258 4144 vr,
1284 4091 1317 4132 cr
1341 4091 1395 4147 qua
1419 4085 1495 4150 patet
1519 4087 1585 4138 tnnc
1609 4083 1774 4154 regularem,

89 4169 147 4226 llal.
168 4171 292 4236 Octobr„
309 4169 412 4226 llcrluae
436 4182 539 4223 summa
559 4167 679 4224 omnium
700 4166 868 4223 exultatione
884 4171 912 4222 ct
953 4177 1125 4220 communem
1148 4178 1180 4220 ac
1206 4165 1308 4236 peculii
1329 4175 1470 4238 expertem
1495 4171 1577 4227 vitam
1600 4171 1711 4230 duxisse
1730 4187 1776 4229 ca·

89 4259 211 4328 tripudio
235 4274 250 4314 a
270 4260 359 4329 legato
383 4263 562 4315 consecratus
586 4263 637 4313 cst.
663 4257 718 4312 b‘ec
742 4256 770 4312 id
795 4263 910 4325 tantum,
952 4252 1087 4309 thedralis
1111 4253 1237 4310 ecciesiae
1260 4255 1411 4312 canonicos
1437 4277 1443 4312 ι
1471 4259 1544 4314 enim
1568 4273 1644 4328 vcro,
1673 4275 1735 4317 cum
1759 4277 1774 4317 a

88 4346 138 4401 scd
153 4349 244 4404 statim
260 4347 373 4419 pallium
397 4361 448 4417 pro
464 4361 496 4402 eo
513 4346 660 4416 postularit
676 4347 764 4414 lingo,
786 4343 829 4399 his
847 4357 910 4398 rer·
952 4343 1088 4399 Landrico
1103 4343 1296 4400 Matisconensi
1320 4345 1463 4415 episcopo,
1484 4345 1556 4404 iacto
1571 4347 1605 4403 ad
1625 4349 1696 4406 hanc
1710 4363 1775 4407 cau·

88 4437 132 4492 bis
149 4457 155 4492 :
174 4457 186 4486 t
207 4439 385 4506 summopore
406 4435 544 4506 poscimus
569 4441 600 4489 ut
620 4447 670 4503 per
688 4433 829 4489 dominum
856 4435 911 4488 Va·
952 4445 1009 4486 sam
1038 4431 1177 4500 pontilicis
1199 4434 1342 4503 cognitore
1361 4434 1534 4492 anathemate
1560 4436 1680 4506 perculsi
1708 4437 1776 4495 iuis-

89 4526 222 4582 lcntinum
243 4526 402 4596 episcopum
428 4523 538 4593 pallium
564 4522 643 4578 nobis
658 4521 772 4577 mittatis
786 4521 819 4576 ad
841 4503 1022 4586 con-Gsent,
1039 4519 1103 4590 quia
1119 4523 1273 4577 communia
1289 4520 1420 4579 Ecclesiae
1443 4523 1515 4580 bona
1539 4525 1656 4584 interse
1681 4529 1773 4599 partiti

88 4616 247 4672 tirmandam
277 4614 479 4671 ordinationem
505 4609 702 4682 religiosissimi
719 4609 910 4679 Lugdunensis
951 4606 1069 4674 inerant,
1104 4615 1134 4663 ut
1166 4610 1291 4680 priuatim
1324 4613 1465 4682 niterent3
1498 4628 1615 4685 cumque
1649 4618 1774 4675 nonnulli

88 4705 219 4762 Ecclesia
234 4703 436 4773 archicpiscopi
453 4709 549 4758 contra
565 4701 733 4757 oblatrantes
751 4699 908 4766 haereticos,
952 4699 1064 4753 Romam
1080 4696 1197 4767 proiecti
1211 4698 1327 4756 luissent
1342 4705 1372 4756 nt
1386 4707 1413 4758 et
1427 4700 1629 4762 absolutionem
1644 4713 1672 4762 ct
1686 4707 1773 4764 benc-

88 4801 115 4848 ct
134 4793 169 4848 de
190 4793 263 4863 regis
278 4791 467 4862 indignatione
490 4790 621 4846 advorsus
640 4787 842 4844 ordinationem
862 4787 910 4844 bei
952 4786 1101 4844 dictionem
1129 4788 1318 4859 impetrarent,
1334 4790 1405 4848 hanc
1425 4805 1480 4848 uon
1496 4799 1601 4850 tantum
1621 4810 1675 4854 non
1703 4811 1774 4854 con-

86 4881 236 4938 carnalitcr
250 4880 419 4953 gloriantcs;
436 4879 494 4949 ipsc
514 4879 586 4934 cuim
606 4876 768 4948 postpositis
782 4875 911 4933 omuibus
952 4878 1036 4934 cessit
1051 4878 1183 4948 pontifex,
1201 4879 1255 4936 imo
1278 4880 1430 4955 apostolica
1450 4885 1614 4942 auctoritate
1628 4889 1772 4957 pracepit,

87 4968 273 5027 incommodis
287 4976 314 5026 ct
329 4968 461 5040 periculis
480 4967 603 5038 penuria
626 4973 708 5038 atque
724 4967 833 5023 itineris
847 4981 911 5024 san-
953 4973 982 5023 ut
1001 4967 1048 5038 qni
1068 4968 1108 5024 sic
1137 4967 1323 5039 acquisierant
1345 4972 1458 5029 omnino
1477 4973 1657 5042 diuritterent,
1678 4977 1774 5034 rolens

87 5059 193 5118 ctitatis
207 5065 305 5116 vestrae
329 5059 490 5128 conspectui
514 5057 689 5114 devotissime
708 5071 738 5114 se
758 5063 910 5129 prasenta—
952 5063 983 5112 ut
997 5055 1179 5124 nobilitatem,
1200 5072 1254 5128 qua
1274 5058 1347 5117 inter
1360 5073 1457 5118 omnes
1470 5062 1622 5120 Gallicanas
1636 5065 1775 5124 Ecclesiae

89 5156 142 5218 ret,
172 5150 195 5206 si
225 5147 347 5206 Ecclesia
366 5147 406 5202 iili
435 5147 580 5204 commissa
608 5146 702 5202 tandiu
731 5145 859 5218 languida
883 5154 911 5203 et
952 5145 1143 5218 Lugdunensis
1159 5146 1330 5216 resplenduit
1344 5149 1373 5206 in
1386 5150 1528 5223 religionis
1543 5154 1680 5224 exemplo,
1700 5145 1773 5214 nunc

89 5239 211 5309 pastoris
229 5237 329 5295 solatio
353 5235 496 5302 destituta,
517 5249 629 5306 quoquo
654 5235 736 5291 modo
759 5235 909 5292 absentiam
952 5247 1062 5306 quoquc
1091 5234 1236 5306 vigilanter
1264 5237 1419 5306 custodiat;
1449 5245 1478 5296 ut
1506 5247 1534 5296 ct
1556 5241 1671 5314 gloriam
1690 5259 1771 5314 qnam

89 5328 151 5398 ejus
172 5327 231 5383 sinc
256 5339 354 5398 magno
378 5325 543 5381 detrimento
567 5321 624 5394 pati
647 5323 792 5395 potuisset.
813 5323 911 5381 valen·
953 5322 1085 5380 hactcnus
1104 5325 1356 5394 praecaeterisillis
1375 5327 1471 5384 hahuit
1489 5328 1678 5401 indignitate,
1699 5347 1772 5391 uuoc

88 5417 150 5472 tino
174 5415 306 5488 episeopo
333 5413 476 5486 praecipitc
480 5451 534 5468 .....
560 5417 696 5482 quatenus
715 5414 789 5470 circa
812 5413 911 5471 festum
952 5426 1052 5484 angere
1081 5412 1195 5484 incipiat
1219 5414 1247 5470 in
1275 5414 1361 5472 torma
1385 5417 1537 5490 religionis.
1557 5421 1608 5476 An.
1642 5422 1709 5478 illito
1736 5425 1771 5482 ab

88 5506 178 5564 sancti
192 5507 312 5562 loannes
331 5503 469 5575 Baptista,
488 5505 570 5572 prout
592 5515 718 5558 noscam
734 5503 910 5560 eocondixi·
952 5503 1066 5572 lingone
1091 5503 1190 5559 abbate
1218 5503 1391 5562 cluniacensi
1420 5513 1533 5578 rogatus
1556 5508 1621 5566 iavit
1640 5510 1771 5571 electioni

88 5609 160 5664 mus,
190 5592 308 5652 ccclesia
331 5606 381 5648 sua
408 5590 442 5648 ad
471 5589 666 5648 celebrandum
695 5589 815 5648 ottlcium
834 5591 911 5649 illum
952 5590 1426 5666 walteriicabilonensisepiscopi;
1446 5596 1577 5658 Ecclesia
1586 5600 1772 5662 Satiniacensl
