4106 6178
241 286 310 344 1287

238 455 253 490 e
268 439 333 495 Sum
345 449 426 508 quem
442 433 545 507 quaeris
559 449 622 507 ego.
639 451 653 488 n
668 433 762 491 credit
785 434 878 502 miser,
905 439 988 504 atque
1011 432 1262 496 re·Acontentum
1282 428 1387 500 reperit
1400 429 1502 500 quibus
1516 443 1562 486 ars
1575 429 1681 486 sutoria
1695 444 1756 487 sese

924 522 1022 594 [pente

234 618 342 674 Stratus
356 615 432 672 humi
447 613 574 684 deposcit
592 626 683 683 opem,
708 611 899 682 scelerumque
923 610 1057 669 levamen.

233 707 295 762 llox
314 709 410 762 auctor
424 704 521 760 mortis
535 702 632 758 mortis
647 701 801 773 prorumpit
817 701 851 758 ad
871 706 960 758 atrum

233 793 395 862 Consilium,
410 791 459 850 sed
471 791 605 848 iacturum
621 791 689 862 quid
703 791 831 848 consulat
845 790 921 848 illum

161 908 164 917 ·
234 884 415 954 Accipitaute
434 881 526 938 iidem.
542 880 618 937 'lunc
636 880 677 937 sic
691 880 747 936 ait:
765 895 780 935 u
796 879 884 947 llaud,
900 878 954 935 nlsi
969 877 1059 935 solvas

238 973 329 1043 «lpse
348 977 410 1028 tuos
428 975 504 1027 artus
523 970 621 1027 anime
636 984 779 1041 compage,
799 970 915 1026 salntem

237 1078 252 1113 u
269 1062 353 1129 Quam
368 1059 457 1132 cupis,
474 1065 605 1116 mtemam
620 1073 725 1130 speres.
741 1059 787 1115 Vis
802 1059 892 1116 nivere
906 1057 988 1114 uitam

239 1167 254 1203 n
273 1152 386 1222 Semper
401 1155 575 1205 mansuram?
589 1149 671 1205 vitam
686 1147 737 1204 tibi
752 1147 819 1205 tolle
834 1147 976 1204 caducam.
991 1165 1005 1200 n

237 1238 380 1296 Horrescit
392 1236 500 1294 lacinus
518 1238 599 1294 bruto
614 1237 666 1294 sub
681 1243 795 1308 pectore
809 1242 925 1303 tantum,

235 1328 334 1393 hudet,
351 1333 379 1384 et
397 1326 451 1383 hoc
465 1325 529 1382 fidei
542 1366 634 1384 .....
654 1340 715 1383 esse
733 1339 890 1397 repugnans

234 1419 352 1474 Dicere:
369 1415 418 1472 sed
437 1415 550 1472 monitis
564 1430 712 1486 persuasus
726 1415 801 1472 cedit
816 1415 928 1487 iniquis.

234 1506 352 1578 Flagitat
366 1520 431 1578 ergo
447 1505 569 1574 modum,
585 1511 691 1563 tantmu
706 1519 761 1576 quo
778 1505 882 1561 crimen
897 1506 1003 1574 agatur.

234 1596 389 1666 Hospitium
404 1595 504 1667 repeti,
520 1609 609 1663 coena,
625 1594 800 1652 sermonibus
813 1608 862 1650 ore

234 1683 388 1741 Sollicitum
401 1688 499 1756 pectus
517 1683 620 1752 claudi,
635 1684 799 1755 cunctisque
814 1695 914 1754 sopore

235 1774 383 1842 immersis,
398 1772 492 1830 lauces
504 1772 596 1845 gladio
611 1775 783 1845 penetrarier
801 1773 879 1838 imas,

235 1865 270 1920 Et
283 1862 387 1919 ventris
401 1862 532 1930 medium,
543 1867 648 1918 tantum
659 1869 722 1933 post
734 1861 844 1930 vulnus,
855 1860 953 1918 eodem

236 1951 396 2010 consulitur
409 1951 501 2022 gladio
516 1950 650 2022 transfigi.
670 1951 773 2007 Suadet
787 1950 899 2021 iniquus

239 2042 317 2109 Quod
333 2041 419 2110 cupit.
440 2041 473 2107 lt,
489 2045 590 2107 coenat,
606 2039 784 2108 simulatque
802 2038 921 2110 grauatis

234 2131 336 2188 Somno
355 2129 503 2198 consociis,
520 2129 658 2200 immergit
671 2134 781 2200 gutture
796 2127 891 2195 telum,

233 2221 363 2290 amputat
377 2221 405 2274 et
418 2231 511 2286 venas,
528 2223 603 2273 secat
618 2222 647 2274 et
665 2230 727 2274 enm
741 2220 853 2288 gutture
866 2228 977 2284 neruos,

233 2309 291 2364 ltec
305 2320 391 2376 mora,
407 2305 520 2378 conligit
534 2306 707 2378 praecordia:
726 2305 775 2361 sed
790 2304 872 2362 dolor
883 2305 943 2375 ipse

234 2396 363 2454 Criminis
377 2409 409 2453 ac
423 2396 521 2453 mortis
535 2396 665 2452 miserum
684 2394 802 2452 clamare
817 2395 921 2466 coegit.

236 2505 250 2534 ι
265 2487 306 2543 hle
325 2486 473 2543 miserum!
496 2486 585 2558 perii;
609 2484 700 2542 scelus
723 2485 777 2542 hoc
801 2497 860 2540 mea
880 2484 976 2540 dextra
996 2495 1058 2555 per-

799 2636 803 2644 ,
913 2573 1022 2646 [egita

233 2665 268 2723 Et
281 2665 337 2722 ruit
356 2663 507 2722 examinis:
528 2665 654 2722 miseram
670 2677 733 2722 mox
753 2665 832 2722 turba
846 2662 969 2721 ierorum

233 2754 385 2826 spirituum
404 2755 518 2825 capiunt
531 2756 659 2823 animam,
675 2753 841 2826 rapiuntque
860 2753 1039 2825 trahuntque,

232 2843 286 2899 Per
303 2857 423 2901 summas
437 2843 522 2900 ealles
536 2845 672 2916 agitantes
685 2848 768 2915 atque
783 2857 833 2914 per
846 2841 926 2899 imas.

232 2935 354 3003 Apparet
371 2933 464 2990 subito
483 2931 590 2990 lacinus
603 2933 651 3004 qui
666 2935 791 2989 suaserat
805 2932 904 3001 hostis,

233 3022 306 3078 luris
320 3026 349 3078 et
363 3036 424 3079 esse
438 3022 491 3091 sui,
512 3022 627 3078 sceleris
640 3021 688 3092 qui
707 3033 790 3078 cansa
804 3021 851 3089 sit,
867 3021 967 3091 inquit.
990 3041 993 3047 ·

807 283 978 340 GUthERll
996 277 1189 338 casinensis
1206 277 1355 336 monachi

1861 276 1933 334 1288

1101 521 1216 577 Foverat
1234 524 1261 575 et
1275 522 1402 586 matrem,
1421 533 1502 589 quam
1517 533 1552 575 ne
1567 519 1639 576 sinat
1653 521 1780 590 imperat.
1801 520 1873 592 Ergo

1101 609 1140 665 hd
1154 613 1269 665 matrem
1283 607 1374 676 redit;
1390 608 1451 679 ipse
1465 607 1519 665 sibi
1534 609 1591 679 jam
1606 623 1687 665 cansa
1702 609 1827 678 canendi,

1100 697 1315 784 Exemplumque
1334 697 1394 767 spei
1411 711 1586 770 quocumque
1606 698 1722 755 crimine
1736 698 1829 769 lapsis.

1496 788 1542 844 lll.

1188 877 1228 932 De
1242 877 1410 932 macedone
1421 877 1585 949 quorundum
1599 875 1837 935 Selerrtt'lnnnrune.

1100 964 1155 1022 lies
1169 976 1239 1021 noua
1253 979 1351 1038 magna
1365 966 1433 1022 satis
1447 967 1611 1037 perhibetur
1629 965 1700 1023 iacta
1719 967 1834 1036 Salerni,

1135 1051 1219 1112 Plena
1233 1054 1288 1126 piis
1302 1053 1441 1126 lacrymis,
1457 1055 1585 1113 laudibus
1599 1062 1627 1113 et
1641 1056 1769 1113 celebris.

1101 1146 1159 1201 Una
1173 1145 1272 1202 domus
1284 1144 1419 1216 locuples,
1439 1144 1575 1215 sublimis,
1595 1146 1677 1203 docta
1692 1151 1844 1219 potensque

1135 1236 1202 1291 Tota
1217 1233 1297 1291 simul
1312 1249 1399 1292 sacrae
1414 1235 1505 1292 induit
1519 1249 1594 1292 arma
1609 1241 1692 1308 togae.

1101 1327 1166 1382 llaec
1181 1325 1222 1381 nir
1241 1329 1269 1381 et
1280 1338 1350 1381 uxor
1365 1325 1607 1397 erat,'dilectaqne
1623 1327 1739 1398 pignora
1752 1333 1870 1398 septem,

1135 1414 1260 1484 Quinque
1280 1427 1380 1482 mares,
1400 1429 1483 1472 sexus
1496 1421 1599 1471 caetera
1612 1413 1735 1472 feminei.

1099 1503 1175 1574 Quis,
1195 1504 1268 1560 bone
1288 1505 1339 1573 nir,
1359 1505 1467 1561 Domini
1483 1504 1581 1562 melius
1597 1493 1623 1561 te
1635 1508 1713 1577 jussa
1728 1505 1855 1577 peregit?

1135 1592 1183 1649 Vel
1198 1593 1260 1664 quls
1275 1593 1435 1664 adimplevit
1447 1593 1491 1650 his
1504 1595 1542 1650 ita
1556 1595 1748 1666 temporibus?

1101 1687 1230 1749 Uxorem,
1246 1681 1381 1751 sobolem,
1397 1688 1568 1754 matremque
1582 1688 1745 1755 patremque
1759 1682 1889 1754 relinqui,

1069 1769 1090 1825 b
1134 1775 1168 1829 Et
1186 1773 1260 1843 quod
1276 1771 1359 1829 habet
1373 1785 1424 1843 pro
1439 1787 1469 1829 se
1485 1774 1617 1844 praecepit
1635 1765 1823 1845 Omnipotens.

1104 1863 1143 1918 lu
1162 1862 1243 1919 simul
1258 1861 1311 1918 ista
1326 1863 1432 1928 sinens,
1447 1869 1538 1920 tecum
1553 1861 1608 1920 lere
1622 1865 1715 1921 omnia
1733 1863 1853 1921 Christo.

1137 1951 1201 2008 Plus
1217 1951 1386 2024 evangelium
1401 1949 1483 2022 qnam
1498 1951 1575 2023 jubet
1589 1966 1655 2024 ergo
1674 1951 1752 2009 iacis.

1100 2042 1165 2109 Quae
1181 2046 1235 2097 um
1251 2039 1332 2097 dulce
1346 2043 1402 2097 heo
1417 2053 1491 2099 unnc
1506 2041 1587 2098 oilert
1605 2039 1708 2098 lamina
1726 2055 1835 2109 munus,

1135 2133 1210 2188 Uxor
1230 2130 1406 2202 magnanimi,
1423 2132 1478 2201 jam
1494 2143 1575 2188 soror
1588 2130 1649 2200 ipsa
1662 2130 1736 2187 riri?

1100 2219 1152 2287 Qui
1171 2219 1282 2276 suadet
1296 2234 1385 2288 rarus,
1405 2219 1493 2290 quise
1509 2233 1596 2291 prope
1611 2219 1705 2276 nullus
1718 2217 1852 2276 habetur:

1134 2309 1173 2365 Tu
1188 2315 1245 2376 tna,
1260 2315 1345 2380 tuque
1364 2313 1437 2376 tuos,
1453 2315 1536 2382 teque
1551 2309 1628 2366 dicas
1639 2309 1767 2366 Domino.

1098 2398 1168 2466 Quid
1182 2398 1249 2454 lecit
1262 2397 1379 2469 imperio
1392 2397 1433 2454 sic
1448 2404 1474 2454 te
1490 2395 1599 2455 deleme
1616 2402 1761 2469 parentum

1134 2487 1249 2558 Egregia
1264 2485 1367 2557 proles,
1383 2500 1447 2557 spes
1461 2493 1490 2543 et
1508 2487 1600 2543 honor
1617 2487 1736 2557 palriaet

1099 2576 1174 2632 AEtas
1187 2573 1235 2630 illa
1249 2575 1311 2643 tibi,
1332 2589 1406 2646 quae,
1426 2575 1520 2632 mnndi
1535 2573 1607 2632 lessa
1622 2574 1728 2643 labore,

1134 2665 1251 2736 Cogeret
1269 2664 1298 2721 id
1313 2677 1369 2721 non
1388 2668 1441 2733 est,
1457 2679 1521 2735 spes
1535 2668 1564 2721 et
1577 2664 1669 2722 honor
1683 2665 1789 2736 patriae.

1099 2755 1155 2811 Lex
1169 2769 1201 2810 ea
1220 2769 1275 2826 qua
1288 2753 1400 2810 soboles
1413 2753 1448 2810 ad
1467 2753 1554 2824 patris
1567 2753 1637 2810 nelle
1656 2753 1765 2810 dicatur

1135 2845 1206 2900 Nota
1220 2843 1271 2899 tibi
1290 2856 1346 2899 non
1361 2846 1413 2910 est,
1429 2856 1493 2913 spes
1508 2847 1536 2900 et
1549 2843 1640 2900 honor
1655 2844 1762 2912 patriae.

1100 2933 1171 2990 liuic
1184 2938 1275 2989 antem
1291 2932 1408 3003 imperio
1424 2932 1447 2988 si
1462 2932 1654 2990 contradicere
1668 2931 1763 3002 velles,

1135 3024 1172 3078 Te
1186 3021 1252 3089 sibi,
1269 3025 1295 3078 te
1311 3022 1399 3092 patria
1414 3021 1521 3094 legibus
1535 3022 1666 3092 eriperet.

233 3110 357 3178 ceditur,
373 3111 539 3182 insequitur,
554 3112 641 3182 magis
655 3111 783 3167 omnibus
797 3116 877 3182 urget
896 3117 924 3166 et
938 3124 1020 3167 nnus.
1070 3089 1135 3168 Cllt
1148 3111 1235 3180 patris
1250 3116 1278 3167 et
1292 3111 1387 3167 matris
1401 3111 1493 3167 minor
1506 3114 1580 3167 essct
1594 3110 1693 3182 gloria,
1709 3115 1784 3167 certe

158 3203 164 3230 ¹
233 3197 274 3254 hd
289 3196 350 3254 loca
363 3198 495 3253 Romanis
513 3198 624 3255 eicitur
643 3199 767 3268 proxima
782 3199 877 3255 muris.

234 3287 294 3344 Vox
306 3291 388 3344 sonat
401 3286 447 3343 hic
459 3300 465 3342 ε
484 3303 499 3340 n
513 3287 599 3342 Sinite
612 3309 619 3356 ;
637 3309 650 3339 a
667 3288 761 3344 stolidi
776 3302 885 3344 cessere
900 3302 1057 3359 parumper.

231 3375 285 3434 sed
297 3380 427 3447 repetunt
440 3377 569 3446 animam,
580 3375 645 3435 dum
654 3391 708 3435 nox
721 3377 795 3445 silet,
807 3385 890 3447 atque
905 3384 1057 3434 coarctant.

231 3467 343 3523 intonat
356 3466 417 3524 haec
436 3465 532 3522 eadem
547 3467 678 3537 proprior
692 3479 780 3538 mage,
794 3465 982 3536 terribilisque
996 3487 1002 3522 :

231 3553 380 3626 billuginnt
400 3568 495 3612 omnes
509 3555 609 3612 subitis
624 3556 778 3613 terroribus
789 3555 894 3623 hostes,

230 3644 287 3700 Nec
307 3644 435 3715 quatiunt
449 3643 566 3699 animam
578 3645 634 3714 jam
646 3651 741 3701 sancta
754 3657 823 3700 voce
837 3644 965 3700 solutam.

230 3734 271 3789 En
285 3733 378 3804 specie
392 3747 458 3790 vera
472 3735 583 3804 juvenis
596 3733 799 3804 pulcherrimus
813 3739 903 3790 astat:
1009 3799 1012 3810 Ι

229 3823 311 3879 Novit
324 3821 470 3895 apostolici
489 3820 603 3880 formam
621 3823 699 3893 qnasi
719 3823 852 3894 praescius
866 3823 923 3878 oris

229 3911 367 3982 Spiritus;
388 3912 463 3969 hunc
476 3911 613 3982 sequitur,
633 3925 719 3982 super
732 3911 818 3968 udus
837 3917 910 3968 tecta
928 3910 1038 3967 venitur

131 4071 135 4076 Ι
229 3998 367 4070 Principis
380 3999 512 4056 Ecclesiae
531 4001 690 4071 regnantis;
707 4002 735 4056 iu
750 4000 854 4057 uthere
872 4001 959 4056 blaten

229 4087 368 4160 virgineis
385 4089 487 4158 stipata
501 4088 595 4145 choris
608 4095 698 4146 astam
716 4089 840 4146 videtur.

229 4175 486 4244 decedittacobus,
502 4189 553 4246 pro
567 4179 642 4232 muta
656 4176 718 4232 labe
737 4184 876 4248 precator.

216 4265 313 4324 'dudit
331 4265 365 4322 ab
380 4249 429 4323 or'e
443 4264 509 4335 pio:
526 4268 633 4336 repetat
643 4264 696 4321 nisi
711 4278 812 4322 cunea
827 4263 955 4332 claustra,

228 4354 339 4411 Etcum
354 4366 437 4410 carne
451 4352 509 4409 luat
523 4350 624 4428 lactum
641 4367 704 4410 cnm
722 4366 805 4410 carne
820 4358 937 4422 reatum,

227 4443 289 4501 Non
308 4445 425 4500 animam
441 4447 517 4499 tanto
530 4439 684 4500 damnatam
698 4444 814 4500 crimine
828 4443 909 4502 solvi.

227 4533 300 4604 Ergo
319 4531 465 4602 repentino
480 4531 592 4588 rediens
602 4532 660 4604 lam
674 4531 762 4589 libera
780 4546 873 4601 cursu,

226 4621 314 4678 intrat
328 4619 482 4691 apostolico
502 4619 614 4677 dimissa
628 4620 730 4678 cubilia
749 4620 844 4679 ductu.

226 4709 340 4779 oscitat,
361 4708 486 4782 erigitur,
501 4708 635 4781 loquitur,
654 4709 834 4782 graditurque
853 4708 987 4767 cadauer:

226 4801 278 4858 hat
291 4815 338 4856 res
351 4799 411 4871 ipsa
425 4797 507 4856 fldem
522 4799 616 4868 sociis,
633 4813 696 4857 nam
714 4800 805 4858 vivere
825 4806 943 4857 cernunt

226 4891 312 4959 Quem
327 4890 421 4947 uidere
433 4890 522 4958 mori;
537 4889 586 4946 sed
601 4888 681 4946 testis
695 4889 754 4947 sola
769 4891 884 4947 cicatrix

216 4980 293 5037 Fsse
313 4984 405 5051 potest
423 4978 495 5046 aliis,
511 4992 574 5048 quae
587 4977 700 5036 vulnere
715 4978 756 5036 sic
775 4981 803 5036 iu
819 4985 937 5050 utroque

225 5068 364 5136 demitur,
380 5072 411 5125 ut
425 5065 507 5124 ulem
521 5066 585 5124 uitae
600 5068 656 5138 jam
673 5081 754 5126 nemo
769 5068 875 5125 redisse

225 5155 266 5214 hd
280 5157 479 5230 postliminium
494 5155 611 5212 dubitet.
629 5157 700 5214 Huic
718 5157 909 5214 cluniacensis

225 5247 352 5306 cenobii
365 5247 456 5305 vicina
470 5245 533 5303 loco
547 5245 610 5303 loca
625 5259 703 5304 sacra
718 5245 855 5316 iemntur,

225 5335 275 5391 Gui
291 5338 371 5393 Pater
385 5336 457 5394 haud
472 5337 548 5407 parvi
564 5335 654 5394 meriti
669 5336 711 5392 uir
727 5336 859 5408 presidet
876 5337 945 5407 Ugo.

225 5424 291 5480 llaec
310 5427 390 5496 petit,
405 5426 479 5483 huuc
493 5432 554 5484 orat
569 5426 693 5483 habiturn
712 5425 789 5493 dare,
810 5431 910 5483 cuncta
924 5422 1049 5496 proiesso

224 5513 291 5581 Quae
309 5513 362 5570 sibl
376 5515 561 5587 contigerant.
576 5517 658 5572 Pater
677 5521 705 5572 at
720 5515 868 5583 discretus,
885 5518 913 5571 et
926 5517 1004 5570 actus

159 5631 161 5636 .
224 5601 258 5659 lit
272 5613 364 5660 mores
381 5603 500 5662 hominis
509 5605 674 5677 perquirens
688 5605 756 5662 artis
770 5610 799 5664 et
813 5617 888 5674 usus,

1134 3202 1190 3259 Neo
1205 3200 1256 3255 tibi
1270 3204 1373 3271 praeter
1391 3212 1440 3256 eos
1453 3200 1553 3270 gaudia
1568 3199 1649 3270 plena
1662 3197 1763 3256 forent.

1099 3290 1155 3348 Lex
1165 3289 1213 3345 dat
1227 3292 1254 3346 et
1269 3303 1335 3345 usus
1349 3289 1432 3346 habet
1447 3290 1533 3360 patris
1548 3296 1579 3345 ut
1587 3288 1624 3344 sit
1638 3287 1711 3344 lilius
1723 3289 1829 3344 bures:

1136 3378 1219 3432 vobis
1232 3380 1275 3432 est
1287 3376 1388 3443 haeres,
1404 3377 1527 3447 germina
1542 3376 1625 3442 clara,
1647 3381 1735 3446 pater.

1098 3468 1266 3537 propensam
1281 3464 1455 3536 celeremque
1474 3465 1560 3523 uicem
1575 3478 1717 3535 sumpsere
1734 3470 1880 3536 parentes;

1133 3556 1190 3610 lmo
1203 3553 1290 3626 magis
1309 3553 1395 3611 multo
1415 3567 1496 3625 quam
1511 3553 1640 3610 dederint
1656 3553 1777 3625 capiunt.

1097 3644 1163 3712 Quae
1178 3643 1259 3699 datur
1272 3642 1409 3713 accipitur
1427 3641 1582 3699 certissimo
1597 3642 1689 3712 portio
1703 3655 1804 3697 rerum.

1132 3733 1200 3789 Nam
1213 3732 1268 3788 nisi
1281 3737 1401 3802 sumpta,
1415 3731 1512 3794 ,minus
1530 3744 1604 3788 nunc
1619 3732 1708 3788 aliena
1722 3729 1803 3788 ioret.

1096 3819 1243 3877 Enrernm
1258 3821 1396 3890 dominos,
1412 3821 1572 3878 dulcissima
1588 3822 1703 3892 pignora
1713 3827 1829 3890 septem,

1132 3913 1199 3969 Cum
1214 3913 1297 3968 rebus
1311 3913 1389 3982 quasi
1402 3926 1457 3979 res,
1478 3912 1563 3969 donat
1577 3919 1694 3983 uterque
1715 3924 1823 3981 parens.

1095 4001 1157 4057 Non
1171 4001 1256 4073 igitur
1270 4003 1409 4073 qnondam
1423 4002 1487 4073 plns
1501 4001 1600 4059 detulit
1616 4001 1663 4058 ille
1676 4000 1793 4073 parenti,

1131 4089 1182 4157 Qui
1199 4090 1359 4147 mactandus
1371 4089 1429 4146 abit
1448 4105 1503 4161 qna
1521 4096 1601 4148 uocat
1615 4091 1675 4160 ipse
1695 4102 1804 4160 parens.

1096 4180 1151 4235 llos
1169 4192 1280 4251 qnoque
1292 4178 1379 4250 patris
1393 4193 1470 4236 amor
1484 4179 1585 4236 Christi
1600 4178 1727 4235 mactavit
1740 4178 1775 4234 ad
1788 4190 1877 4245 aram,

1130 4268 1199 4323 llum
1213 4268 1354 4337 perimens
1369 4266 1482 4336 mundo,
1497 4282 1547 4324 vos
1561 4267 1640 4324 dedit
1653 4268 1712 4338 ipsc
1727 4268 1792 4323 Deo.

1094 4357 1117 4414 0
1135 4368 1212 4413 sacra
1225 4354 1315 4423 turba,
1332 4361 1420 4427 pater,
1436 4361 1588 4427 materque,
1606 4356 1741 4428 beataque
1754 4355 1858 4428 proles,

1061 4417 1086 4476 D
1131 4445 1196 4501 llaec
1212 4443 1257 4515 pla
1272 4451 1346 4512 sunt,
1363 4445 1435 4503 bona
1450 4450 1525 4515 sunt,
1540 4444 1613 4501 lacta
1627 4444 1757 4502 decentia
1773 4450 1849 4500 sunt.

1094 4533 1148 4590 sed
1164 4533 1284 4606 gaudere
1302 4533 1378 4603 licet,
1394 4534 1459 4605 quia
1474 4535 1587 4606 praemla
1602 4534 1799 4603 retribuentur,

1130 4624 1195 4692 Quae
1211 4623 1304 4680 nullus
1318 4637 1520 4692 sensus,·mens
1530 4637 1640 4696 quoque
1656 4623 1732 4680 nulla
1750 4622 1836 4694 capit,

1094 4712 1212 4781 Praedia,
1230 4712 1341 4781 lundus,
1361 4727 1437 4784 ager,
1452 4713 1534 4770 simul
1553 4713 1706 4770 estomissa
1721 4711 1860 4784 supellex,

1130 4801 1223 4859 hulcls
1236 4806 1265 4858 et
1278 4802 1396 4859 allectus
1410 4807 1521 4874 spretus
1534 4801 1674 4859 amicitiae.

1094 4891 1148 4948 Sed
1161 4890 1272 4947 dabitur
1285 4891 1395 4960 coelum,
1412 4891 1524 4948 dabitur
1542 4891 1685 4962 paradisus
1703 4895 1732 4946 ct
1744 4891 1803 4962 ipsc

1129 4980 1271 5047 Christus;
1294 4985 1322 5037 ct
1336 4981 1474 5038 aethereus
1488 4985 1576 5038 coetus
1594 4980 1698 5037 amicus
1712 4979 1775 5035 erit.

1093 5071 1178 5138 Quam
1192 5073 1258 5127 tnnc
1272 5068 1369 5126 ielices
1387 5071 1466 5127 eritis
1481 5069 1594 5142 laetique
1609 5075 1749 5141 parentes,

1128 5158 1276 5216 vobiscum
1290 5157 1402 5217 soboles
1415 5173 1476 5215 cum
1491 5173 1576 5230 super
1589 5163 1663 5215 astra
1676 5158 1769 5215 cluett

1092 5246 1126 5302 Et
1142 5260 1222 5318 quam
1242 5252 1309 5304 tunc
1323 5245 1390 5304 felix
1404 5248 1508 5319 poterit
1521 5248 1567 5320 pia
1581 5248 1662 5304 turba
1675 5245 1773 5315 videri,

1129 5337 1196 5392 Cum
1211 5349 1260 5394 nos
1273 5338 1346 5393 inter
1358 5350 1424 5395 ores
1438 5342 1533 5408 pascet
1542 5343 1659 5409 uterque
1673 5340 1792 5407 pareus!

1091 5425 1196 5493 Quanta
1215 5425 1316 5483 ducum
1330 5426 1430 5484 nestris
1445 5425 1575 5484 inviderit
1588 5425 1630 5482 ala
1646 5423 1804 5495 triumphis,

1127 5517 1226 5573 Vestro
1240 5529 1296 5573 non
1311 5517 1399 5573 nisam
1414 5531 1444 5573 se
1463 5517 1584 5574 dolitura
1599 5515 1702 5582 modo;

1091 5605 1157 5662 cum
1172 5611 1235 5676 post
1249 5604 1364 5664 delicies
1378 5605 1528 5677 mundique
1543 5609 1695 5677 sequantur
1708 5615 1845 5672 amorem,
