4160 6196
192 241 239 298 15³
307 305 313 310 .
895 253 980 310 εστι
998 253 1140 312 vernus.
1815 253 1865 310 154

190 399 1859 430 *w

530 511 856 601 BENEDICTIO
889 517 945 604 IN
980 517 1287 606 SOLUTIONE
1323 517 1522 604 SYNODI

491 689 547 762 (Εα
575 693 748 750 uetustissimo
775 695 924 768 Pontidccli
948 713 996 752 ars.
1026 696 1186 754 biliothecae
1211 697 1371 756 cathedralis
1399 696 1550 768 duroman.)

218 923 339 980 Christus
357 923 405 981 liei
424 926 520 995 Filius,
540 929 587 998 qui
606 935 650 985 est
667 929 776 988 initium
791 940 818 989 et
832 931 905 1002 linis,
924 934 1112 1002 com-Auerit
1144 934 1253 1006 evigilet
1281 935 1349 992 tides
1376 941 1476 1003 vestra,
1492 934 1640 1008 vigilantiae
1659 933 1803 1006 praemium
1827 933 1862 990 de
1897 908 1908 921 ⁸

184 996 345 1066 plemeutum
361 997 439 1053 vobis
453 997 557 1055 tribuat
570 1001 721 1058 charitatis.
741 1006 837 1060 amen.
1039 1006 1153 1062 domiuo
1173 1011 1327 1076 receptura.
1343 1009 1439 1063 limen.

218 1076 295 1146 245
316 1086 349 1141 Ει
386 1083 481 1142 uivus
504 1087 577 1213 Ραε,
592 1088 651 1160 nos]
676 1090 711 1146 ad
735 1092 918 1162 expletionem
940 1093 998 1166 iol„
1074 1087 1179 1156 Detque
1193 1085 1272 1142 vobis
1286 1089 1451 1155 potestatem
1471 1085 1641 1156 predicandi
1657 1086 1684 1140 iu
1703 1085 1862 1168 populosi

182 1099 387 1226 absolutiouenii
408 1158 491 1228 hujus
515 1160 570 1216 ecit
588 1162 730 1230 pervenire
750 1164 871 1230 concilii,
887 1165 998 1224 absolu·
1040 1157 1114 1227 duod
1137 1157 1200 1213 aliis
1218 1169 1266 1212 ⁰i⁰
1295 1157 1463 1226 difficilis,
1484 1159 1569 1212 wide
1596 1171 1706 1226 semler
1733 1161 1861 1213 ῑθῃθθῑῑδ·

183 1235 224 1282 tos
239 1241 287 1284 vos
301 1225 402 1283 clileiat
415 1229 450 1284 ab
464 1231 537 1286 omui
552 1237 633 1288 conta
653 1233 715 1289 ione
730 1234 834 1292 delicti.
848 1238 943 1293 limen.
1039 1233 1135 1286 Amen·

182 1369 187 1380 ῃ
215 1299 254 1380 nb
273 1299 346 1382 omui
365 1304 443 1356 reatu
463 1300 608 1358 liberiores
622 1247 722 1373 egdecti,
737 1305 856 1363 absoluti
878 1307 935 1380 [ol.,
952 1308 1000 1365 ad·
1076 1307 1407 1365 Exaudiatvosltomiuus
1421 1306 1449 1363 in
1466 1311 1519 1362 tem
1541 1321 1589 1363 ore
1605 1308 1740 1364 orationis
1752 1313 1862 1371 vestre,

178 1374 241 1436 Jutv]
260 1375 341 1425 etvarn
362 1385 412 1441 per
430 1372 533 1429 donum
551 1373 669 1444 Spiritus
692 1377 790 1444 saneti,
810 1377 885 1434 felici
909 1379 999 1436 reditu
1042 1385 1069 1438 et
1087 1381 1134 1436 det
1152 1379 1230 1436 vobis
1249 1379 1394 1436 eonsilium
1413 1322 1598 1444 rectituXiuis,
1620 1384 1650 1434 ut
1669 1380 1784 1434 evadere
1803 1392 1864 1433 me-

179 1447 327 1496 vcstrarum
342 1441 448 1498 sedium
468 1445 569 1501 cubilia
585 1448 716 1517 repetatis
734 1448 824 1504 illaesi.
841 1453 936 1505 Amen.
1041 1451 1156 1508 reamini
1175 1451 1340 1522 supplicium
1359 1449 1532 1506 Acherontis.
1548 1451 1644 1505 nmen.

213 1513 326 1582 Semper
344 1513 470 1582 proiciat
488 1530 554 1572 eura
573 1525 673 1584 vestra,
684 1525 715 1574 ut
729 1519 840 1589 quando
852 1521 937 1592 judex
955 1535 1001 1578 ve·
1077 1523 1154 1591 Quod
1170 1524 1229 1593 ipse
1245 1527 1376 1593 praestare
1390 1521 1529 1594 dignetur.

669 1793 997 1884 BENEDICTIO
1030 1797 1380 1884 EPISCOPALIS

611 1965 667 2030 rid
694 1968 827 2034 vuisaom
857 1969 893 2034 ira
925 1981 1017 2036 nocte
1049 1971 1244 2039 Nativitatiu
1273 1972 1425 2038 Domini.

817 2141 870 2208 (lia
888 2138 978 2194 codena
992 2137 1141 2207 Pontideoli
1155 2137 1218 2208 ms.)

204 2389 342 2460 Populum
370 2397 456 2457 tuum,
486 2406 653 2462 quaesumus,
673 2394 796 2460 Domine,
825 2393 872 2465 pio
901 2393 1071 2453 lavoreBex
1091 2386 1200 2458 Virgine
1219 2386 1306 2443 nasci·
1320 2389 1415 2443 Amin·

169 2473 354 2529 prosequere,
371 2475 421 2530 pro
433 2475 491 2586 guo
506 2463 634 2546 dignatus
648 2478 678 2520 es
697 2465 725 2519 in
739 2465 795 2548 'hac
813 2467 997 2522 sacratissima
1076 2467 1154 2538 246
1178 2476 1286 2531 utinam
1310 2480 1337 2531 ιθ
1363 2473 1575 2544 {redemptorem
1593 2485 1672 2530 suum
1692 2485 1801 2541 semper
1820 2471 1859 2526 pn.

168 2538 254 2587 ⁰0⁰ie
276 2536 348 2586 [ΜΠ]
368 2545 430 2586 ¹⁰1¹ss
453 2535 823 2602 0liiae80ssl¹³ffl01h¹b0l⁸·
844 2537 939 2592 Amen·
1040 2546 1154 2616 telligat,
1175 2553 1202 2602 et
1229 2552 1303 2602 tuam
1326 2546 1461 2602 veraciter
1488 2545 1602 2616 gratiam
1631 2541 1859 2615 comprehendat.

202 2613 226 2665 Α
246 2611 357 2666 cunctis
375 2625 437 2667 eum
460 2611 672 2669 adversitatibus
697 2621 809 2682 paterua
829 2614 931 2684 pietate
950 2629 999 2672 cu·
1040 2619 1135 2672 Amen.

168 2681 256 2749 stodi,
272 2694 324 2751 pro
338 2695 394 2752 qno
409 2683 437 2738 iu
453 2683 556 2740 mundo
571 2683 624 2740 lroc
644 2685 671 2740 iu
687 2689 811 2755 tempore
826 2685 955 2756 diguatus
970 2699 1000 2741 cs
1076 2687 1153 2754 Quod
1173 2687 1232 2757 ipse
1251 2693 1382 2757 praestare
1401 2686 1541 2758 dignetur.
1560 2688 1655 2742 limen.

665 2946 991 3034 BENEDICTIO
1024 2948 1371 3035 EPISCOPALIS

742 3120 991 3187 admiscente
1006 3120 1145 3188 Sublato
1160 3132 1282 3188 sancto.

822 3292 877 3358 (Ba
890 3290 980 3346 eodan
992 3290 1140 3362 Pontifieali
1155 3291 1213 3361 aas.)

204 3511 289 3578 Deus,
306 3512 352 3582 qui
373 3517 488 3568 mortem
508 3517 628 3568 nostram
652 3513 793 3583 ingressus
816 3512 918 3570 iuiemi
940 3514 1027 3575 lar-c
1072 3517 1105 3570 Et
1119 3515 1166 3584 qui
1184 3521 1210 3570 te
1226 3515 1372 3570 miseraute
1391 3514 1512 3570 revocati
1526 3518 1592 3569 sunt
1610 3514 1639 3568 iu
1655 3512 1782 3581 paradiso
1798 3527 1862 3583 per·

172 3587 229 3636 tara
259 3583 290 3638 iu
312 3583 364 3638 hac
388 3591 468 3639 nocte
492 3583 618 3640 devicisti
637 3585 738 3640 virtute
757 3584 859 3649 diviua.
886 3585 995 3654 suscipe
1039 3590 1121 3641 eunte
1142 3592 1267 3654 peccato,
1288 3598 1343 3640 nou
1363 3584 1477 3654 patiaris
1496 3583 1606 3640 exsules
1626 3583 1686 3638 lieri
1701 3589 1862 3639 renascente

173 3653 312 3721 propitius
332 3653 441 3710 lamiliae
466 3660 520 3710 tuae
543 3669 649 3724 praeces
672 3655 839 3711 humillimas
857 3661 922 3711 voto
941 3656 997 3710 sin·
1039 3657 1196 3712 commisso.
1214 3656 1310 3710 Amen.

173 3735 246 3778 cerae
265 3725 364 3780 mentis
383 3726 498 3781 oblatas.
515 3727 610 3782 nmen.
1074 3727 1108 3782 lit
1126 3726 1173 3796 qui
1194 3730 1220 3782 te
1239 3725 1323 3782 semel
1344 3731 1514 3797 agnoverunt
1530 3725 1599 3796 lma„
1619 3723 1737 3797 agnovit]
1758 3724 1863 3780 Princi-

208 3796 241 3850 ut
255 3808 327 3866 quos
344 3796 485 3853 veteribus
508 3797 624 3854 maculis
645 3797 817 3867 baptismatis
841 3794 998 3853 emundavit
1037 3811 1100 3868 pem
1124 3797 1311 3854 universitatis
1338 3803 1366 3853 et
1393 3797 1557 3865 llomiuum,
1593 3811 1732 3868 uunquam
1760 3796 1863 3853 invasis

173 3865 245 3920 unda
267 3872 386 3934 sacrata,
404 3882 453 3938 per
466 3867 603 3925 lavacrum
623 3873 678 3924 tuse
697 3869 879 3939 protectionis
893 3866 996 3924 anulio
1038 3869 1166 3926 sensibus
1173 3869 1199 3924 in
1210 3883 1240 3925 se
1250 3869 1466 3940 tyrannizantem
1476 3868 1598 3926 sentiant
1610 3869 1860 3926 inimicumllmeu.

174 3949 224 4004 pur
241 3939 292 4004 ati,
322 3939 391 3996 tales
417 3945 481 3996 ante
509 3947 537 3996 te
566 3946 769 4010 praesententur
795 3940 823 3996 iu
850 3939 996 4009 judicium,
1073 3941 1152 4008 Quod
1172 3941 1231 4010 ipse
1251 3945 1382 4011 praestare
1402 3941 1540 4013 dignetur.

173 3953 266 4076 quafes
281 4023 355 4066 nune
371 4019 565 4080 processerunt
579 4025 613 4068 ex
627 4010 775 4082 baptismo.
791 4014 887 4068 nmen.
1074 4011 1235 4068 Benedictio
1253 4012 1301 4069 liei
1321 4012 1409 4068 Patris
1427 4017 1454 4070 et
1474 4013 1546 4069 vitii.

836 4265 1014 4351 VETUS
1047 4265 1197 4352 ORDO

337 4438 387 4504 Ad
404 4439 637 4507 irasiiiuendum
654 4439 844 4506 canonicum
858 4439 1045 4527 regularem
1060 4441 1092 4506 iu
1108 4441 1248 4507 ecclesia
1264 4441 1297 4508 S.
1316 4441 1419 4508 Laudi
1435 4438 1697 4528 Rotomageusis.

768 4582 822 4648 (Ec
840 4596 887 4638 vrrs.
905 4582 993 4637 rodim
1007 4580 1122 4652 cjmden
1137 4581 1274 4656 ecclesio.)

210 4813 436 4894 altissodor
461 4822 594 4905 soritium
616 4821 796 4893 relipiosorurn
820 4809 1031 4906 professoran
1077 4807 1189 4889 ilignis
1207 4806 1348 4892 fliminis·

175 4894 316 4949 usandum
334 4908 409 4949 usum
427 4894 519 4951 Sancte
540 4894 623 4950 ιαατιὶ
641 4897 847 4964 liotomcpcnscs.
1076 4878 1206 4935 Μῑὸθΐθῑθ
1224 4891 1288 4946 ³¹0¹·
1309 4880 1390 4935 ⁰³³⁵·

210 4965 321 5021 Veniens
334 4966 446 5021 αοαιιίαε
458 4969 519 5036 post
532 4964 689 5036 αιιατιοτὶαατ
704 4966 790 5022 misse
804 4980 861 5020 cum
875 4964 999 5034 mapistro
1077 4950 1148 5031 Ecii
1168 4963 1248 5019 quam
1268 4950 1381 5040 bouum.
1433 5018 1438 5030 ,

175 5051 221 5090 svo
236 5041 300 5090 ante
314 5036 399 5106 oropus
414 5035 510 5104 altare,
523 5037 594 5092 dicet
608 5037 722 5094 stando:
1076 5020 1177 5076 Demi
1196 5025 1305 5104 iamir*
1326 5023 1410 5076 ⁵⁰⁸⁰⁰
1431 5031 1511 5086 Μ·
1525 5020 1606 5076 ⁰⁰⁰⁸·
1752 5087 1757 5100 .
1844 5086 1850 5100 .

209 5105 326 5178 Suscipc
341 5109 532 5177 medemiuc,
547 5109 698 5166 secundum
713 5107 854 5179 eloquium
868 5111 956 5175 tuum,
972 5116 1001 5165 et
1076 5093 1172 5174 ‚Plilssa
1195 5091 1289 5148 iilam
1317 5106 1334 5147 θ
1359 5091 1409 5173 ‘¹¹¹9
1481 5095 1603 5174 illimis
1625 5086 1779 5172 “iiiiiJ‘ffl
1803 5088 1862 5172 Diis

176 5177 275 5234 pipam,
562 5248 568 5260 ι
1042 5161 1135 5246 deinde
1146 5161 1287 5290 imm
1309 5160 1445 5218 ieredveat
1466 5161 1581 5219 lautum
1602 5160 1737 5230 relrproma
1753 5157 1807 5240 ¹sul
1830 5173 1864 5216 us

211 5247 354 5305 Flectendo
368 5263 452 5318 penno
465 5265 526 5315 cuc,
541 5249 631 5304 dtcut:
1041 5239 1146 5318 imiimi
1208 5277 1213 5290 ·
1419 5305 1425 5318 ,
1589 5302 1595 5316 ,
1626 5302 1631 5314 ,

211 5322 245 5375 Et
264 5333 322 5376 110ss
340 5319 493 5378 COsssssssllaS
513 5333 555 5376 me
574 5321 609 5375 ab
627 5321 832 5390 exspecffltione
852 5335 921 5378 mea·
1077 5306 1189 5376 Signum
1212 5303 1320 5362 Domini
1339 5309 1426 5362 nostrl
1450 5307 1513 5362 JOSU
1532 5305 1633 5362 Chl'lstl
1656 5300 1752 5357 damus
1780 5313 1864 5371 8111)θῖ

214 5393 265 5473 Ter
284 5391 354 5448 diem
372 5391 439 5448 iaaac
456 5407 568 5448 ααεαατ.
589 5391 675 5447 Finito
690 5406 775 5458 amru,
788 5398 880 5449 cantor
893 5392 1001 5476 incipiat
1041 5394 1112 5450 hauc
1125 5399 1227 5450 vestem
1242 5393 1277 5449 ad
1290 5395 1500 5452 custodiendum
1520 5383 1598 5455 248
1619 5391 1740 5476 divinum
1761 5403 1863 5474 propo·

178 5461 346 5534 serapionem
362 5485 370 5518 :
385 5464 571 5533 suscepimus,
591 5463 672 5529 Deus,
688 5477 745 5517 cum
762 5463 854 5522 Gloria
875 5467 960 5532 Palu,
976 5470 1000 5521 ct
1040 5465 1134 5533 situm,
1150 5469 1178 5522 et
1193 5469 1223 5520 ut
1245 5465 1364 5536 Spiritus
1386 5471 1501 5526 suuctus
1519 5468 1615 5535 regnet
1633 5477 1662 5522 vu
1679 5463 1763 5522 caude
1782 5468 1810 5519 et
1833 5475 1860 5516 ru

177 5537 270 5603 posteo
286 5533 377 5590 iterum
395 5537 580 5606 suscepimus,
601 5535 681 5590 lteus.
701 5533 785 5588 idem.
1041 5549 1159 5607 corpore
1177 5537 1364 5608 suscipientis.
