4034 6152
74 199 141 258 1005
165 195 168 202 ’
326 205 353 259 S.
374 204 519 261 suanum
536 207 676 268 multis
693 209 955 272 stium-tinterna
973 213 1059 274 vila.
1080 241 1115 256 ·-
1133 214 1315 272 emuntur.
1336 217 1489 276 PRAEVIAE.
1685 219 1754 278 1006

70 331 227 384 tamennon
247 339 333 400 pauca
348 335 506 399 supersunt,
518 330 547 388 in
566 332 667 402 quibus
681 335 741 404 ipse
755 335 1047 408 GeraldusAaiiquod
1079 336 1205 408 lacessit,
1234 340 1282 410 qui
1314 339 1405 400 lecum
1421 341 1448 400 in
1477 355 1532 416 qno
1558 344 1754 402 monasterium

70 420 182 474 testatur
213 429 265 488 se,
300 415 414 476 dimisso
433 419 525 480 Sancti
558 421 695 482 Vincentli
727 426 887 486 monasterii
934 425 1093 485 struebatur
1111 426 1163 488 sibi
1179 427 1451 500 volebatvindicare,
1468 429 1544 502 quod
1570 444 1674 488 unuse
1697 434 1755 490 suis

69 503 256 562 laudunensis
283 504 431 578 regimine,
452 511 515 576 post
533 509 621 568 varias
646 511 891 582 peregrinationes,
934 513 1077 574 monacbis
1098 513 1184 584 illurn,
1201 517 1371 578 eoncedente
1399 517 1580 580 Ermentrude
1610 525 1752 590 matrona,

69 606 129 664 quae
161 593 189 647 in
223 598 339 668 utraque
363 595 424 652 Vita
448 594 607 670 singillatim
640 604 829 669 recensentur,
864 600 892 656 in
934 601 1093 674 aliquandiu
1122 603 1311 664 inhabitasset.
1332 607 1365 665 dt
1385 604 1430 662 iile
1459 621 1540 664 causa
1567 606 1677 668 cecidit.
1698 611 1756 678 Qua

67 679 237 754 Aquilissliffl
270 682 447 752 perlinisse,
480 684 558 756 ³⁰80
586 685 749 758 delardus,
783 687 830 758 qui
864 687 891 744 in
932 705 998 754 rere
1012 693 1120 752 radone
1132 692 1265 756 beraldus
1279 692 1355 753 illum
1370 693 1479 756 tandem
1495 695 1576 768 plene
1592 696 1752 766 obtinuerit,

68 768 307 830 obseruationibus
326 770 360 827 ad
376 771 600 843 bartprologium
620 771 830 836 benedictinum
856 776 890 836 ad
932 793 966 840 ex
985 780 1128 851 ipsiusmet
1142 783 1311 849 narratione,
1332 797 1394 854 quae
1418 783 1447 844 iu
1470 783 1613 846 chartario
1637 785 1754 843 Silsensi

69 857 138 916 diem
154 858 278 930 quintam
292 856 394 932 Aprilis
410 858 483 916 bunc
499 860 568 918 bitae
582 863 670 934 sancti
680 863 783 922 brnulll
799 863 890 922 locum
931 866 1059 939 babetur,
1074 871 1266 943 recipiendum
1279 876 1331 932 est.

68 945 169 1017 laudat,
198 947 289 1008 innuit
317 948 391 1007 bunc
422 948 513 1010 locum
542 951 576 1007 de
605 955 700 1010 sancto
719 952 836 1012 deraldo
855 953 889 1011 ad

68 1035 290 1096 suessionensem
323 1037 460 1096 abbatiam
493 1037 583 1098 eleeto
615 1040 650 1100 ab
678 1042 890 1102 amanuensibus
969 1048 1074 1114 «cum,
1095 1047 1261 1118 inquieeqo
1284 1047 1426 1120 Goraldus,
1448 1047 1651 1122 licettnuigne,
1667 1051 1752 1110 annas

66 1124 186 1184 additum
215 1124 312 1198 luisse,
332 1127 407 1198 quud
437 1127 515 1198 nibil,
536 1129 637 1200 inquit,
667 1129 695 1186 in
715 1131 774 1192 Vita
801 1132 889 1194 saneti
930 1135 1102 1205 appellatus,
1138 1137 1255 1207 primum
1282 1137 1310 1196 in
1342 1136 1588 1209 Silvam-Majorem
1616 1141 1751 1200 venissem

67 1213 173 1272 Geraldi
193 1213 283 1274 simile
307 1215 473 1286 reperiatur.
497 1217 532 1275 dt
550 1219 718 1288 conjecturae
734 1218 798 1280 buic
818 1234 887 1278 con·
930 1238 992 1286 eum
1007 1225 1241 1287 commilitonibus
1253 1225 1331 1296 meis,
1347 1233 1375 1284 et
1388 1227 1418 1287 iu
1436 1226 1509 1298 lecu,
1529 1228 1576 1302 qui
1599 1228 1751 1304 antiquitus

67 1302 176 1362 tradioit
190 1309 314 1362 ueterum
328 1303 455 1364 codicum
471 1306 633 1376 auctoritas,
656 1307 690 1366 ad
710 1321 781 1378 qnos
800 1309 888 1370 vitam
929 1313 1084 1386 appellatus
1098 1321 1140 1372 ost
1158 1315 1367 1384 bitus-villarie,
1381 1316 1461 1375 nobis
1475 1330 1618 1379 remanere
1632 1318 1751 1390 placuis-

65 1391 136 1450 beati
150 1390 256 1450 arnulli
280 1391 513 1466 contulimusin
537 1394 639 1465 quibus
667 1396 795 1458 omatibus
813 1396 888 1457 beati
929 1409 981 1472 set,
997 1404 1173 1474 quaesivimus
1188 1418 1364 1475 possessores
1382 1403 1436 1467 loci
1455 1405 1553 1476 ipsius,
1575 1411 1605 1465 ut
1624 1407 1750 1478 ipsorum

65 1478 191 1550 Gsrddi,
228 1480 276 1552 qui
309 1485 406 1560 postea
438 1481 644 1554 Silvae-blaineis
675 1485 717 1546 io·
741 1487 887 1556 Aquitania
929 1493 1108 1556 concessione
1123 1493 1162 1554 tbi
1178 1494 1301 1556 babitare
1318 1508 1469 1564 possemus.
1486 1495 1550 1556 Erat
1569 1495 1679 1566 quidam
1698 1497 1750 1566 vir,

65 1569 225 1628 morrasterii
243 1575 341 1628 auctor
358 1569 420 1640 luit,
446 1571 479 1628 ad
508 1572 601 1634 &usti
630 1573 749 1634 blederdi
765 1575 886 1645 regimen
929 1581 1040 1642 nomine
1059 1583 1205 1654 numerius
1223 1582 1258 1638 da
1272 1582 1369 1654 mons,
1385 1584 1464 1652 enjus
1483 1587 1542 1644 erat
1555 1583 1642 1654 ipsius
1655 1583 1752 1643 allodii

66 1656 162 1716 electio
179 1659 277 1718 iisdem
291 1658 383 1722 verbis
396 1665 479 1731 atque
493 1661 592 1722 eodem
608 1662 689 1722 modu
704 1662 1070 1739 describitur.ilmedietas,
1091 1685 1153 1732 nam
1182 1670 1298 1734 ulterius
1317 1669 1472 1733 medietatis
1495 1670 1573 1732 multi
1601 1673 1751 1745 participes

66 1747 148 1806 Porro
184 1747 323 1808 lisiardus
356 1748 404 1820 qui
436 1749 508 1809 bane
536 1752 622 1812 Vitam
651 1754 825 1824 recognovit,
860 1760 887 1810 et
930 1765 1027 1828 eraut;
1048 1759 1098 1824 ssd
1117 1760 1152 1816 ad
1170 1759 1260 1829 ipsum
1288 1759 1446 1832 autpertum
1471 1759 1578 1832 justitia
1597 1763 1625 1817 et
1644 1759 1751 1822 decima

66 1835 213 1904 caeruleos,
242 1837 348 1908 priore
380 1839 441 1908 ojus
468 1845 574 1907 auctor.
603 1840 693 1904 beatis
718 1841 832 1904 brutio
860 1847 888 1902 u
929 1847 1123 1910 terroremue
1138 1849 1325 1918 pararnonem.
1345 1849 1504 1920 utererque
1529 1847 1684 1922 nouerim,
1705 1848 1751 1907 ur-

64 1925 179 1984 deraldo
199 1925 320 1998 &illlis
337 1924 425 1996 subii.
446 1935 473 1986 ⁰²
489 1928 609 1999 utrique,
623 1928 663 1990 uti
678 1930 818 2000 conjicere
832 1935 885 2000 est.
927 1938 989 2000 uina
1004 1937 1186 2008 inspiratione
1202 1943 1368 2007 preventus,
1379 1936 1514 2009 quidquid
1528 1935 1555 1998 in
1571 1937 1632 2008 ipso
1647 1935 1750 1998 allodio

64 2028 116 2074 non
130 2015 232 2088 ignoti.
247 2015 387 2074 Lisiardus
401 2017 516 2089 quippe,
528 2017 601 2076 beati
615 2018 720 2078 arnolti
733 2019 887 2092 discipulus
927 2024 1047 2088 babebat
1063 2026 1143 2088 nobis
1163 2025 1285 2088 donavit.
1307 2024 1439 2086 Similiter
1462 2023 1597 2086 Olirarius
1611 2025 1646 2082 de
1665 2026 1751 2084 Turre

64 2111 90 2160 et
107 2104 141 2162 ab
162 2117 197 2162 eo
212 2103 240 2164 iu
255 2104 455 2166 subdiaconum
475 2106 618 2168 ordinatus
636 2107 709 2178 apud
725 2109 887 2174 Suessiones
927 2118 956 2168 et
974 2111 1074 2168 iratres
1104 2115 1164 2182 ejus
1187 2113 1348 2174 Goiltetmus
1365 2112 1528 2182 Guilirandi,
1550 2120 1578 2170 et
1595 2113 1752 2180 ernaldus,

63 2199 119 2254 erat
138 2193 194 2252 boc
213 2193 274 2264 ipse
294 2201 417 2265 tempore
451 2209 506 2267 quo
538 2195 671 2258 deroldus
699 2197 726 2252 in
758 2198 885 2260 abbatem
927 2201 1066 2263 Ostendes
1084 2215 1195 2272 quoque
1215 2207 1243 2257 et
1262 2200 1422 2259 Bonmlusus
1440 2200 1475 2260 de
1494 2206 1590 2258 sancto
1609 2201 1749 2267 severino,

63 2283 153 2340 Sancti
169 2282 291 2344 medardi
307 2283 412 2344 eiectus
430 2284 514 2346 luisse
534 2285 646 2346 dieitur.
667 2285 807 2349 liarinllus
820 2301 886 2346 vero
929 2295 957 2346 et
967 2288 1015 2352 elii
1030 2287 1152 2360 plurimi,
1163 2290 1211 2360 qui
1226 2295 1332 2358 partem
1346 2289 1501 2350 clamabant
1515 2288 1543 2346 lu
1559 2289 1620 2360 ipso
1635 2289 1750 2359 allodio,

63 2373 132 2442 apud
163 2371 316 2436 centulam,
346 2373 394 2432 ubi
427 2371 508 2432 ultam
536 2373 715 2432 monasticam
745 2372 886 2442 protessus
928 2377 1064 2449 quidquid
1080 2377 1119 2434 ibi
1134 2376 1273 2436 habebant
1287 2377 1373 2434 iibere
1389 2377 1470 2440 mobis
1484 2375 1664 2435 donaverunt.
1677 2379 1752 2436 luter

63 2467 112 2527 est,
134 2459 443 2527 monsbarrensium
467 2460 702 2531 apudcorbeiam
725 2462 885 2526 monasterii
926 2479 997 2538 quos
1016 2465 1141 2536 quadam
1170 2471 1294 2528 matrona
1328 2464 1389 2534 init,
1419 2464 1529 2526 nomine
1557 2466 1751 2537 ermengardis

63 2547 264 2618 negotiamur
293 2549 626 2620 temporisprceurante.
650 2551 827 2621 Nubilaque
851 2551 885 2612 de
926 2553 960 2616 de
978 2553 1086 2622 cistris,
1106 2567 1169 2624 qum
1203 2555 1285 2615 otiam
1314 2558 1420 2626 partem
1452 2568 1528 2616 suam
1562 2554 1643 2612 nobis
1662 2553 1749 2614 dedit.

63 2635 275 2700 praelectione
302 2637 431 2700 dubitare
449 2637 534 2706 licem
564 2643 592 2700 al
620 2637 700 2702 laeile
719 2639 885 2702 credideriut
927 2640 980 2700 Sed
1000 2640 1061 2704 bae
1079 2647 1204 2702 matrona
1232 2639 1261 2702 in
1290 2643 1342 2701 bae
1369 2656 1418 2701 sua
1445 2647 1523 2712 perte
1553 2641 1751 2704 habitationem

64 2725 207 2786 deroldum
240 2725 323 2796 hujus
354 2727 471 2788 abbatiss
510 2727 713 2797 possessiouem
745 2742 885 2799 nunquam
927 2729 1042 2790 dederat
1074 2730 1182 2792 cuidam
1220 2731 1355 2796 monacbo
1388 2730 1571 2792 llaliiaceneis
1604 2731 1748 2802 eoeoobii,

64 2816 174 2884 iniisse;
191 2815 357 2886 probibente
371 2816 479 2878 seilicet
497 2817 596 2876 Pontio
619 2817 779 2882 monasterii
804 2818 884 2882 iuva·
926 2819 1077 2880 solitariam
1092 2819 1173 2876 vitam
1202 2819 1304 2883 ducere
1323 2820 1436 2886 uolenti,
1458 2833 1489 2876 oa
1509 2825 1610 2890 tamen,
1627 2824 1657 2876 ut
1675 2818 1749 2877 lere-

64 2918 141 2971 sore,
175 2905 224 2974 qui
253 2905 341 2966 metae
374 2905 478 2976 reglum
506 2906 612 2975 potenti
638 2904 744 2974 iratus,
774 2907 884 2970 beatum
927 2907 1017 2980 batur,
1038 2907 1209 2976 conditione,
1240 2908 1362 2986 quandiu
1387 2907 1425 2966 ibi
1444 2907 1575 2966 voluisset
1604 2906 1747 2966 babitare:

66 2994 148 3054 rimu
169 2994 334 3056 exturbavit.
355 2996 411 3056 Nee
435 2994 515 3066 plura
536 2983 975 3066 innuereridetorauetorflqut
994 3010 1055 3060 cum
1085 2997 1123 3059 ibt
1152 2997 1277 3058 babitans
1306 2995 1446 3068 erupisset,
1475 3009 1508 3052 ae
1536 2996 1687 3055 oratorium
1715 2997 1749 3054 de

65 3083 128 3140 titre
151 3084 241 3144 sancti
265 3082 380 3144 arnoll.
405 3084 483 3144 Unde
507 3085 606 3148 mirum
625 3099 681 3148 uon
706 3091 748 3146 est
772 3085 795 3140 si
817 3085 884 3146 bitu
927 3089 1000 3144 terra
1014 3083 1135 3154 lecisset,
1166 3084 1245 3146 loeus
1272 3085 1332 3161 ipse
1351 3083 1385 3143 ad
1405 3083 1569 3144 manendum
1589 3081 1629 3144 illi
1649 3083 1749 3156 displi-

64 3171 133 3230 beati
148 3172 259 3233 Geraldi
273 3173 436 3242 scriptores,
456 3173 511 3233 into
536 3175 638 3244 etipse
660 3173 803 3238 deroldus.
824 3173 886 3232 ele·
926 3174 993 3240 cuit,
1014 3173 1268 3245 habitationemque
1288 3175 1316 3232 iu
1335 3173 1391 3230 alio
1410 3172 1553 3232 territorio
1572 3173 1696 3244 mutarit,
1717 3189 1749 3230 ac

65 3261 159 3320 edonis
182 3261 267 3331 butus
294 3275 428 3332 nusquam
458 3263 643 3330 meminerint.
675 3277 756 3334 quam
786 3276 884 3332 nempe
925 3260 1013 3330 ipsam
1043 3261 1187 3332 capellam,
1216 3275 1298 3333 quam
1318 3261 1431 3327 lecerat,
1457 3260 1592 3319 desertari
1612 3260 1747 3332 permisit.

65 3363 275 3410 commemorare
307 3350 375 3412 nibil
412 3351 554 3412 intererat.
584 3354 650 3414 Nam
682 3352 814 3414 Geraldus
850 3351 884 3412 ad
927 3350 978 3409 liic
991 3365 1053 3408 eum
1068 3351 1190 3414 audisset
1208 3349 1283 3420 qued
1301 3349 1382 3408 nubis
1402 3353 1488 3410 totum
1507 3346 1638 3406 alludium
1658 3346 1748 3405 doua-

66 3441 221 3500 nouasterii
251 3441 374 3511 regimen
404 3453 544 3509 nunquam
571 3441 718 3508 admissus.
752 3441 821 3504 nibil
845 3441 884 3502 tbi
926 3441 983 3498 tum
999 3444 1082 3506 esset,
1102 3453 1154 3500 nec
1181 3437 1384 3508 suppentonia
1403 3439 1517 3509 exceptu
1545 3433 1651 3504 lubset,
1681 3436 1749 3495 abitt

67 3529 337 3600 memoratudiqnnm
351 3543 433 3600 agera
450 3530 549 3599 potuit,
564 3527 641 3600 quod
655 3544 670 3586 o
685 3531 753 3590 vitae
767 3530 885 3601 scripto·
925 3527 960 3587 ad
980 3541 1060 3590 soum
1079 3527 1217 3596 abbatem,
1233 3526 1344 3590 nomine
1364 3527 1527 3596 drogonem,
1548 3523 1643 3593 reique
1662 3531 1748 3597 qesta

67 3615 138 3674 ribus
155 3623 355 3684 enarraretura
377 3631 439 3678 curn
462 3631 527 3678 uero
555 3631 588 3678 ea
616 3617 805 3678 tantummodo
824 3617 883 3686 ipse
925 3615 966 3676 ilii
986 3616 1119 3676 indicarit
1138 3615 1274 3676 ordinem.
1295 3614 1345 3682 Qui
1365 3612 1451 3670 abbas
1466 3612 1501 3668 ad
1530 3611 1678 3672 concilium
1697 3627 1747 3668 re-

67 3705 192 3764 Gerddrm
219 3708 247 3764 in
277 3706 468 3766 instrumentis
486 3705 690 3782 Silt'ae·liilj0rid
723 3706 883 3775 scripserit,
926 3704 976 3771 nit.
993 3706 1067 3775 quod
1082 3720 1116 3765 eo
1132 3711 1257 3775 tempore
1276 3705 1305 3766 io
1324 3701 1513 3774 Burdiqaleusi
1538 3700 1606 3764 urbe
1632 3698 1694 3774 luit,
1714 3715 1747 3762 ac

68 3805 124 3860 qua
157 3801 223 3864 post
253 3792 408 3856 abdicatam
440 3794 651 3854 Laudunensem
683 3793 820 3864 abbatiam
857 3794 882 3853 oi
923 3794 959 3854 de
974 3795 1055 3854 nobis
1073 3793 1149 3866 quod
1168 3793 1364 3856 eeclesiaesum
1380 3790 1582 3862 possessionem
1602 3789 1748 3852 inuasisse-

67 3881 246 3952 eontiqeraut,
275 3883 345 3944 nibil
368 3883 404 3944 de
432 3883 537 3944 illaad
566 3883 762 3941 monasterium
790 3883 882 3944 Saned
924 3897 985 3944 mus
1010 3883 1051 3944 ibi
1069 3884 1271 3954 querimoniam
1291 3881 1366 3944 lecit,
1386 3885 1420 3940 At
1439 3893 1490 3938 nos
1517 3879 1747 3950 mosterolenses

69 3968 180 4030 ladardi
200 3969 338 4032 electione
366 3971 459 4032 dicere
486 3971 675 4042 debuitque
708 3971 883 4032 uerisimilius
923 3974 1016 4032 omnia
1043 3972 1200 4043 relinquere
1232 3985 1313 4042 quam
1345 3971 1497 4042 quidquam
1515 3982 1576 4026 cum
1609 3967 1658 4030 lite
1677 3969 1747 4029 reti·

69 4055 132 4116 uota
150 4061 261 4120 ridetur
277 4067 341 4122 anto
364 4061 435 4120 hane
460 4061 674 4129 abdicationem,
699 4076 762 4122 eum
784 4075 882 4122 meua·
923 4075 1000 4129 nere,
1026 4063 1129 4133 quippe
1158 4063 1205 4132 qui
1235 4066 1330 4121 nostra
1349 4059 1551 4126 dimiseramus,
1577 4071 1627 4128 pro
1647 4059 1745 4130 acqui-

69 4145 174 4208 eborum
189 4163 304 4209 suorum
319 4149 490 4210 infidelitatis
504 4155 639 4220 pertusus
661 4150 696 4208 de
721 4149 774 4210 loci
794 4155 883 4212 mula·
923 4151 1009 4214 rande
1028 4165 1095 4222 pace
1124 4152 1279 4222 rogavimus
1298 4150 1429 4209 domnum
1447 4151 1572 4210 amatum
1591 4148 1745 4205 nonarum

70 4235 137 4294 icoo
155 4238 300 4311 cogitaret.
318 4240 465 4309 Utriusque
488 4238 561 4298 euim
585 4239 655 4300 vitm
677 4245 774 4303 auctor
797 4253 879 4310 eum,
922 4239 1052 4310 ternum,
1083 4255 1116 4298 ae
1135 4241 1264 4302 domnum
1283 4238 1457 4298 cuilleimum
1480 4249 1586 4307 magnae
1605 4235 1744 4298 memoria

69 4322 173 4386 dimisso
211 4329 400 4388 mulonemte
429 4330 587 4388 monasterii
615 4329 758 4402 regimine,
789 4300 1076 4399 eutilequionia
1094 4329 1193 4388 dooem
1221 4328 1404 4396 comitemque
1438 4325 1635 4388 Pieurensem.
1665 4323 1745 4392 cujus

68 4412 161 4473 ablbse
179 4422 416 4486 commemorent;
432 4417 510 4475 addit
523 4417 653 4476 secundae
676 4419 745 4478 vitae
768 4424 881 4484 auctor,
922 4417 1040 4476 oonsilio
1055 4423 1083 4474 et
1101 4418 1204 4475 auxilio
1219 4418 1247 4474 in
1267 4415 1400 4487 praedicto
1419 4413 1482 4474 loeo
1505 4423 1742 4480 remanseramus,

69 4500 94 4556 id
112 4517 126 4558 o
147 4506 264 4564 Gerslm
292 4505 393 4564 motum
420 4504 515 4572 ianm,
536 4511 566 4562 ut
585 4506 620 4564 od
634 4519 756 4566 eremum
774 4519 881 4564 moon·
922 4511 1058 4577 quatenos
1072 4505 1112 4563 illi
1136 4507 1170 4564 ab
1194 4506 1255 4576 ipso
1282 4505 1381 4564 abbate
1409 4503 1589 4572 impetrarent
1608 4506 1637 4588 nt
1656 4499 1744 4570 ipsam

69 4587 155 4648 terret.
187 4593 242 4650 sed
275 4593 309 4650 de
341 4597 401 4666 ejus
428 4594 501 4665 apud
534 4593 781 4664 siluam-Maiorem
795 4595 881 4665 pestis
922 4595 1084 4665 particulam
1099 4596 1181 4654 nobis
1195 4609 1257 4652 cum
1272 4609 1338 4665 paee
1354 4591 1516 4658 dimitteret,
1528 4587 1602 4649 uude
1615 4585 1745 4650 uidelicet

70 4681 145 4738 ΝΜΟ
157 4683 295 4754 mendum
309 4689 362 4743 ⁶⁸2·
923 4681 992 4740 nibil
1007 4683 1122 4753 prodcni
1138 4685 1263 4750 baberet,
1283 4697 1335 4742 nen
1354 4681 1440 4752 magis
1459 4679 1497 4740 ibi
1523 4675 1642 4735 mnarum
1662 4687 1743 4746 quatu

99 4770 126 4826 l.
145 4773 248 4830 irater
262 4787 294 4830 ea
308 4787 370 4844 qua
384 4772 420 4830 de
435 4771 508 4830 boatl
526 4772 636 4830 Gemini
660 4772 689 4830 lo
707 4772 881 4842 Aquitaniam
922 4773 1062 4834 bominum
1080 4787 1113 4830 ao
1127 4775 1183 4832 beo
1197 4772 1374 4833 servientium
1389 4767 1585 4830 habitationem
1604 4764 1743 4835 diligeret.

70 4856 189 4929 adventu,
219 4867 248 4918 et
270 4861 479 4932 silum-ualens
505 4861 665 4920 memsterii
693 4861 780 4920 initiis
798 4861 881 4920 babet
921 4862 976 4920 Sed
990 4862 1038 4924 ille
1051 4863 1086 4919 ab
1101 4863 1146 4919 his
1160 4869 1188 4918 et
1201 4863 1236 4918 ab
1250 4861 1312 4921 aliis
1327 4857 1452 4929 pluribus
1467 4855 1606 4927 episeopis
1620 4859 1648 4932 at
1662 4853 1744 4910 bonis

70 4953 158 5004 auctor
176 4951 256 5016 Vitia,
276 4950 360 5010 multa
383 4951 516 5010 discimus
538 4951 732 5010 exactoribus
759 4949 880 5019 ejusdem
921 4951 1154 5022 virlspnstuiatus
1166 4943 1742 5021 responditseboolacerenonpossesine

69 5033 119 5092 loci
136 5040 336 5109 instrumentis,
355 5055 418 5111 qum
441 5041 528 5112 ipsios
546 5041 634 5098 mooli
659 5041 709 5098 riri
732 5041 807 5102 curis
829 5055 881 5096 ex·
921 5039 1036 5097 fratrum
1063 5042 1104 5097 sui
1124 5039 1285 5098 monasterii
1311 5037 1597 5096 monasterorum
1624 5033 1743 5092 domnus

69 5131 138 5180 arata
157 5135 231 5186 suut.
248 5133 278 5187 ln
298 5144 394 5187 eorum
413 5143 469 5188 uno
483 5131 633 5200 exponitur
647 5143 702 5200 quo
721 5128 880 5199 metopius
921 5131 1033 5191 matus
1048 5142 1109 5186 eum
1129 5143 1162 5186 so
1186 5129 1221 5184 od
1241 5128 1413 5186 tioiliaconse
1432 5123 1589 5183 caenobium
1609 5119 1740 5194 perrexit,

69 5211 147 5270 obbas
177 5219 231 5276 loci
259 5219 373 5276 fundum
400 5219 562 5288 acquisierit
594 5218 759 5276 iiberalitate
786 5218 879 5289 ilgerii
921 5231 1069 5288 secumque
1089 5216 1340 5280 unumdonostris
1358 5213 1510 5280 monacbis.
1526 5207 1743 5270 numineLithe·

69 5299 232 5376 aliorumque
260 5309 382 5366 riromm
415 5307 559 5374 nobilium,
588 5307 635 5376 qui
662 5311 760 5376 sponte
790 5307 880 5376 ipsum
921 5306 1002 5374 rium,
1018 5307 1105 5364 duxlt.
1121 5309 1243 5377 Cumque
1259 5304 1357 5362 iratres
1376 5303 1463 5373 ipsius
1486 5301 1541 5364 ieci
1563 5300 1591 5354 in
1610 5295 1741 5368 capitolio

69 5385 153 5447 locum
174 5396 202 5451 in
221 5397 289 5453 unti
308 5398 360 5454 rirl
373 5395 493 5460 levorem
512 5396 569 5456 beo
583 5395 786 5453 consonandum
800 5395 879 5454 obtu·
922 5397 1080 5468 congregati
1104 5403 1198 5462 emant
1229 5401 1292 5451 ante
1321 5395 1451 5453 domnum
1480 5393 1634 5461 becennest
1662 5399 1742 5446 suum

70 5473 165 5538 leram.
185 5485 286 5542 linicm
312 5487 403 5556 bruge
430 5483 611 5544 billiacensis
627 5483 714 5541 abbas
740 5484 880 5556 nogotium
921 5485 1058 5554 abbatem,
1078 5485 1210 5546 indicauit
1231 5485 1350 5541 domnus
1366 5485 1479 5542 imatos
1502 5493 1595 5544 corant
1615 5477 1742 5542 omnibns
