4036 6162
134 243 184 302 δῦ
637 254 793 312 ιιιιιιιιιι
811 252 1087 312 uaotouanonsrs.
1107 252 1301 310 -ιιιιιιιι,
1758 247 1811 306 sao

133 377 159 430 et
176 371 262 430 dixit:
283 375 354 434 Ecce
375 389 446 435 nnus
464 385 508 438 est
530 379 659 452 populos,
679 386 707 438 et
734 393 817 438 unum
845 379 1051 441 labiumitruur
1079 377 1205 436 diffusum
1230 384 1257 436 et
1282 377 1447 448 dispersum,
1471 377 1608 449 pecudum
1632 391 1708 435 more
1731 376 1812 440 obet·

133 463 265 522 omnibns.
282 465 378 524 Venite
400 467 484 540 igitur
510 476 539 526 et
561 469 760 527 descendamus
787 474 815 526 et
831 466 949 526 coniun-
990 483 1064 535 rans‚
1084 482 1146 526 sese
1159 469 1275 526 inuicem
1289 469 1349 528 sine
1361 469 1423 539 iure
1435 475 1462 525 et
1477 468 1537 524 siue
1552 465 1656 524 ioedere
1671 466 1813 525 conddcus

132 551 225 610 danus
257 552 376 626 linguam
405 567 511 624 eorum,
540 564 572 614 ut
599 571 654 615 uon
682 558 776 616 audiat
802 556 949 629 unusquis
990 564 1019 614 ιι
1037 558 1152 624 lanians,
1173 566 1316 630 regeretur
1329 565 1357 615 et
1372 564 1402 614 ιιι
1420 557 1454 614 ab
1473 555 1494 590 ⁸⁸
1513 555 1633 616 bostium
1653 556 1811 612 incursione

132 653 183 711 qne
196 654 290 699 vocem
311 645 430 714 proximi
452 647 513 704 snit
540 650 629 717 nique
652 647 690 703 ita
714 646 807 702 diuisit
825 659 874 703 eos
893 647 948 704 llo·
990 648 1154 716 muniretur,
1171 661 1220 718 per
1233 647 1407 719 septuaginta
1420 653 1448 704 ct
1467 647 1537 703 duos
1555 659 1634 719 reges
1648 659 1664 702 ι
1678 646 1733 702 ileo
1753 657 1813 714 pet·

132 729 220 787 minus
238 745 272 788 ιιι
289 731 338 789 ilio
361 732 424 791 loco
445 734 475 792 in
499 736 640 792 universas
657 742 756 804 terras,
781 744 809 794 et
827 749 950 794 cessave-
989 737 1101 794 naissum
1130 744 1158 793 ιι
1186 737 1401 806 preordinatum
1435 743 1486 794 est.
1515 738 1589 804 Quos
1612 749 1672 792 cum
1701 736 1813 790 sanetus

131 826 193 876 runt
212 820 349 879 adiicere
368 822 504 881 civitatem
520 831 548 882 et
567 826 663 882 turrim
678 839 736 896 prae
760 824 843 884 nimia
862 823 949 881 labio·
988 824 1148 884 nmbrosius
1168 839 1218 896 per
1245 825 1407 882 iudustriam
1436 824 1535 880 summi
1568 824 1682 882 Romani
1702 820 1812 894 imperii

130 919 187 964 rum
216 907 389 969 contusione.
417 913 450 968 Et
472 911 536 970 ideo
555 921 681 972 vocaturo
699 922 743 970 est
765 927 865 971 nomen
889 913 949 984 eius
989 915 1083 973 orbem
1104 921 1238 972 terrarum
1267 928 1363 986 regere
1383 913 1506 978 vidisset,
1523 912 1627 985 placuit
1644 911 1708 980 sibi,
1725 911 1759 970 ad
1779 910 1813 967 ii-

128 995 220 1064 llabel,
235 997 264 1054 id
278 1004 322 1055 est
333 999 461 1070 ιιιιιιιιό,
482 1002 545 1072 quia
564 1003 604 1059 ibi
622 1000 766 1060 eoniusum
785 1011 828 1059 est
846 1003 947 1059 labium
988 1003 1077 1063 lerunt
1090 1004 1249 1062 salutemet
1267 1004 1388 1062 omnium
1409 1004 1572 1076 populorum
1595 1003 1768 1074 septuaginta
1783 1006 1812 1057 ιι

128 1084 262 1144 universae
280 1093 372 1145 terra.
390 1111 403 1140 ι
420 1091 497 1148 Unde
512 1091 683 1162 propalatum
703 1097 746 1148 cst
760 1098 800 1158 ut,
815 1098 947 1163 quantum
988 1093 1059 1152 duos
1071 1093 1232 1151 sacerdotes
1246 1095 1301 1150 beo
1317 1092 1495 1150 conflrmante
1514 1093 1644 1150 ordinare
1659 1090 1732 1164 (36),
1746 1103 1812 1161 qua·

126 1173 237 1232 illorum
261 1175 379 1236 intentio
398 1178 450 1236 init
468 1193 549 1252 prata
572 1189 601 1236 ιι
619 1195 747 1252 peruersa
766 1181 837 1252 apud
862 1182 947 1238 neum
988 1188 1069 1240 tetrus
1082 1183 1219 1255 singulum
1239 1196 1331 1253 regent
1355 1195 1405 1253 per
1421 1181 1559 1252 singulum
1580 1180 1750 1240 sacerdotem
1770 1192 1811 1236 re

126 1263 279 1336 etangelos
292 1267 362 1337 ejus,
378 1267 407 1323 in
423 1275 527 1326 tantum
546 1269 620 1326 omni
644 1270 719 1340 genti
742 1267 874 1340 omnique
893 1283 945 1339 po-
987 1273 1076 1344 gaiem
1095 1271 1190 1328 intime
1210 1277 1378 1342 percuteret,
1403 1276 1431 1328 et
1454 1269 1581 1328 docendo
1604 1269 1686 1327 iidem
1710 1267 1811 1326 Christi

125 1351 188 1422 pulo
205 1353 402 1424 innotesceret,
418 1357 577 1431 relinquens
595 1359 624 1414 in
644 1359 763 1430 posteris
780 1358 944 1429 exemplum,
987 1363 1016 1418 in
1031 1364 1087 1419 beo
1102 1359 1286 1427 coourmaret,
1302 1367 1330 1416 ct
1349 1358 1538 1416 confirmando
1557 1359 1584 1415 io
1604 1358 1713 1416 cunetis
1731 1357 1812 1414 bonis
1886 1391 1893 1397 -

125 1446 253 1514 tanquam
269 1443 394 1502 diecret:
411 1463 426 1498 u
447 1447 613 1518 vosquibus
635 1448 752 1504 scicntia
775 1448 859 1504 animi
880 1462 954 1516 cum.
987 1450 1135 1508 virtutibus
1158 1448 1364 1517 corroboraret,
1389 1453 1419 1504 ut
1440 1447 1474 1504 ad
1498 1447 1622 1504 bravium
1645 1446 1810 1518 pervenien-

123 1529 224 1589 tirtute
243 1534 370 1605 corporis
397 1541 426 1593 et
444 1535 583 1608 ingenium
611 1536 783 1609 operationis
807 1536 892 1609 magu
910 1537 945 1593 ab
986 1549 1038 1609 tes,
1059 1539 1225 1612 quandoque
1245 1537 1268 1571 ⁸⁶
1290 1539 1347 1595 lico
1367 1537 1544 1608 permittente
1563 1551 1625 1594 eum
1653 1536 1763 1594 cbristo
1782 1535 1810 1591 in

123 1622 233 1679 excelso
251 1623 308 1680 lieo
328 1639 377 1695 per
390 1625 541 1684 bonitatem
556 1641 643 1695 snam,
658 1628 736 1698 quasi
752 1628 849 1697 ymber
861 1641 946 1698 super
985 1629 1063 1688 omlis
1082 1634 1238 1700 regnarent.
1636 1627 1637 1632 ’

122 1723 237 1780 granum
256 1712 417 1771 distillatum
436 1723 488 1782 est,
509 1723 588 1773 caute
612 1722 640 1774 et
658 1717 777 1773 sollicite
804 1713 979 1788 providetcB
1022 1718 1049 1775 3.
1066 1719 1171 1787 Quibus
1189 1717 1211 1749 ⁸⁷
1225 1718 1295 1774 benc
1320 1713 1481 1787 compositis
1502 1712 1707 1784 salubriterque
1731 1711 1808 1770 ordi-

122 1799 336 1871 uobismetipsis,
362 1803 488 1875 nequid
517 1805 598 1862 nobis
616 1804 636 1836 ⁸¹
666 1819 715 1876 per
740 1805 944 1876 superbientes
985 1809 1066 1876 ιιιιι,
1097 1808 1233 1880 quendam
1256 1806 1429 1864 sacerdotem
1457 1803 1617 1875 religiosum
1645 1801 1733 1858 uirum
1761 1801 1810 1872 qui

122 1886 287 1946 dementiam
315 1891 415 1948 merito
442 1891 553 1959 accidit,
587 1893 666 1950 tobis
694 1892 722 1948 in
756 1893 943 1950 testimonium
985 1897 1159 1969 primicerius
1183 1901 1327 1954 uocaretur·
1350 1893 1512 1966 proposuit;
1540 1891 1587 1964 qui
1618 1891 1696 1964 quasi
1716 1889 1808 1960 eoepi-

121 1977 273 2050 eontingat,
289 1986 320 2035 ut
332 1981 406 2051 quod
426 1981 507 2038 nobis
525 1979 547 2013 ⁸²
562 1981 798 2040 maleduieoratis
813 1996 867 2040 non
883 1997 944 2040 ere·
983 2001 1085 2059 scopus
1103 1987 1177 2043 circa
1201 1999 1296 2042 omnes
1320 1985 1347 2040 in
1367 1983 1481 2040 erimine
1504 1981 1662 2038 laborantes
1690 1983 1811 2050 potesta·
1839 2029 1844 2034 .

122 2065 198 2134 ditis,
215 2067 419 2140 uobismetipsis
437 2070 530 2128 multis
552 2073 681 2142 suspiriis
697 2071 801 2144 fatigati
821 2073 943 2143 quando·
984 2082 1039 2132 tem
1067 2090 1081 2136 a
1104 2081 1201 2132 saneto
1226 2073 1370 2131 ambrosio
1395 2071 1525 2144 magistro
1543 2068 1662 2140 aceepit,
1683 2073 1713 2124 ut
1732 2065 1805 2138 quod

119 2169 174 2224 que
190 2156 319 2214 credatis.
337 2177 352 2212 ιι
371 2159 478 2216 Etenim
497 2173 559 2216 eum
572 2161 656 2218 adam
671 2174 686 2216 a
701 2162 758 2217 ileo
772 2160 800 2216 in
816 2160 942 2230 paradiso
984 2166 1132 2234 episcopus
1151 2162 1265 2232 implere
1295 2175 1344 2231 per
1368 2175 1398 2218 se
1417 2173 1472 2217 non
1502 2164 1606 2228 posset,
1626 2154 1809 2226 coepiscopus

118 2242 263 2313 formatus,
284 2246 318 2302 ad
351 2248 496 2319 imaginem
524 2249 573 2305 Dei
601 2250 742 2320 liguratur,
772 2249 844 2306 sieut
862 2249 944 2307 noti·
984 2253 1031 2323 qni
1056 2251 1229 2322 primicerius
1254 2251 1413 2316 uocabatur,
1439 2249 1512 2304 cirea
1537 2246 1600 2303 ilios
1622 2245 1738 2314 impiere
1762 2255 1808 2297 eu·

117 2347 191 2401 ntus,
212 2334 327 2392 Domino
351 2349 402 2404 per
423 2337 544 2406 bioysenr
568 2336 699 2393 dicente:
726 2355 741 2388 ι
764 2338 834 2394 Eece
857 2337 942 2394 Adam
984 2341 1057 2398 riose
1071 2341 1206 2398 studeret.
1227 2340 1297 2408 Quin
1312 2337 1394 2396 etiam
1409 2337 1500 2395 iocum
1514 2337 1543 2392 in
1563 2348 1618 2406 quo
1634 2346 1730 2391 omues
1744 2343 1809 2386 con·

117 2419 211 2477 iaetus
228 2429 271 2478 est
289 2424 366 2493 quasi
380 2437 451 2480 nnus
465 2439 498 2481 ιι
512 2425 603 2492 nobis,
620 2443 634 2477 ιι
654 2431 682 2481 ιι
696 2426 824 2482 omnibns
837 2439 899 2497 quae
914 2427 942 2482 in
984 2431 1109 2486 venirent
1127 2429 1278 2500 insignivit,
1300 2427 1374 2498 quod
1394 2425 1595 2498 presbyterium
1623 2417 1808 2492 usquemodo

117 2507 250 2578 paradiso
267 2511 317 2568 nei
344 2521 422 2568 erant
449 2513 503 2570 sibi
530 2515 680 2580 concessis,
711 2520 812 2585 praeter
839 2515 942 2586 iignum
983 2533 998 2575 a
1018 2520 1126 2576 eunctis
1144 2520 1299 2588 uocitatum
1315 2517 1361 2574 ubi
1381 2529 1477 2574 omnes
1490 2514 1651 2572 sacerdotes
1667 2507 1763 2567 urbani
1778 2507 1807 2564 iu

114 2597 243 2654 scientiae
258 2600 325 2657 boni
339 2607 368 2658 ιι
382 2601 456 2670 maii,
471 2603 506 2659 de
524 2616 579 2675 qao
595 2605 943 2674 praeeperateibominus
983 2614 1060 2664 sexta
1077 2606 1146 2664 ieria
1164 2608 1206 2664 ιιι
1222 2607 1282 2663 ιιι.
1298 2605 1505 2670 conuenientes,
1525 2603 1635 2660 curiose
1655 2601 1683 2656 in
1708 2597 1808 2655 diuinis

113 2699 148 2743 ue
168 2688 339 2758 concederet,
359 2690 474 2748 dicens:
494 2694 524 2749 ιι
539 2707 713 2765 quacumque
739 2695 784 2750 die
814 2694 939 2752 comedo·
983 2697 1144 2754 ministeriis
1162 2697 1287 2768 singulos
1315 2695 1558 2766 perscrutabantur
1577 2691 1608 2758 ⁸⁸,
1628 2691 1721 2762 itaque
1741 2686 1806 2742 reii-

113 2777 297 2845 ritis,1norte
325 2781 490 2837 moriemini.
512 2803 525 2832 ι
546 2783 596 2850 Qui
624 2783 648 2838 si
667 2787 747 2840 caute
761 2783 940 2855 studioseque
982 2789 1058 2858 giose
1088 2787 1163 2842 cirea
1182 2785 1273 2842 diuina
1297 2779 1459 2849 ministeria,
1483 2788 1510 2838 ιι
1532 2779 1722 2837 indesinenter
1744 2788 1806 2832 sese

113 2868 339 2926 ammonitionem
359 2875 388 2925 ct
403 2877 570 2942 praeceptum
585 2873 634 2928 Dei
648 2877 731 2942 atquc
754 2872 873 2944 benigne
892 2873 940 2928 ad·
981 2875 1156 2931 exercebant.
1191 2874 1296 2942 Quoia
1323 2874 1386 2930 ioco
1419 2870 1555 2928 uniuersis
1577 2864 1803 2928 consedentibus,

114 2956 254 3014 monentis
285 2957 430 3026 tenuisset,
455 2958 515 3030 ipse
547 2960 710 3017 immortalis
737 2968 820 3028 esset,
841 2968 869 3018 et
888 2975 939 3018 nos
979 2964 1054 3034 quod
1069 2964 1143 3020 ileos
1164 2963 1296 3034 episeopo
1320 2961 1481 3033 inspirabat,
1501 2959 1629 3016 docebat.
1655 2955 1758 3012 beindc
1782 2951 1803 2983 ⁸⁹

112 3045 189 3114 quasi
206 3047 255 3102 bei
269 3046 374 3104 similes
389 3061 520 3106 essemus.
531 3047 609 3106 Unde
623 3063 672 3106 vos
686 3049 809 3106 studiose
825 3037 1188 3124 precemflsubepiseopus,
1204 3053 1252 3124 qui
1270 3053 1453 3123 eoepiscopus
1476 3049 1498 3082 ⁰⁰
1521 3062 1608 3120 usqne
1627 3046 1710 3104 modo
1734 3051 1762 3100 et
1780 3043 1798 3074 ³¹

112 3140 141 3190 ut
159 3133 180 3166 ⁸³
199 3135 277 3206 quod
292 3135 377 3192 Adam
397 3150 447 3206 per
460 3135 677 3196 inobedientiam
695 3138 845 3196 criminose
868 3138 937 3195 deii·
978 3142 1152 3212 primicerius
1170 3147 1294 3209 vocatur,
1321 3141 1473 3198 seeundum
1497 3137 1572 3211 quod
1592 3139 1664 3194 ileos
1681 3132 1802 3191 admini-

111 3223 180 3293 quit,
206 3229 236 3280 et
259 3238 311 3281 nos
333 3239 384 3297 per
402 3225 513 3282 nimiam
531 3227 688 3298 snperbiam
711 3226 817 3284 obuiusi
841 3241 936 3285 suanus
976 3231 1090 3298 atrebat,
1119 3231 1182 3288 iilos
1196 3231 1353 3298 amonebat,
1370 3230 1485 3288 dicens:
1507 3245 1522 3282 ι
1541 3230 1643 3286 Contra
1657 3223 1800 3280 stultitiam

111 3319 137 3367 et
155 3326 206 3384 per
218 3314 341 3371 omniunt
356 3320 491 3371 terrarum
503 3314 592 3386 spatia
612 3315 741 3386 dispersi,
767 3322 862 3374 mutuo
884 3329 936 3374 uus
976 3321 1131 3378 ministrate
1159 3320 1332 3389 sapientiam,
1352 3327 1449 3376 contra
1483 3316 1621 3378 lasciviam
1636 3311 1800 3374 castitatem,

110 3409 138 3456 et
155 3401 268 3470 merito,
290 3403 401 3460 minime
424 3403 460 3460 ob
480 3403 634 3476 linguarum
657 3405 817 3462 uarietatem
835 3405 936 3462 inteiii·
976 3416 1074 3465 contra
1106 3407 1283 3464 ebetudinem
1313 3405 1494 3471 intellectum,
1523 3408 1619 3460 eontm
1646 3397 1802 3469 precipita-

110 3497 214 3560 gentes,
238 3491 312 3562 quod
332 3493 404 3549 nens
418 3505 452 3548 ex
470 3505 576 3548 summa
590 3492 740 3550 dilectione
760 3494 933 3562 humanatus,
976 3496 1079 3553 tionem
1110 3495 1283 3562 conscilium,
1313 3501 1410 3550 contra
1438 3493 1565 3550 timorem
1593 3484 1798 3551 fortitudinem,

110 3587 246 3646 mortuus,
275 3581 433 3648 suscitatus,
461 3581 540 3638 robis
567 3581 602 3638 ad
626 3581 844 3639 resuscitandum
859 3583 934 3653 qnod
976 3591 1072 3642 contra
1092 3583 1274 3655 ignorantiam
1298 3580 1453 3648 seientiam,
1478 3582 1575 3636 contra
1594 3573 1724 3632 duritiam
1744 3571 1800 3643 pie·

110 3669 196 3740 angeli
217 3669 248 3726 in
267 3669 346 3726 eoelis
374 3685 423 3741 per
444 3671 601 3742 superbiam
626 3672 785 3738 amiserunt,
815 3672 934 3744 benigne
976 3679 1069 3742 tatem,
1099 3678 1196 3730 eontra
1220 3671 1377 3741 superbiam
1406 3668 1606 3728 bumilitatem:
1626 3664 1661 3720 dc
1680 3675 1735 3734 qua
1752 3674 1800 3718 sa-

109 3757 259 3825 concessit,
274 3759 299 3813 si
317 3757 419 3816 solerte
438 3758 617 3830 studioseque
641 3761 668 3815 in
694 3759 747 3816 lide
772 3773 934 3830 permanen·
974 3763 1054 3832 piens
1068 3761 1178 3833 quidam
1201 3760 1262 3832 (37)
1284 3761 1370 3817 dicit:
1397 3758 1477 3826 uQui
1497 3757 1557 3812 sine
1574 3752 1726 3810 bumilitate
1745 3750 1799 3806 rir-

109 3851 147 3902 tes
164 3846 284 3905 ιιοιιιιιο
304 3847 456 3919 opitulante
475 3849 619 3916 steteritis,
640 3849 713 3905 unde
733 3862 866 3906 concessa
885 3865 933 3907 eu·
974 3858 1048 3908 tutes
1062 3856 1221 3922 congregat,
1241 3850 1320 3922 qnasi
1340 3855 1448 3906 tentum
1476 3847 1505 3903 iu
1534 3844 1673 3916 puluerem
1695 3841 1717 3872 ⁵¹
1736 3853 1798 3912 por·

109 3935 247 4003 stodiatis,
263 3943 292 3993 et
305 3946 428 3994 sanctam
448 3938 527 3996 iidem
552 3939 742 3996 custodientes
757 3938 829 3996 bona
848 3953 933 4010 opera
975 3947 1032 4006 tat;
1054 3956 1069 3994 ιι
1085 3940 1118 3996 Et
1133 3946 1163 3994 ut
1177 3937 1317 3994 estillud:
1335 3956 1350 3990 ιι
1370 3935 1515 3993 ιιιιιιιιιιι
1541 3931 1632 3989 οιιιιι
1654 3929 1748 3997 ιιιιιι,
1770 3933 1797 3984 ιι

109 4021 225 4091 faciatis,
248 4033 277 4084 ui
291 4025 325 4082 ad
340 4026 493 4097 perlectum
512 4027 594 4084 linem
609 4027 751 4084 uenientes
766 4029 932 4098 quandoque
974 4027 1033 4097 ipsa
1052 4041 1067 4084 a
1087 4027 1195 4084 nemine
1218 4033 1375 4098 superatur.
1400 4043 1415 4078 ιι
1439 4025 1543 4081 Praeter
1566 4021 1621 4078 ista
1644 4017 1797 4076 instruebat

110 4111 136 4167 in
154 4122 280 4172 extremo
294 4116 418 4172 examine
430 4116 528 4186 ,udieii
547 4117 689 4174 adextera
703 4118 752 4175 bei
772 4118 855 4189 positi
870 4131 931 4175 enm
973 4116 1037 4174 illos
1065 4116 1167 4174 babere
1195 4115 1371 4174 dilectionem
1404 4113 1452 4170 bei
1481 4120 1509 4169 et
1535 4109 1664 4182 proidrni.
1692 4106 1796 4176 Quibus

109 4203 205 4270 gaudio
231 4203 328 4260 audire
357 4205 485 4262 mereatis
512 4205 587 4277 quod
618 4207 750 4263 Dominus
781 4208 933 4266 clementer
973 4205 1128 4276 completis,
1149 4205 1223 4277 quod
1244 4204 1395 4275 unicuique
1420 4203 1454 4259 de
1483 4199 1595 4272 propria
1615 4211 1696 4254 causa
1716 4208 1797 4265 expe

112 4289 177 4347 dixit
194 4291 237 4348 “a
267 4294 397 4350 «Venite
416 4294 555 4350 betredioli
588 4297 675 4352 Patris
703 4298 767 4363 mci,
795 4297 930 4368 percipite
973 4294 1076 4360 dicbat,
1092 4293 1240 4350 salubriter·
1254 4292 1398 4349 tractabat.
1419 4290 1459 4346 ita
1477 4297 1568 4345 iamed
1589 4282 1797 4342 omniadebant

113 4393 233 4452 regnum,
253 4384 329 4454 qood
358 4383 436 4440 vobis
463 4392 587 4454 paratum
615 4394 658 4441 est
684 4399 699 4440 a
731 4358 1045 4444 constitutiooeDinter
1063 4383 1128 4439 ilios
1142 4383 1265 4453 practice,
1286 4390 1313 4438 ιι
1327 4381 1471 4438 honestate
1486 4375 1675 4432 tractabantur
1693 4381 1721 4428 et
1734 4371 1794 4428 siue

112 4471 199 4527 muirdi
216 4471 323 4543 (ιιιιιιιι.
343 4487 405 4539 xxv,
431 4470 484 4542 34).
508 4491 521 4522 a
550 4472 590 4530 Ob
618 4486 700 4544 quarn
728 4477 801 4530 eninr
821 4489 929 4532 causum
970 4471 1036 4528 dolo
1055 4478 1084 4527 ιι
1096 4471 1157 4527 sine
1170 4470 1282 4538 inuidia,
1299 4477 1329 4526 ut
1343 4468 1417 4540 quod
1432 4467 1461 4523 in
1475 4466 1589 4523 ictibus
1604 4460 1794 4534 apostolorum

112 4568 219 4618 moetus
247 4561 408 4618 ambrosius
435 4563 608 4633 septuaginta
636 4568 664 4617 ct
682 4561 753 4618 duos
779 4562 931 4634 discipulos
971 4559 1082 4631 legitur,
1109 4559 1138 4614 in
1166 4560 1229 4617 ilios
1255 4559 1432 4629 implebatur,
1461 4555 1579 4614 dicens:
1609 4552 1709 4607 eilrat
1739 4548 1794 4604 iliis

111 4647 269 4706 sacerdotes
286 4649 416 4707 ordinare
443 4650 541 4715 voluit,
565 4657 596 4707 ut
623 4657 692 4722 quot
714 4649 825 4707 inerunt
843 4652 931 4708 varie·
971 4661 1020 4705 cor
1035 4661 1117 4705 utrum
1133 4655 1161 4704 et
1179 4649 1269 4704 anima
1288 4661 1341 4704 una
1365 4649 1432 4718 (ιιι.
1449 4659 1486 4711 ιι,
1505 4642 1569 4714 32);
1587 4660 1601 4694 ιι
1622 4651 1650 4698 ιι
1669 4637 1793 4711 quamuis
1887 4708 1890 4716 Ι

112 4738 320 4810 iatesgentium
345 4725 394 4810 per
417 4739 618 4810 dispersionem
642 4740 806 4812 linguarum,
827 4746 868 4796 tot
887 4755 930 4798 es-
969 4736 1055 4795 iacies
1072 4738 1182 4795 iliorum
1210 4746 1302 4795 essent
1330 4737 1456 4802 diversae,
1477 4747 1560 4791 unuin
1584 4745 1633 4790 eor
1651 4736 1679 4788 et
1702 4727 1791 4786 anima

111 4833 169 4882 sent
196 4828 356 4886 mecedotes
383 4828 418 4885 ad
446 4828 561 4886 salutern
589 4829 740 4886 animarum
763 4833 928 4887 nostrarum.
971 4834 1030 4886 erat
1058 4841 1121 4886 una.
1150 4829 1254 4897 Quibus
1281 4828 1391 4900 egregie
1418 4823 1574 4882 uirentibus
1601 4829 1629 4879 ct
1662 4819 1790 4892 religiose

111 4915 216 4972 dicum
236 4916 384 4974 humanum
402 4919 643 4990 genusquondarn
662 4933 713 4990 per
731 4919 826 4976 orbem
845 4925 931 4975 terra·
971 4917 1144 4990 degentibus,
1178 4917 1269 4974 omnia
1302 4914 1522 4986 cooperabantur
1554 4913 1582 4968 in
1615 4911 1727 4975 borium,
1763 4914 1791 4962 nt

786 5017 900 5074 VARiAE
927 5017 1132 5073 esurientis·

144 5109 161 5144 ⁸¹
178 5113 303 5184 nequod
318 5114 441 5173 uobisit.
456 5115 627 5188 fiiilisiim.
643 5114 768 5172 Ilioneus.
816 5115 836 5148 ⁸¹
855 5113 989 5173 vobisBl.
1036 5111 1153 5172 “etBl
1201 5111 1363 5172 ‘inicient
1406 5105 1675 5168 ιἰιιιιι“.ιιι.ιιι·.
1692 5117 1790 5176 regge·

112 5185 352 5278 {saturautabdi
369 5187 388 5242 l.
405 5197 473 5244 ιιι.
489 5201 514 5244 e.
531 5201 596 5244 ua.
612 5187 642 5242 B.
688 5185 838 5245 ‘'deestil.
887 5185 1144 5270 ”beprimieerio
1165 5187 1198 5256 Q.
1218 5185 1295 5242 codd.
1341 5183 1462 5266 ιξιιιιιι.
1482 5179 1708 5252 perscrutabatur
1730 5174 1789 5232 rcil.

144 5252 252 5312 demum
264 5257 307 5312 Bi.
345 5257 367 5290 ⁰⁰
381 5271 409 5329 q.
422 5273 447 5314 e.
464 5258 556 5314 desum
573 5257 616 5314 Bt.
655 5257 673 5290 ⁸¹
691 5258 806 5316 deestil.
844 5257 1232 5332 ³¹q.1nvedluniptlltei·etii
1252 5257 1386 5314 edimus.

892 5361 1000 5419 NOTAE.

149 5451 211 5538 (36)
227 5455 293 5524 iios,
307 5455 474 5516 decumanos
492 5454 594 5522 dictos,
608 5469 674 5516 sac.
690 5471 717 5512 tx
735 5463 852 5514 exeunte
876 5457 927 5515 de·
969 5460 1068 5520 liilano
1086 5453 1242 5524 701,295;
1257 5450 1482 5534 i'umagailinnt.
1500 5448 1590 5532 blilau.
1611 5448 1656 5515 lli,
1671 5445 1735 5515 ato,

114 5537 184 5582 num
199 5527 340 5586 institutos
357 5542 430 5594 esse,
453 5527 637 5602 probaverunt
660 5527 771 5594 Giuiirri,
796 5528 875 5586 biem.
900 5529 928 5588 di
1007 5529 1069 5602 (37)
1090 5531 1170 5600 Greg.
1188 5529 1210 5595 i,
1227 5527 1327 5596 ιιιιιι.
1349 5528 1423 5581 tortu
1439 5536 1480 5593 ps.
1497 5527 1606 5593 paenae,
1626 5534 1651 5575 ι.
1672 5519 1698 5574 3.
