4034 6152
189 223 257 288 1027
719 221 745 276 S.
765 221 909 276 burinint
928 214 1065 276 sinesiis
1084 219 1338 273 SiLVAE-llaiultls
1804 211 1875 272 illas

186 367 242 411 non
266 351 369 424 lingua,
387 363 442 410 non
466 347 583 419 scripto,
598 359 654 403 non
678 345 795 416 alicujus
814 343 1137 408 tractilationlsAllenvn
1165 343 1266 414 quaerit
1293 340 1429 398 medicum
1457 339 1624 398 infirmitatis
1651 353 1720 398 snae.
1748 340 1877 412 benique

188 440 278 513 llud„
308 437 488 510 tractationis]
519 436 612 495 modo.
643 433 739 492 Modus
765 433 837 490 enirn
864 446 921 490 non
949 435 1008 490 erat
1054 431 1168 502 praelato
1195 432 1330 490 servitore
1355 444 1405 490 suo
1433 434 1538 488 mnium
1567 429 1691 498 conscio,
1715 427 1877 500 ubicunque

187 529 288 601 aliquis
311 527 488 594 infirmitatis,
519 539 600 597 quem
628 521 700 580 lerre
728 522 866 593 nequiret,
887 521 941 578 nisi
962 520 1010 578 ilci
1052 521 1134 590 valet,
1158 527 1186 580 et
1204 533 1377 593 quaecunque
1396 517 1468 578 valet
1486 518 1624 576 subtrabit
1648 517 1690 576 ori
1706 531 1768 584 sue,
1794 523 1824 576 et
1847 519 1877 576 in

187 618 334 676 clementia
361 615 516 688 [sustentus]
539 611 694 670 mortalium
712 612 823 682 aliquis.
853 611 1012 670 Habebatnr
1053 612 1220 681 pauperibus
1238 610 1376 668 ministrat
1394 608 1515 668 cbristo.
1534 608 1685 666 Occasione
1703 607 1877 668 medicorum

188 714 279 766 autern
299 707 328 764 in
347 707 448 776 capite,
468 704 515 775 qui
532 703 610 760 loeus
629 707 739 774 quantae
760 700 901 774 gravitatis
919 700 965 768 sit,
983 699 1011 755 ln
1052 700 1087 756 ab
1101 699 1196 758 amicis
1220 713 1337 771 quaeque
1352 697 1425 756 valet
1443 698 1553 768 accipit,
1570 703 1598 756 et
1612 697 1712 754 exinde
1731 702 1790 756 tres
1804 711 1877 770 pau·

188 797 243 856 boc
265 801 380 870 apparet
395 792 469 864 qued
488 805 520 848 ea
543 805 607 861 pars
630 789 756 860 corporis
770 792 870 846 caetera
890 789 1012 846 membra
1053 803 1135 862 peres
1157 789 1192 846 avl
1215 787 1397 846 imitationem
1421 786 1570 846 bominicae
1593 800 1681 844 omne
1699 785 1753 844 sibi
1772 785 1879 842 consil-

188 885 261 944 solet
290 884 428 954 dirigere;
462 894 513 938 nec
542 886 584 936 est
611 878 704 949 aliqua
731 878 814 950 buius
845 877 1012 936 infirmitatis
1053 885 1144 948 tuens,
1160 877 1245 946 perles
1268 890 1362 934 eornm
1386 875 1512 949 quotidie
1534 875 1632 946 abluit,
1646 873 1774 948 lacrymis
1793 875 1877 945 rigat,

189 972 368 1044 comparatio,
385 969 437 1028 ubi
451 969 591 1038 videlicet,
606 969 630 1026 si
645 967 704 1026 llerl
724 971 828 1040 posset,
844 965 1012 1038 decapitatis
1053 965 1161 1038 capillis
1176 971 1203 1024 et
1222 965 1334 1023 camisia
1357 964 1450 1036 tergit,
1467 977 1586 1022 mensem
1606 966 1633 1020 et
1648 963 1727 1022 cibos
1744 962 1877 1034 apponit;

190 1062 271 1120 nnlca
293 1059 435 1118 rideretur
459 1057 566 1118 doloris
588 1055 724 1116 remissio.
748 1058 878 1114 amento
892 1054 1013 1124 denique
1054 1055 1155 1116 deinde
1171 1054 1321 1125 proiiciens
1335 1068 1365 1110 so
1375 1053 1404 1112 in
1415 1051 1512 1112 eodem
1526 1053 1589 1110 loco
1603 1057 1666 1110 ante
1682 1051 1767 1122 pedes
1781 1065 1878 1112 eorum

188 1149 323 1222 usquead
342 1148 473 1206 verticem
497 1161 553 1204 non
577 1145 652 1212 lerri,
673 1145 722 1202 sed
738 1159 800 1218 quae
819 1143 928 1216 gravior
942 1149 1012 1211 erat,
1053 1144 1088 1202 ad
1107 1144 1271 1212 orationem,
1294 1142 1373 1213 quasi
1397 1141 1436 1198 ibi
1461 1141 1673 1212 presentialiter
1686 1139 1795 1200 videret
1814 1152 1880 1198 san

188 1237 355 1296 iullrmilatis
389 1238 489 1308 ligatus
517 1234 648 1306 vallagla,
677 1247 811 1304 nusquam
844 1237 927 1304 caput
960 1229 1012 1288 nisi
1055 1239 1126 1292 ctam
1145 1232 1306 1291 Trinitatem
1327 1249 1367 1290 :u
1390 1231 1489 1288 Sancta
1507 1230 1636 1298 trinitas,
1655 1227 1880 1288 clamabat'cum

188 1341 249 1383 curo
275 1327 360 1383 totius
391 1325 517 1395 corporis
543 1321 721 1380 circumferre
744 1321 852 1379 valebat
874 1321 1011 1378 machina.
1054 1322 1193 1393 lacrymis,
1207 1319 1313 1380 aulera
1328 1333 1372 1378 nte
1386 1319 1459 1376 banc
1476 1333 1558 1392 quam
1576 1318 1649 1376 lerre
1669 1331 1778 1388 nequeo
1801 1317 1882 1376 intir-

188 1417 289 1474 Omnes
311 1415 495 1472 adamantinae
520 1427 598 1470 vene
627 1412 727 1484 capitis
751 1410 919 1482 torquebant
937 1411 1014 1481 juve
1054 1412 1187 1470 mitatem.
1217 1410 1269 1468 Ubi
1297 1413 1349 1477 ost,
1379 1409 1460 1478 bens,
1490 1409 1654 1480 promissum
1681 1413 1780 1466 lunari
1802 1408 1880 1476 Qua·

189 1519 251 1561 nem
266 1503 326 1561 sine
341 1503 557 1572 intermissione,
571 1501 646 1560 nulla
661 1500 767 1558 doloris
781 1499 903 1570 requies,
917 1512 1014 1556 omues
1055 1515 1164 1571 cunque
1187 1500 1256 1556 bora
1277 1513 1319 1558 me
1343 1498 1545 1566 invocaveritis,
1561 1498 1651 1558 diram
1668 1517 1676 1556 a
1695 1499 1767 1556 Ecca
1782 1495 1881 1554 adsum

190 1593 267 1652 horse
291 1593 347 1649 diei
375 1593 544 1664 inequales,
575 1604 656 1648 omne
681 1596 788 1660 tempus
815 1588 1012 1660 importunum,
1058 1589 1145 1662 (Psoi.
1161 1589 1233 1660 cxv).
1260 1588 1312 1648 Ubi
1335 1593 1403 1648 sunt
1423 1594 1464 1646 tot
1483 1587 1693 1658 misericordia,
1709 1584 1751 1646 lot
1765 1586 1881 1646 misere

190 1681 281 1738 omnis
309 1679 387 1738 loeus
414 1686 512 1740 auctor
540 1680 676 1738 dolorum.
708 1677 736 1734 Sl
762 1677 835 1734 enim
866 1677 953 1734 exiret
978 1677 1012 1734 ad
1023 1672 1158 1746 Edonas,
1173 1683 1215 1738 tot
1229 1677 1383 1736 clementia
1401 1675 1756 1748 transcendensque
1772 1675 1881 1750 plain·

190 1767 288 1836 solem,
311 1767 457 1825 videbatur
484 1768 537 1824 sibi
565 1768 659 1826 videre
688 1771 775 1826 toturn
804 1764 936 1822 mundum
954 1779 1015 1822 ver·
1056 1769 1181 1830 tentione
1195 1767 1298 1827 diders.
1312 1786 1326 1824 r>

191 1863 315 1931 teutem;
345 1859 368 1914 si
397 1857 549 1927 respiceret
577 1856 677 1914 coelum
704 1857 843 1927 superius,
872 1855 1016 1914 videbatur
1091 1858 1120 1914 7.
1139 1857 1266 1916 libonio
1293 1859 1403 1918 llomorn
1430 1861 1531 1916 comem
1558 1856 1707 1914 οιιιιιιιιιιιιν.
1725 1883 1762 1900 --
1782 1853 1883 1914 adbuc

191 1948 244 2006 sibl
264 1962 344 2005 ruere
364 1959 447 2017 super
467 1950 550 2016 capnt
572 1943 705 2010 iuferius,
726 1943 750 1998 si
770 1944 916 2014 equitaret,
936 1942 1016 2000 vide-
1056 1961 1122 2018 ergo
1137 1948 1243 2006 recenti
1261 1946 1397 2006 incisione
1416 1945 1556 2017 plagarum
1570 1951 1598 2002 et
1611 1943 1771 2017 gravissima
1785 1943 1884 2002 incon·

191 2038 273 2096 batur
287 2039 341 2096 sibi
365 2041 510 2107 suspectus
530 2050 563 2092 ue
582 2036 611 2092 in
634 2048 759 2105 praeceps
781 2035 912 2104 caderem
936 2034 960 2090 si
974 2049 1031 2112 se·¹
1056 2039 1134 2094 sione
1157 2035 1329 2104 arteriarum,
1349 2035 1435 2094 abbas
1448 2035 1543 2103 Falco,
1558 2039 1682 2104 abluens
1704 2035 1746 2094 ire
1764 2035 1882 2092 Romam

192 2127 272 2184 deret
295 2127 323 2182 in
350 2131 424 2183 tecto
448 2131 495 2182 aul
517 2125 545 2182 in
567 2124 736 2183 monasterio
761 2122 826 2194 [ol.,
848 2122 1014 2193 domicillo],
1057 2124 1252 2182 ecclesiasticas
1277 2123 1405 2181 utilitatis
1428 2129 1456 2180 et
1474 2123 1561 2194 gratia
1585 2123 1751 2196 crabbeum,
1780 2121 1884 2192 praedi-

191 2214 336 2272 videbatur
349 2213 403 2270 sibi
422 2213 501 2283 quasi
520 2217 606 2270 totam
624 2211 724 2268 molem
743 2210 854 2268 aedilicii
878 2211 1015 2268 sustinere
1057 2219 1130 2268 ctum
1147 2214 1274 2282 juvenem
1289 2226 1383 2268 secum
1397 2217 1491 2268 monet
1510 2211 1561 2279 ire,
1577 2218 1607 2269 ιιι
1626 2211 1735 2270 lldelom
1749 2211 1881 2270 amicum.

192 2305 282 2374 eapite
297 2317 357 2362 suo.
379 2302 558 2360 existimabat
576 2305 667 2358 autem
681 2301 752 2360 banc
776 2315 806 2358 se
830 2300 1015 2358 infirmitatem
1056 2303 1090 2358 nt
1112 2301 1159 2358 iiio
1181 2301 1302 2362 libenter
1316 2301 1451 2362 obediens
1469 2305 1594 2371 paratum
1617 2315 1647 2360 se
1667 2301 1831 2371 respondet,
1855 2304 1883 2356 et

193 2393 353 2462 incurrisse,
378 2393 486 2450 insueta
500 2391 629 2451 videlicet
647 2391 702 2448 cibi
727 2397 864 2462 potusque
880 2397 908 2448 et
926 2383 1016 2450 somni
1056 2390 1080 2448 sl
1104 2389 1301 2461 corporescit
1325 2403 1382 2448 nnn
1405 2390 1476 2448 bona
1500 2388 1640 2448 voluntate
1663 2389 1807 2450 deiciens.
1828 2387 1882 2446 Sed

193 2483 363 2552 mutatione,
384 2482 444 2548 sed,
463 2483 536 2540 sicut
558 2481 758 2538 monstrabitur
772 2481 800 2536 in
824 2481 1014 2550 sequentibus,
1057 2493 1118 2535 curn
1133 2478 1226 2536 abbati
1240 2479 1274 2536 ab
1289 2479 1426 2538 exteriora
1440 2479 1597 2538 videntibus
1609 2485 1769 2552 suggestum
1784 2477 1883 2538 luisset

193 2586 288 2630 revera
308 2572 391 2628 tiebat
413 2571 512 2630 summi
529 2571 635 2629 iudicis
663 2569 846 2640 prejudiciali
865 2569 1014 2636 voluntate,
1057 2568 1132 2639 qnod
1152 2567 1253 2648 juveni
1270 2567 1410 2626 itinerario
1424 2573 1499 2626 tanta
1513 2567 1668 2638 periculosa
1681 2566 1764 2638 toret,
1781 2567 1883 2626 iterum

192 2671 349 2732 quanquam
368 2660 428 2718 baec
443 2659 534 2718 omnia
559 2659 679 2730 pcccatis
699 2659 758 2716 suls
776 2659 902 2718 studeret
923 2659 1016 2730 impu·
1058 2663 1088 2714 ut
1111 2657 1236 2727 quiescat
1263 2656 1418 2714 amabiliter
1440 2662 1544 2716 monet.
1574 2656 1621 2714 llle
1644 2669 1711 2712 voro
1739 2656 1884 2714 humiliter

193 2757 274 2808 tare:
296 2756 323 2809 ct
346 2747 561 2820 quoquomodo
585 2748 673 2816 lieret,
698 2761 779 2808 nemo
803 2753 862 2806 erat
886 2748 1016 2806 conscius
1057 2751 1132 2806 totus
1151 2745 1272 2814 obsistit,
1288 2760 1320 2806 ea
1343 2751 1447 2806 tantum
1464 2746 1625 2806 intentione
1644 2751 1685 2813 ut,
1701 2746 1725 2804 si
1752 2745 1884 2804 bumanis

192 2844 294 2913 quauta
322 2839 447 2910 angustia
474 2839 623 2904 laboraret,
654 2843 770 2908 excepto
799 2851 854 2897 uno
881 2838 1016 2896 servitore
1058 2835 1216 2904 decederet,
1239 2837 1311 2894 beris
1335 2835 1513 2894 misereretur
1537 2836 1596 2904 eins
1616 2835 1734 2904 animam
1750 2835 1775 2892 si
1790 2841 1882 2892 autem

192 2942 242 2987 sno
271 2928 414 2999 aequivoco
442 2942 504 2995 suo,
533 2941 616 2998 quem
644 2941 677 2986 ea
705 2927 839 2986 asciverat
862 2926 916 2984 sibi
934 2925 1015 2984 lami·
1057 2924 1106 2982 llel
1126 2924 1271 2984 clementia
1298 2926 1411 2985 Romam
1440 2926 1607 2995 perveniret,
1631 2929 1763 2984 asancto
1788 2925 1882 2992 Petro,

192 3016 322 3084 ilaritate,
353 3021 383 3072 ut
410 3015 464 3073 sibi
496 3020 673 3073 succurreret
699 3014 730 3072 iu
757 3011 811 3072 boc
843 3011 1139 3085 prejudicioccnius
1163 3018 1223 3072 erat
1249 3027 1353 3082 servus,
1380 3014 1598 3072 misericordiam
1625 3014 1751 3074 sanitatis
1784 3013 1885 3085 implo-

194 3105 373 3162 Remauserat
405 3105 542 3173 siquidem
569 3105 597 3160 in
628 3105 729 3173 juvene
758 3103 869 3173 quidam
902 3103 1017 3174 pudoris
1036 3177 1039 3187 ῃ
1057 3107 1141 3162 raret.
1166 3102 1235 3170 Quid
1259 3110 1350 3175 ergo?
1372 3103 1438 3162 vicit
1460 3104 1601 3162 bumilitas
1623 3103 1653 3162 in
1676 3104 1741 3172 isto,
1761 3103 1885 3162 amicitia

193 3198 425 3270 respectandum
449 3199 550 3250 caetera
573 3193 666 3253 omnia
690 3192 818 3260 laterent,
840 3198 1017 3263 preterque
1057 3189 1086 3248 in
1105 3190 1173 3262 illo;
1195 3190 1335 3262 praedatur
1358 3191 1472 3262 amicos,
1492 3191 1589 3262 diripit
1611 3191 1645 3252 ab
1669 3191 1710 3250 nis
1733 3191 1885 3262 diligenter

194 3281 377 3352 portendebat
395 3280 510 3339 sullusio
534 3284 678 3340 oculorum
693 3287 721 3340 et
744 3295 847 3340 moeror
860 3283 1017 3354 languentis
1058 3294 1194 3350 nummos,
1216 3283 1251 3340 de
1265 3282 1367 3353 quibus
1386 3283 1524 3352 perviam
1547 3282 1650 3340 relevet
1673 3281 1826 3352 aporiatos.
1845 3283 1885 3338 lta

193 3369 294 3428 vultos.
316 3371 449 3430 Omnibus
471 3371 543 3430 enim
563 3371 701 3428 devitabat
719 3371 917 3429 conscientiam
940 3385 1016 3429 suant
1057 3370 1128 3428 viam
1151 3370 1315 3442 ingreditur,
1338 3377 1367 3428 et
1391 3371 1466 3441 quod
1494 3371 1654 3430 sanissimus
1677 3370 1816 3440 quispiam
1841 3371 1885 3428 vix

192 3459 344 3530 insinnare,
369 3474 403 3518 ne
427 3459 539 3520 mollior
560 3458 618 3530 iol„
638 3459 746 3525 melior.
762 3475 808 3516 reo
825 3459 914 3530 vilior]
940 3461 1018 3518 lieret
1058 3459 1171 3527 valeret,
1196 3459 1322 3522 inbrmus
1344 3461 1514 3532 aggreditur,
1535 3459 1642 3520 laborat
1665 3459 1764 3520 dolore
1793 3459 1885 3530 plaga

192 3546 253 3618 ipsa
266 3548 434 3606 infirmitatis
448 3547 605 3607 devotione.
621 3548 692 3616 Quid
707 3562 774 3619 ergo
787 3546 901 3616 laceret,
917 3561 973 3618 quo
987 3563 1018 3606 se
1058 3562 1129 3616 rum,
1145 3553 1173 3604 ct
1188 3549 1328 3606 nimietate
1341 3549 1539 3610 inurmitatum.
1560 3551 1673 3619 Semper
1687 3548 1764 3608 solus
1779 3555 1885 3606 retror-

169 3635 176 3650 ⁶
194 3641 336 3692 verteret?
360 3644 418 3693 erat
442 3637 580 3692 miseriam
604 3643 632 3693 et
652 3636 777 3693 dolorem
797 3636 901 3704 videre,
922 3636 1018 3696 liorem
1058 3651 1118 3696 sum
1132 3637 1284 3709 equitabat,
1298 3639 1434 3710 quiaque
1449 3639 1571 3698 levamen
1586 3651 1646 3698 ease
1660 3637 1884 3704 debareeetiam

194 3725 303 3784 scillcet
317 3726 413 3796 prima
425 3727 577 3796 juventutis
592 3739 647 3782 non
662 3727 722 3784 sine
737 3725 813 3796 gravi
828 3725 928 3786 damno
943 3740 1019 3782 mar·
1058 3725 1169 3796 loquela
1187 3727 1326 3786 sociorum
1345 3729 1398 3787 sibi
1421 3729 1512 3799 gravis
1535 3733 1603 3794 erat,
1629 3733 1724 3798 utpote
1743 3728 1804 3797 qni.
1830 3727 1885 3786 nisi

194 3828 314 3874 cescere.
339 3816 367 3874 Si
382 3817 445 3885 quis
463 3817 537 3874 enlm
551 3815 657 3874 videret
670 3814 767 3872 oculos
785 3814 913 3885 lacrymis
930 3814 1017 3873 sullu-
1059 3817 1107 3874 liei
1121 3830 1151 3874 se
1170 3816 1317 3875 clementia
1334 3817 1483 3885 detineret,
1504 3831 1575 3888 pene
1590 3823 1668 3876 entra
1688 3831 1718 3874 se
1731 3816 1884 3887 aliquando

193 3917 241 3964 sos
262 3905 330 3975 leod.
347 3904 373 3972 l,
388 3904 541 3975 suffossosl,
561 3910 590 3964 ot
607 3904 711 3964 vultum
730 3904 850 3964 dolenlls
868 3907 1018 3962 mumntom
1059 3905 1151 3964 tiebat.
1176 3907 1298 3978 Cumque
1322 3911 1413 3966 nmen
1437 3907 1561 3966 obviaret
1583 3905 1761 3976 properibus,
1782 3906 1885 3966 virtute

195 3994 305 4053 colores
318 3993 489 4061 varios,non
504 3994 544 4052 illi
560 3994 673 4052 dubium
689 3999 763 4052 esset
776 3998 878 4064 quanta
892 3994 1018 4066 angustia
1059 4009 1113 4065 qna
1137 4000 1256 4064 peterat,
1276 3996 1449 4056 descendens
1462 3997 1497 4054 de
1511 4009 1584 4066 equo
1608 4009 1734 4055 nummos
1750 4001 1781 4054 el
1802 3995 1886 4056 senal-

195 4088 223 4139 et
238 4082 350 4140 tristitia
365 4096 427 4139 eunr
445 4081 562 4140 interius
577 4085 711 4142 turbaret.
1059 4097 1186 4144 nummos
1200 4083 1270 4144 clam
1285 4085 1440 4155 claudebat,
1456 4087 1485 4144 iu
1504 4099 1600 4146 eornm
1623 4079 1759 4152 nubibus,
1781 4091 1809 4146 et
1822 4085 1886 4144 dul·

230 4173 259 4230 6.
283 4170 327 4258 ld
354 4170 467 4228 medicor
492 4172 594 4242 [rostro
622 4173 786 4230 recurrite
811 4173 866 4228 Deo
892 4170 1019 4230 nmmlom
1059 4175 1130 4231 citer
1154 4175 1326 4242 exosculans,
1353 4177 1433 4246 qnasi
1456 4176 1491 4232 ad
1520 4181 1684 4246 presentem
1710 4176 1798 4234 ileum
1821 4174 1883 4242 led,

195 4265 341 4334 respectet.
367 4291 404 4302 -
434 4261 554 4320 Tandem
582 4275 638 4322 non
665 4259 906 4331 velens'amplius
933 4247 1016 4330 ierne,
1059 4263 1224 4334 Dominuml,
1240 4270 1270 4321 ut
1295 4265 1431 4326 veraciter
1454 4270 1524 4333 erat,
1546 4280 1607 4326 cum
1626 4264 1775 4338 gemitibus
1794 4269 1823 4322 ct
1841 4265 1884 4324 ln·

196 4351 281 4421 oopit
308 4349 472 4408 memoriam
500 4352 670 4410 medicorum
702 4351 863 4423 inquirere;
897 4355 925 4408 et
952 4339 1296 4424 qniallcrgmisclamons
1313 4353 1424 4412 aiebat:
1440 4355 1651 4420 nominatione,
1669 4365 1801 4412 succurre
1816 4352 1886 4412 mibi

196 4440 271 4511 quod
293 4439 421 4498 homines
439 4445 481 4498 tot
503 4442 660 4510 sententiae,
681 4455 752 4499 unus
770 4441 869 4498 asserit
887 4455 949 4500 curn
968 4455 1019 4499 cu·
1060 4444 1090 4500 in
1114 4443 1221 4502 cunctis
1240 4443 1295 4500 tuis
1318 4444 1552 4504 miserationibus.
1575 4445 1610 4502 Et
1623 4443 1664 4502 sic
1679 4456 1795 4502 ascenso
1809 4456 1885 4513 οιιιιο

196 4527 311 4588 randum
326 4541 403 4586 vene
422 4525 549 4586 irontalis
567 4531 703 4588 incisione
715 4551 723 4598 ;
752 4529 837 4601 [alius]
859 4529 1019 4588 adhibendo
1060 4531 1230 4604 stupetactus
1244 4533 1312 4600 ibat,
1328 4539 1485 4604 menteque,
1500 4549 1563 4606 quse
1577 4547 1644 4592 sana
1659 4539 1764 4594 ιιιιιιιιιι
1777 4545 1887 4592 remam

197 4617 377 4686 potionaret
403 4617 489 4676 totins
515 4619 623 4689 speeies
651 4619 806 4678 medicinae.
835 4620 901 4686 Quae
927 4619 1020 4678 onnia
1059 4629 1143 4696 serat,
1160 4623 1392 4695 semporbarens
1404 4625 1471 4682 beo.

196 4706 243 4765 ille
265 4705 371 4766 larebat
390 4707 505 4778 patienti
530 4709 632 4768 ammo.
657 4710 686 4766 Si
709 4709 782 4766 enlm
796 4709 874 4766 vivos
897 4709 1018 4779 arderet,
1095 4713 1122 4770 8.
1149 4711 1229 4786 arpo
1256 4713 1415 4770 commedit.
1441 4741 1476 4758 ι·-
1505 4711 1667 4772 remonitus
1685 4709 1732 4770 ubl
1750 4710 1886 4770 dicontur

196 4794 311 4858 baberet
335 4798 414 4867 qnasi
443 4811 495 4869 pro
521 4799 654 4859 remedio.
680 4813 741 4856 curn
770 4811 850 4856 omno
879 4799 1019 4869 ingenium
1060 4801 1153 4858 Sancti
1179 4801 1300 4872 nionvoii
1329 4801 1459 4872 bospitio,
1488 4801 1579 4862 adbuc
1604 4800 1743 4860 calabram
1771 4813 1807 4858 ex
1830 4811 1885 4856 no·

197 4891 226 4944 et
247 4884 384 4944 industria
412 4886 582 4945 medicorum
610 4887 722 4945 cederet
750 4887 917 4944 econtrario.
949 4887 1019 4954 Quid
1061 4890 1134 4948 mine
1166 4891 1236 4960 elne.
1262 4889 1356 4960 ibique
1388 4890 1517 4957 servitor.
1544 4890 1588 4948 cui
1621 4889 1785 4960 deputatum
1813 4893 1885 4952 erat,

198 4975 270 5032 enim
284 4974 325 5034 illi
341 4975 509 5046 proicerent
524 4976 666 5035 bominum
680 4977 837 5046 medicinae,
853 4991 934 5047 quern
948 4978 1021 5036 bens
1061 4980 1196 5048 respectis
1222 4983 1253 5036 ut
1276 4978 1385 5038 solebat
1411 4979 1627 5040 incisionibus:
1661 4979 1733 5044 fleu,
1757 4977 1883 5042 domine.

197 5063 285 5120 sancti
310 5063 458 5121 adalhardi
482 5065 634 5122 curandum
661 5066 818 5124 reservabat
842 5066 1020 5137 magnilleen-
1062 5067 1171 5134 altres
1195 5073 1240 5124 tna
1266 5067 1391 5138 quotidie
1415 5069 1489 5126 cedit
1512 5069 1540 5126 in
1564 5068 1696 5125 deterius.
1721 5068 1784 5123 Non
1808 5073 1884 5136 pote·

199 5151 266 5207 ilaei
289 5152 374 5224 liefr„
396 5167 423 5210 u.
452 5153 505 5226 ll.)
529 5155 613 5212 llulta
636 5156 728 5226 ltaque
751 5156 811 5211 sine
835 5154 954 5211 utilitate
978 5156 1021 5212 sui
1061 5157 1124 5212 ritis
1146 5157 1215 5213 viam
1240 5157 1392 5227 perlicere;
1413 5171 1526 5215 necesse
1549 5163 1593 5214 est
1614 5171 1663 5214 vos
1686 5169 1749 5213 cunr
1771 5155 1884 5212 seniore

198 5239 313 5298 rnedlcls
340 5244 533 5315 expendendo,
563 5245 648 5316 coepit
678 5244 846 5318 excogitare,
875 5247 1021 5316 quianon
1063 5251 1158 5304 nostro
1182 5246 1328 5303 consilium
1351 5247 1462 5304 babere.
1487 5247 1591 5326 Deinde
1615 5245 1707 5306 abbati
1733 5245 1883 5318 suggessit.

199 5335 242 5386 est
259 5329 380 5390 llens'ut
402 5335 505 5408 bomo,
527 5335 741 5408 etquicunque
760 5334 797 5392 sit
819 5333 953 5403 medicus,
969 5337 1022 5392 bo-
1062 5335 1154 5394 abbas
1174 5336 1261 5396 tristis
1283 5335 1395 5398 fratrem
1423 5338 1578 5404 accersivit,
1607 5343 1636 5392 ιιι
1664 5335 1703 5396 ibi
1732 5339 1884 5402 remaneat,

200 5418 267 5478 mini
281 5429 323 5482 est
336 5423 428 5494 salus;
454 5427 634 5498 quamobrem
653 5431 797 5484 crescente
817 5424 974 5481 inlirmitate
993 5425 1021 5482 in
1062 5431 1110 5482 aut
1124 5424 1221 5484 electis
1239 5439 1312 5495 qnos
1337 5426 1413 5486 malit
1436 5427 1593 5486 bominibus
1610 5425 1707 5486 redeat
1726 5431 1814 5492 rotro.
1829 5439 1887 5486 nne

201 5507 334 5579 deterius,
359 5527 435 5584 spem
464 5529 540 5572 suant
568 5529 677 5573 omnem
701 5515 775 5574 tollit
792 5514 827 5570 ab
851 5513 973 5582 bomine,
995 5519 1023 5570 et
1063 5514 1130 5571 nino
1153 5521 1256 5582 monet,
1272 5521 1402 5586 precatur
1421 5521 1449 5573 et
1468 5514 1598 5573 consulit.
1622 5516 1681 5573 lloc
1694 5519 1787 5572 autrm
1806 5514 1885 5574 dica·
