4106 6178
248 318 313 374 1271
812 317 957 372 ltrhhht
976 317 1197 373 stusnhtraiit
1215 315 1371 372 nitentur.
1864 313 1936 368 1272

245 446 275 502 in
294 459 326 502 ea
349 445 500 517 pyramide,
521 459 536 500 a
555 448 632 514 parte
652 441 814 507 occidentis,
834 447 931 500 statuae
949 442 1025 496 Jovis
1039 439 1207 508 etAeadem
1227 440 1293 497 mibi
1313 445 1341 496 et
1354 439 1432 496 vobis
1445 437 1504 495 iore
1519 440 1660 510 imperavi.
1676 441 1767 510 Spem,
1783 437 1934 504 inmunem,

247 534 392 606 Apollinis,
414 540 538 603 utraeque
558 547 590 588 ex
609 545 676 586 auro
698 531 842 600 purissimo
862 529 965 586 lusiles.
986 531 1071 585 Cum·
1114 529 1338 595 dominationem,
1363 528 1472 586 consilii
1498 528 1551 584 mei
1575 542 1706 584 summam
1730 528 1875 584 arbitratui
1888 543 1936 583 re-

249 621 426 695 quelamulae
446 621 580 678 bominici
605 619 724 674 mandati
744 633 880 675 memores
902 624 1027 675 statuunt
1041 623 1071 674 ut
1113 625 1171 676 stro
1196 619 1330 685 commisi,
1360 624 1442 688 atque
1468 617 1542 684 ideo,
1572 617 1646 687 quod
1671 617 1740 674 tides
1767 623 1858 672 vestra
1885 616 1936 671 ad·

249 726 283 768 cx
311 712 440 768 condicto
469 709 633 777 sacrificent,
660 714 867 778 prosternentes
886 722 915 764 se
930 709 964 763 ad
985 706 1072 778 pulvi·
1113 708 1223 765 modum
1243 708 1310 763 mihi
1331 712 1485 778 opportuna
1505 706 1666 777 jamdudum
1691 711 1812 776 spectata
1837 705 1935 761 marat.

248 800 336 866 naria,
362 800 460 856 clierre
483 798 573 865 thura,
600 797 746 854 hortantur
765 797 902 852 dominam
924 802 953 852 ut
977 796 1072 851 eadem
1114 798 1141 853 Si
1157 796 1336 867 quintiorum
1357 795 1427 852 lortc
1443 795 1615 862 inficiamini,
1631 795 1722 866 reipsa
1741 796 1769 850 iu
1789 793 1936 864 propatulo

249 888 351 954 laciat;
376 895 404 943 at
423 886 612 950 illarecusat;
634 887 936 963 rogant‚etabnegat;
956 883 1073 940 alhrmat
1115 885 1264 942 constituta
1292 883 1463 940 convincam.
1485 903 1498 936 u
1532 886 1566 939 ht
1593 883 1708 938 comites
1737 883 1816 952 plura
1844 883 1936 937 dicere

250 993 280 1034 se
304 977 391 1046 palam
415 976 517 1031 Christi
541 989 668 1044 sponsam
687 989 757 1040 csse,
776 981 804 1029 ct
827 975 890 1030 ideo
910 971 1073 1028 manufactis
1116 974 1282 1044 cupientem,
1308 973 1408 1028 talibus
1434 972 1658 1043 aggressionibus
1685 979 1829 1042 appetunt.
1859 973 1937 1027 «Fa-

249 1067 404 1124 simulacris
427 1065 584 1135 supplicare
600 1065 628 1119 in
648 1071 810 1134 perpetuum
827 1079 881 1119 nou
897 1064 1018 1131 debere;
1039 1061 1073 1117 ad
1117 1064 1196 1119 cilius
1219 1063 1322 1118 elavem
1347 1063 1381 1118 de
1406 1075 1487 1118 manu
1510 1061 1641 1118 divellere
1665 1062 1769 1118 valebis
1791 1061 1934 1126 Herculea,

251 1157 322 1212 hanc
356 1155 476 1225 denique
509 1168 603 1210 vocem
637 1156 752 1210 comites
780 1155 954 1222 obstrepunt,
986 1158 1076 1206 vestes
1117 1167 1197 1223 quam
1223 1165 1294 1218 nos,
1324 1166 1339 1208 a
1367 1151 1511 1207 cunabulis
1539 1151 1636 1208 devote
1669 1151 1828 1206 numinibus
1859 1164 1937 1204 sacra

252 1245 352 1316 quibus
388 1245 575 1300 induebantur
611 1251 725 1312 repente
763 1243 933 1308 discindunt,
958 1245 986 1297 et
1014 1254 1075 1296 sese
1117 1243 1265 1308 solventes,
1281 1241 1336 1297 tuis
1360 1239 1529 1296 icruentibus
1551 1241 1579 1296 iu
1599 1244 1657 1296 arte
1677 1239 1817 1296 rhetorica
1838 1239 1937 1294 studiis

252 1335 379 1390 manibus
402 1333 556 1390 lacerantes
576 1333 660 1387 bisin
681 1333 798 1402 puellam
815 1331 1075 1386 clamoribusinve·
1118 1331 1280 1387 Christiane
1313 1335 1396 1386 sectas
1429 1330 1532 1400 absque
1570 1329 1705 1400 promissa
1737 1329 1938 1399 disceptatione

253 1411 356 1479 huntur
376 1441 383 1477 ε
406 1422 562 1492 «pledge,
584 1421 727 1491 sacrilega,
744 1422 822 1490 cujus
838 1419 938 1475 dducia
958 1420 986 1474 in
1006 1419 1077 1473 hanc
1117 1421 1278 1491 adiungere.
1298 1420 1412 1475 Tantum
1437 1419 1460 1474 si
1489 1418 1519 1473 iu
1543 1418 1657 1475 deorum
1680 1417 1824 1474 divinitate
1846 1417 1940 1486 aliquo

253 1511 377 1567 declinas
395 1512 551 1566 insaniam?
574 1511 647 1566 unde
667 1517 720 1565 tam
746 1510 917 1566 reticendum
937 1505 1014 1565 netas
1028 1520 1077 1562 ore
1119 1509 1201 1564 modo
1216 1508 1337 1574 haesitas,
1355 1508 1391 1563 sit
1405 1520 1420 1561 a
1434 1508 1500 1563 Jove
1524 1507 1700 1576 principium,
1716 1505 1791 1576 quod
1816 1505 1839 1561 si
1855 1505 1943 1561 omni-

254 1598 361 1669 polluto
387 1599 490 1655 evomis
519 1599 661 1668 peritura?
689 1599 754 1666 Quae
782 1604 809 1652 te
839 1612 884 1652 res
911 1596 946 1652 ad
974 1600 1075 1651 tantam
1120 1603 1259 1668 potentem
1289 1609 1344 1652 non
1372 1609 1432 1652 esse
1464 1602 1606 1666 poctarum
1635 1595 1678 1651 vel
1713 1594 1943 1665 pbilosophorum

253 1688 452 1744 obscenitatem
481 1687 612 1758 impulit?
637 1701 690 1743 uon
715 1687 812 1750 torma,
828 1699 883 1741 non
908 1698 1005 1756 genus,
1021 1696 1077 1739 non
1120 1686 1288 1742 testimoniis
1315 1684 1547 1754 comprobaveris,
1573 1683 1798 1768 quandoquidam
1826 1691 1886 1740 tum
1910 1683 1944 1740 de

254 1776 358 1832 divitie
378 1776 511 1843 deerant;
536 1776 653 1831 huccine
669 1776 771 1831 Urbani
788 1777 874 1846 patris
889 1775 951 1830 vitae
968 1761 1109 1845 peractaB
1121 1775 1231 1832 ceteris
1254 1774 1425 1830 reticendum
1450 1781 1502 1839 cst,
1518 1774 1573 1829 tuis
1593 1775 1650 1844 jam
1672 1773 1876 1830 assertionibus
1894 1787 1946 1828 nos

255 1865 347 1921 studia
367 1872 500 1921 evasere?
522 1867 629 1934 Ergone
653 1879 686 1920 eo
708 1867 880 1921 miseriarum
905 1863 1077 1935 perducitur,
1120 1864 1254 1920 assentire
1273 1867 1363 1919 amota
1378 1862 1551 1918 dubitatione
1569 1861 1697 1930 videbis;
1720 1861 1764 1918 sin
1784 1867 1878 1917 autem
1893 1861 1946 1917 boc

256 1959 287 2009 ut
308 1967 390 2023 quam
414 1954 473 2023 ipse
489 1954 577 2022 primo
593 1953 626 2008 ad
646 1953 779 2009 horrorem
796 1953 909 2009 deorum
934 1955 1078 2009 immorta·
1121 1966 1245 2008 asserere
1278 1950 1348 2007 torte
1379 1951 1559 2020 nequiveris,
1598 1950 1737 2021 equitatis
1768 1950 1947 2006 ratiocinatio

254 2041 332 2108 lium,
354 2041 419 2096 inde
443 2047 555 2096 senatus
575 2041 663 2110 plebis
682 2042 833 2111 populique
848 2042 963 2098 Romani
979 2041 1079 2097 artium
1122 2047 1235 2112 praestat
1258 2047 1289 2096 ut
1312 2041 1371 2111 pari
1394 2039 1477 2096 modo
1500 2039 1615 2096 deorum
1638 2045 1797 2096 nostrorum
1818 2052 1874 2094 una
1899 2053 1948 2094 no-

256 2129 412 2187 liberalium
435 2129 591 2198 disciplinis
613 2129 713 2184 instrui
738 2130 834 2196 voluit,
856 2143 905 2200 per
924 2136 950 2185 te
971 2130 1082 2200 potissi·
1123 2131 1228 2186 biscum
1265 2128 1393 2186 subdaris
1430 2129 1557 2199 imperio.
1578 2147 1592 2180 ι
1630 2127 1838 2198 sapientissima
1871 2129 1947 2197 virgo

257 2232 329 2274 mum
354 2217 499 2273 clarissimi
525 2217 635 2288 generis
658 2219 700 2274 sui
725 2217 863 2273 inlatuiam
883 2224 911 2274 et
930 2218 1081 2290 perniciem
1123 2219 1269 2290 respondit
1289 2238 1296 2274 :
1318 2237 1333 2270 ι
1357 2218 1398 2274 Sit
1418 2219 1496 2289 juxta
1515 2223 1633 2274 vestram
1656 2217 1842 2282 seutentiam
1879 2230 1947 2280 rem,

257 2307 410 2365 sortiatur?
433 2307 483 2374 Qui
498 2313 526 2362 et
545 2308 568 2362 si
594 2307 662 2362 nihil
682 2308 747 2363 saevi
766 2307 890 2363 criminis
909 2308 977 2364 alias
990 2307 1083 2363 videa·
1125 2322 1206 2380 quam
1230 2308 1313 2364 modo
1328 2308 1436 2362 dictura
1459 2321 1530 2376 sum,
1551 2315 1628 2377 puto,
1644 2305 1728 2364 corde
1754 2305 1876 2373 tenetis;
1901 2305 1950 2361 sed

257 2401 303 2452 tur
331 2396 360 2451 in
388 2396 477 2467 patria
506 2396 687 2462 commisisse,
722 2403 814 2452 tamen
842 2397 916 2466 quod
947 2404 973 2451 te
1001 2395 1083 2451 talem
1126 2400 1155 2454 iu
1174 2398 1297 2454 auctoris
1310 2397 1474 2453 sententiam
1494 2396 1612 2466 pedibus
1630 2397 1671 2452 ire
1685 2397 1718 2452 ad
1736 2409 1862 2466 praesens
1876 2393 1950 2451 lasti-

259 2482 417 2540 educaverit
436 2483 529 2550 liliam,
548 2484 718 2539 meritissimi
737 2486 896 2540 censebitur
915 2487 987 2540 inter
1002 2484 1085 2539 maxi·
1126 2487 1203 2544 ditis.
1227 2489 1258 2542 ln
1282 2485 1330 2541 illc
1355 2499 1471 2556 namque
1500 2485 1595 2542 libello
1618 2485 1737 2556 apuleii,
1762 2484 1872 2555 quide
1897 2486 1952 2540 beo

259 2572 297 2628 mi
321 2585 384 2628 reus
407 2570 548 2627 facinoris·
568 2572 609 2627 hd
632 2572 686 2627 hoc
710 2573 804 2642 itaque
829 2574 968 2629 obstinato
993 2572 1084 2628 animo
1127 2576 1243 2634 sacratis
1257 2573 1394 2642 titulatur,
1406 2576 1435 2630 iu
1445 2588 1500 2644 quo
1514 2581 1629 2644 propter
1642 2573 1832 2631 incredibilem
1844 2572 1952 2642 copiam

262 2661 421 2718 dulcissima
440 2660 579 2716 connubia
598 2661 771 2716 exsecraris?
789 2668 816 2717 et
838 2661 1085 2719 illustrissimorum
1128 2666 1344 2734 suavitatemque
1377 2662 1488 2719 dicendi
1521 2677 1595 2733 saepe
1628 2668 1656 2718 et
1690 2662 1807 2719 multum
1840 2661 1953 2717 studere

213 2816 218 2822 Ι
261 2752 392 2822 juvenum
407 2749 559 2820 amplexus,
571 2750 671 2819 quibus
688 2750 802 2805 nihilne
817 2749 1087 2821 conjiciturquidem
1109 2755 1295 2821 solebamus,
1312 2766 1367 2809 uon
1382 2752 1470 2808 solum
1486 2752 1521 2808 de
1544 2753 1707 2822 impotentia
1724 2752 1843 2822 Jupiter,
1860 2765 1953 2807 verum

266 2838 384 2903 dulcius,
411 2836 583 2906 reformidas,
609 2844 638 2893 ut
667 2838 771 2894 bomini
795 2839 903 2909 perdito
923 2837 1088 2909 virginitatis
1130 2845 1212 2900 etiam
1240 2844 1275 2900 ue
1304 2842 1458 2898 commissis
1480 2842 1514 2899 ad
1538 2855 1621 2912 posse
1648 2841 1803 2898 sceleribus
1829 2841 1953 2910 apertius

271 2932 326 2982 lllffl
346 2926 465 2998 insignia
483 2928 604 2997 perdas?
624 2934 651 2983 θῑ
666 2928 787 2994 numina,
803 2928 913 2998 quibus,
929 2927 952 2984 Si
968 2932 1089 2997 ῡιῑιιθὸ,
1131 2932 1322 2990 inflammatur.
1361 2933 1426 2986 Nam
1464 2944 1526 2986 cum
1565 2932 1616 2986 iste
1649 2938 1739 2986 vester
1775 2930 1953 2998 omnipotens

268 3016 329 3071 usui
353 3015 471 3071 maximo
495 3015 578 3084 iores,
595 3016 628 3071 ad
650 3017 688 3071 tui
713 3030 820 3086 plenam
844 3017 921 3072 exitii
944 3016 1089 3086 perhorre·
1131 3034 1244 3078 summu
1259 3021 1405 3090 potestatis
1423 3019 1510 3091 gloria
1525 3021 1694 3076 cretensium
1711 3031 1797 3089 regno
1816 3018 1953 3089 potiretur

266 3110 349 3160 scas?
376 3107 415 3159 hn
445 3109 471 3159 te
500 3104 567 3160 latet
594 3105 659 3174 quia
687 3119 720 3160 ex
745 3119 800 3175 quo
823 3110 906 3161 tauta
926 3103 1188 3182 calamitatisll(sie
1202 3110 1275 3165 enim
1298 3108 1337 3164 ibl
1360 3108 1542 3178 accepimus).
1561 3107 1712 3164 ascribatis
1725 3107 1782 3163 lilio
1802 3119 1901 3178 magna
1914 3105 1949 3172 vi,

266 3197 425 3266 portentum
454 3192 549 3247 urbem
577 3193 700 3263 irrepsit,
721 3195 835 3250 Romani
864 3194 973 3263 imperii
999 3198 1087 3248 status
1128 3198 1270 3268 multoque
1293 3196 1387 3253 labore
1412 3201 1596 3267 oppugnatus,
1613 3196 1676 3253 dum
1693 3197 1823 3252 resistere
1841 3195 1950 3264 nequit,

264 3287 438 3338 externarum
462 3281 584 3352 gentium
613 3282 717 3351 pretiis
738 3283 882 3338 lacessitus
904 3281 1086 3349 imminuitur,
1128 3287 1199 3344 solio
1212 3285 1343 3356 expulsus
1357 3285 1492 3342 abscedit.
1509 3287 1541 3340 Et
1559 3285 1624 3356 quia
1638 3284 1759 3342 ludibrio
1775 3301 1791 3340 a
1805 3283 1864 3340 suis
1878 3297 1950 3340 com·

263 3369 401 3440 variisque
430 3369 631 3426 calamitatibus
659 3372 850 3440 mancipatur?
879 3370 983 3426 Exhibe
1009 3383 1086 3440 crgo,
1129 3375 1248 3448 plicibus
1275 3373 1436 3441 habebatur,
1467 3374 1514 3430 diu
1540 3388 1590 3430 sua
1620 3373 1796 3445 indagatione
1825 3373 1950 3428 incertus

264 3459 329 3516 ditm
354 3459 438 3525 iales.
467 3464 575 3530 artium
604 3459 658 3516 diis
687 3461 861 3530 Obsequium.
886 3474 932 3525 ne,
959 3459 994 3514 ad
1020 3459 1088 3522 irim
1129 3471 1220 3522 tamen
1240 3463 1340 3520 habitis
1359 3462 1489 3532 auspiciis
1511 3477 1572 3520 sese
1591 3465 1740 3533 empireum
1766 3463 1881 3533 inierim
1897 3461 1952 3518 diis

265 3548 382 3607 “sterilis
405 3551 572 3618 lli0l0⁰³lis‚
596 3550 752 3621 Augustalis
775 3550 920 3606 sententia
940 3555 1015 3606 motu
1034 3548 1088 3604 im·
1130 3553 1264 3610 sacrificia
1292 3552 1426 3620 exhibuit,
1451 3567 1554 3623 eosque
1582 3552 1703 3624 postulat
1725 3552 1779 3608 sibi
1807 3551 1950 3622 opitulari,

266 3645 400 3695 maturam
419 3643 534 3694 moriem
555 3639 748 3708 experiaris.»
1131 3643 1232 3714 quibus
1259 3641 1471 3713 suffragantibus
1498 3641 1586 3698 bostis
1609 3641 1774 3707 devincitur,
1795 3647 1824 3697 ct
1846 3641 1886 3696 ita
1903 3641 1952 3696 Ju-

302 3727 343 3784 ad
363 3727 423 3783 haec
446 3741 507 3782 cum
532 3727 585 3782 alia
606 3727 751 3783 maledicta
775 3727 932 3784 adderent:
950 3728 1088 3795 «ριιιιο,
1132 3731 1205 3802 piter
1236 3731 1330 3788 existit
1361 3729 1509 3787 laureatus.
1543 3729 1641 3797 Plane,
1675 3737 1705 3786 ut
1737 3744 1812 3797 reor,
1846 3743 1952 3786 mecum

270 3817 361 3886 iuquit
382 3815 530 3881 Christina,
555 3829 686 3886 quorsum
706 3816 765 3872 haec
788 3815 976 3885 corruptionis
1000 3815 1091 3870 evadit
1133 3819 1296 3876 acuminatis
1329 3833 1391 3876 eum
1423 3819 1457 3876 de
1494 3818 1718 3890 impossibilitate
1749 3819 1836 3875 satius
1874 3831 1953 3888 posse

270 3905 431 3960 temeritas?
461 3904 633 3960 bacchamini
657 3905 771 3960 multum
800 3906 828 3960 in
855 3905 1003 3970 dominam,
1024 3901 1093 3959 resi·
1133 3909 1235 3976 uocari,
1259 3908 1307 3979 qui
1335 3921 1466 3978 regnum,
1494 3907 1568 3979 qued
1597 3922 1648 3964 suo
1672 3909 1728 3977 juri
1758 3906 1952 3974 vindicaverat,

271 3991 370 4062 bistili
394 3991 422 4046 ¹¹¹
447 3992 519 4058 h003
549 3994 662 4062 (tuille,
679 3997 710 4048 Ul
735 3993 859 4060 misellis,
880 3993 999 4047 Minerva
1024 3990 1092 4047 nihil
1134 3997 1215 4054 bellis
1238 4002 1333 4066 aperte
1351 3996 1514 4062 continetis,
1534 3995 1608 4053 hosti
1632 3995 1754 4066 reliquit,
1774 3995 1870 4066 etqui
1894 4009 1953 4050 eum

273 4078 365 4136 docet.
395 4081 506 4134 servam
531 4080 730 4149 disputantium
755 4081 956 4137 consuetudine
980 4081 1094 4136 alteruis
1135 4100 1197 4144 eum
1221 4099 1277 4156 quo
1300 4098 1396 4142 manus
1414 4084 1540 4143 conterre
1564 4085 1640 4142 solus
1663 4085 1784 4150 erubuit,
1809 4091 1857 4140 aut
1880 4091 1954 4140 certe

273 4165 307 4224 ad
324 4166 555 4236 comprobandam
579 4168 620 4222 rei
642 4169 784 4223 veritatem
808 4169 1026 4240 obtemperando
1045 4169 1094 4226 do·
1136 4173 1252 4242 denuit,
1285 4174 1394 4230 auxiliis
1426 4173 1546 4242 alienis,
1581 4188 1661 4244 quem
1695 4173 1805 4230 lletibus
1836 4173 1957 4230 obtinuit

274 4263 381 4316 ctorum
392 4256 551 4312 testimonio
566 4257 758 4326 procedamus.
772 4276 785 4310 u
802 4259 835 4313 Et
849 4256 904 4314 itlae
916 4276 923 4314 ι
937 4258 989 4313 esi
1005 4265 1094 4327 potes,
1137 4263 1308 4321 interficit.»
1329 4265 1362 4320 Et
1382 4263 1463 4334 paulo
1488 4270 1551 4333 post
1572 4263 1645 4320 idem
1663 4263 1796 4334 apuleius
1818 4262 1852 4320 dc
1878 4263 1956 4318 ince-

273 4343 413 4415 isslluillssb
434 4349 462 4400 ῑῑΙ
478 4345 555 4414 prior
568 4347 616 4416 qui
635 4358 732 4402 censes
750 4347 885 4418 agendum
904 4346 1065 4417 aggredere.
1081 4364 1095 4397 ι)
1138 4353 1241 4410 stuosls
1255 4353 1315 4422 ejus
1328 4351 1497 4410 facinoribus
1511 4354 1549 4408 ita
1564 4351 1682 4409 orditur.
1699 4371 1714 4404 ι
1730 4351 1958 4423 Expergiscimini

273 4436 308 4492 ht
331 4433 434 4504 puella,
450 4439 479 4491 ut
494 4439 553 4490 crat
568 4440 708 4492 oratorum
730 4435 829 4492 studiis
847 4448 974 4502 accensa,
990 4435 1027 4490 ita
1042 4421 1129 4490 sile
1140 4442 1332 4513 'pulcherrime
1347 4449 1463 4499 matrum
1478 4441 1613 4510 iamilias;
1634 4442 1724 4498 biberi
1739 4441 1851 4512 quidem
1875 4441 1961 4511 patris

275 4537 322 4582 aas
340 4520 468 4580 allectare
493 4524 692 4581 benevolentiae
716 4523 786 4582 locis
810 4525 898 4595 primo
923 4537 1021 4581 conata
1044 4529 1096 4580 est.
1138 4530 1215 4588 ieriae
1247 4544 1341 4586 meuse
1373 4531 1499 4601 sequenti
1532 4531 1699 4597 subintrant,
1732 4535 1807 4586 certe
1840 4529 1959 4584 vicissim

276 4631 291 4662 ι
306 4611 479 4680 Meministis,
495 4614 589 4681 socias,
605 4619 707 4683 quanta
724 4614 753 4670 in
774 4614 915 4683 prosperis
930 4620 957 4668 et
976 4613 1099 4670 adversis
1139 4620 1214 4676 illius
1237 4620 1412 4677 simulacrum
1437 4634 1487 4690 pcr
1510 4633 1584 4686 rura,
1610 4633 1660 4690 per
1682 4619 1812 4689 compita,
1832 4617 1892 4675 imo
1915 4631 1961 4688 per

277 4707 457 4774 utrorumque
476 4703 694 4760 communicatur
717 4717 781 4775 erga
805 4717 853 4760 vos
874 4703 997 4770 exitium,
1023 4703 1098 4773 quod
1140 4709 1235 4767 urbem
1240 4747 1959 4766 ................

279 4789 361 4847 etiam
376 4805 465 4862 neque
480 4791 582 4861 animo,
597 4805 685 4862 neque
701 4805 818 4863 corpore
833 4807 848 4847 a
862 4791 940 4849 vobis
955 4790 1087 4848 abfuerim
1092 4830 1722 4854 ..............
1754 4797 1863 4854 llarcus
1882 4797 1961 4853 etiam

279 4879 386 4951 Saepius
414 4893 465 4952 ego
493 4894 599 4937 mecum
629 4894 826 4951 proposueram
852 4880 901 4946 uti,
931 4887 992 4951 post
1015 4881 1101 4950 patris
1141 4879 1226 4935 Varro
1241 4878 1308 4948 quid
1323 4878 1358 4934 dc
1373 4877 1424 4935 bac
1438 4877 1483 4934 cul
1502 4877 1673 4948 supplicatis,
1690 4878 1770 4933 Vesta
1793 4875 1823 4933 in
1847 4877 1962 4948 digestis

283 4969 432 5039 matrisque
469 4974 600 5037 extrema,
643 4970 728 5027 totius
763 4969 921 5040 patrimonii
958 4983 1100 5037 summam,
1142 4969 1200 5024 suis
1222 4967 1349 5035 allixcrit,
1373 4969 1440 5024 satis
1464 4967 1619 5039 legentibus
1642 4972 1727 5036 pat-ct.
1743 4966 1836 5032 Vesta,
1862 4967 1960 5038 inquit,

282 5057 380 5116 lamam
404 5063 495 5115 tamen
518 5058 672 5129 intelligere
697 5071 794 5127 meam,
818 5064 948 5115 caetemm
972 5072 1050 5114 usum
1075 5059 1103 5112 et
1143 5071 1205 5127 qua
1238 5058 1395 5128 nuperrime
1422 5057 1586 5128 virginitatis
1610 5054 1753 5126 privilegio
1780 5053 1961 5126 gloriabatur,

282 5148 505 5218 procurationem
529 5149 589 5218 ejus
613 5161 698 5218 penes
720 5162 768 5204 vos
787 5161 858 5216 esse,
880 5161 945 5204 aves
961 5148 1027 5202 milti
1052 5159 1102 5216 pa·
1143 5146 1217 5204 Jovis
1240 5145 1376 5202 adulterio
1396 5146 1540 5212 incestata,
1561 5158 1623 5201 cum
1642 5143 1677 5200 dc
1702 5143 1763 5213 ejus
1784 5146 1962 5214 corruptione

283 5241 403 5306 rentum,
427 5251 477 5294 vos
504 5236 624 5294 aidnium
648 5237 712 5294 loco
735 5237 847 5293 ducere.
875 5237 1013 5293 Praeterea
1031 5235 1102 5303 bac,
1145 5236 1262 5305 questio
1281 5240 1432 5301 vereretur,
1453 5233 1640 5304 corruptionis
1667 5247 1724 5288 suae
1750 5231 1887 5288 instinctu
1910 5233 1962 5287 cri-

284 5339 347 5396 quae
375 5341 431 5397 prae
462 5327 587 5383 manibus
614 5334 688 5394 sunt,
716 5326 853 5393 monilia,
886 5324 1103 5394 dextrocheria,
1145 5323 1358 5394 brumdeaqua
1376 5322 1499 5394 implevit
1517 5321 1635 5388 Tiberis,
1650 5327 1678 5376 et
1696 5319 1761 5390 quia
1780 5331 1837 5377 uon
1858 5321 1963 5391 perluit

286 5416 402 5473 annulos
425 5415 653 5488 praefulgentibus
674 5415 789 5487 gemmis
807 5415 970 5472 mirabiliter
990 5413 1105 5485 iusigni-
1146 5411 1210 5468 laeti
1236 5411 1350 5468 abstulit
1377 5410 1602 5468 controversiam.
1626 5412 1648 5466 0
1671 5408 1789 5466 delirum
1815 5415 1919 5480 caput!
1948 5423 1963 5462 c

286 5511 340 5571 tos,
355 5513 445 5563 vestes
464 5521 627 5578 purpureas,
643 5513 671 5563 ct
689 5519 757 5563 auro
782 5505 928 5576 purissimo
952 5504 1104 5573 redimitas,
1146 5501 1283 5558 bominem
1304 5500 1389 5558 totins
1407 5500 1521 5557 sceleris
1539 5498 1606 5555 lace
1627 5497 1780 5568 pollutum!
1806 5510 1963 5554 oexsccrs

287 5592 444 5665 omniaque,
460 5595 561 5667 quibus
575 5595 658 5668 regia
681 5596 775 5668 proles
796 5593 911 5655 mirilico
925 5594 1094 5652 adornantur
1147 5591 1212 5660 bile,
1228 5595 1256 5648 et
1269 5592 1343 5648 omui
1362 5589 1503 5662 oppletum
1517 5587 1691 5647 deformitate
1713 5593 1888 5644 monstrum!
1909 5585 1963 5643 rio·
