4034 6152
218 245 273 314 963
832 251 999 314 brennum
1018 250 1063 308 lb
1080 249 1284 312 munusturi
1857 249 1915 310 964

218 380 300 455 (158),
330 378 378 449 qui
403 383 463 435 erat
489 379 573 450 buius
601 377 719 436 ecclesie
748 375 904 436 ordinarius
925 383 953 434 et
978 377 1076 446 postA
1120 377 1194 434 obiit
1209 377 1350 448 predictus
1364 375 1483 434 domnus
1496 375 1632 432 llenrieus
1651 377 1687 434 de
1700 379 1797 436 setara
1811 379 1913 436 Brebie

219 477 335 528 mortem
347 469 465 540 predicti
481 469 563 541 legati
572 473 599 525 et
611 468 691 526 electi
707 474 770 524 ante
786 467 1044 526 hancesaminatio-
1086 479 1111 522 a.
1127 469 1159 522 lt.
1178 465 1255 532 12³0,
1275 465 1306 520 16
1321 464 1380 522 ιιιι.
1396 467 1470 530 0ot..
1486 471 1516 522 et
1537 466 1663 536 sepultus
1685 475 1728 524 est
1742 469 1772 523 in
1791 469 1913 524 eeclesia

219 575 282 619 nem
301 561 408 631 legatus
429 559 581 631 apostolice
596 559 671 614 sedis
690 558 813 615 ellectus.
829 557 936 614 Nullius
956 563 1045 612 tamen
1086 558 1173 614 sancti
1199 557 1319 613 Victoris
1341 555 1375 612 ad
1400 556 1523 624 ulmum
1548 563 1577 614 et
1590 557 1673 614 modo
1687 558 1853 615 translatum
1870 567 1914 614 est

220 651 321 709 electio
336 648 389 706 luit
403 649 438 706 ab
452 648 621 706 electoribus
639 648 790 705 secuudum
811 661 913 704 morem
933 646 1046 704 solitum
1086 647 1115 704 in
1137 646 1256 704 ecclesia
1278 651 1437 704 sauctorum
1460 647 1603 704 merbrum
1619 648 1735 705 Nahoris
1754 654 1783 705 et
1799 648 1912 714 Felicis,

220 739 413 811 pronunciata,
429 739 552 809 qualibet
566 746 644 809 parte
661 752 736 794 suam
757 737 921 793 electionem
937 735 1046 792 ιιιιιιιι
1087 743 1115 794 ιι
1130 737 1168 794 ιιι
1185 738 1269 807 jacet.
1294 737 1375 794 Stetit
1399 742 1490 795 autem
1512 737 1543 793 in
1566 737 1717 808 episcopali
1741 737 1809 794 sede
1834 753 1862 793 a.
1883 738 1915 792 lo

220 828 281 887 lore
295 829 502 899 mancipandam
513 827 675 896 aillrmante,
686 833 714 883 et
729 839 782 884 una
800 827 909 898 quidem
923 840 1047 882 assereu-
1088 832 1115 882 et
1129 840 1165 882 m.
1185 825 1321 882 lominus
1338 825 1370 880 12
1385 826 1495 884 diebus.
1510 828 1591 883 Stetit
1615 827 1743 898 equidem
1759 827 1825 884 ideo
1840 828 1914 884 dixit

222 923 259 987 te,
275 931 305 974 se
319 931 435 974 numero
449 916 610 987 ampliorem
626 922 654 972 et
668 917 732 973 ideo
746 929 825 971 suum
845 915 963 972 electum
986 927 1046 971 esse
1087 920 1115 972 et
1129 929 1185 973 non
1199 917 1282 984 sedit,
1293 917 1374 974 sicuti
1389 917 1425 972 de
1440 916 1580 987 plerisque
1593 917 1793 986 suprascriptis
1807 917 1913 973 dictum

220 1006 466 1080 pronuntiantium,
482 1006 597 1062 aliarum
625 1019 690 1062 vero
710 1005 828 1075 partium
848 1010 963 1076 utraque
979 1004 1045 1060 alte·
1088 1007 1220 1077 estquis
1241 1011 1314 1064 stare
1342 1007 1490 1076 pugnantis
1513 1011 1542 1062 et
1562 1019 1612 1062 seu
1631 1005 1795 1072 laborantis,
1813 1007 1913 1062 sedere

221 1101 314 1169 gante,
331 1109 361 1152 se
373 1095 563 1152 licetnumero
579 1094 733 1152 breviorem
747 1098 837 1150 mmen
852 1093 1005 1165 digniorem
1020 1097 1048 1148 et
1087 1109 1153 1152 vero
1168 1096 1347 1166 quiescentis.
1370 1096 1438 1152 Toto
1461 1095 1533 1151 enim
1547 1093 1605 1152 lere
1620 1094 1662 1150 sui
1678 1096 1825 1168 regiminis
1840 1103 1913 1152 tem·

220 1185 285 1242 ideo
309 1197 386 1240 suam
401 1185 564 1242 electionem
581 1199 641 1241 esse
657 1183 850 1241 eldcaciorem.
871 1185 929 1240 llec
944 1184 1048 1254 quippe
1089 1199 1156 1256 pore
1181 1186 1209 1241 in
1234 1184 1329 1242 labore
1352 1184 1405 1240 init
1422 1191 1450 1240 et
1476 1197 1566 1254 pugna
1586 1197 1641 1240 uon
1661 1185 1786 1252 minima,
1806 1185 1915 1241 scilicet

221 1275 363 1332 contentio
375 1275 462 1332 multo
473 1281 597 1345 ternpore
612 1274 730 1342 duravit,
749 1274 826 1344 quasi
837 1278 927 1330 tamen
944 1273 1044 1342 sopita,
1089 1288 1140 1345 pro
1154 1274 1241 1331 totius
1255 1273 1381 1331 ecclesie
1396 1273 1499 1330 tuenda
1523 1273 1662 1342 libertate,
1677 1287 1728 1344 pro
1755 1273 1843 1330 istlus
1861 1287 1916 1330 ma-

220 1378 273 1423 nec
288 1379 381 1422 coram
399 1364 541 1435 judicibus
563 1363 615 1420 luit
633 1364 743 1434 questio
763 1362 833 1419 bene
853 1363 982 1418 discussa
997 1375 1048 1418 nec
1086 1364 1156 1435 joris
1170 1363 1287 1420 ecclesie
1302 1363 1408 1420 honore
1424 1363 1624 1432 conservando,
1640 1377 1691 1433 pro
1710 1363 1849 1420 hereticis
1867 1379 1916 1419 ex·

224 1455 373 1524 ventitata;
384 1469 469 1525 quare
484 1455 574 1511 adhuc
585 1459 709 1511 remanet
722 1453 851 1510 insoluta.
869 1455 985 1524 Propter
995 1453 1049 1509 hu·
1089 1452 1236 1524 pellendis,
1252 1466 1302 1522 pro
1317 1453 1459 1523 episcopis
1471 1451 1519 1524 qui
1532 1453 1723 1509 videbantura
1737 1453 1913 1523 subjectione

221 1544 343 1615 iusmodi
355 1545 561 1601 contentionem
577 1544 695 1601 domnus
719 1557 789 1615 papa
813 1542 926 1614 capituli
945 1542 1050 1600 nuntiis
1089 1540 1302 1600 mediolanensis
1322 1540 1439 1598 eoeleste
1462 1541 1593 1606 absoluti,
1608 1541 1822 1612 recuperandis.
1837 1542 1915 1596 Unde

218 1634 472 1700 adseconvocatis,
486 1633 617 1690 domuum
632 1633 781 1690 henricum
795 1633 831 1689 de
846 1635 951 1700 setara,
967 1633 1050 1702 hujus
1091 1633 1221 1689 domnum
1252 1631 1442 1688 omnebonum
1474 1631 1635 1702 episcopum
1661 1634 1915 1696 ceremonensem,

221 1723 338 1779 ecclesie
356 1723 553 1780 cimiliarcham
578 1730 606 1779 et
629 1724 716 1793 ipsius
734 1723 880 1794 apostolici
894 1716 1078 1780 subduco-B
1089 1721 1137 1791 qui
1151 1719 1273 1778 debitam
1291 1721 1356 1778 huic
1370 1721 1497 1778 ecclesie
1522 1721 1703 1778 reverentiam
1727 1721 1812 1778 anule
1826 1717 1914 1791 pluri·

221 1826 297 1881 num,
316 1812 363 1883 qui
378 1819 439 1869 erat
461 1813 584 1869 Bononie
608 1812 637 1868 in
652 1812 746 1880 scolis,
762 1813 791 1868 in
810 1818 948 1884 pastorem
963 1811 1046 1888 elegit
1087 1812 1139 1868 bus
1151 1817 1276 1883 prestare
1290 1818 1464 1868 recusaverat
1480 1817 1509 1867 et
1521 1826 1552 1868 ιι
1564 1812 1653 1868 teneri
1668 1811 1785 1868 obedire
1802 1811 1914 1868 omniuo

221 1916 247 1958 a.
263 1903 294 1958 b.
314 1901 392 1971 1213,
407 1901 435 1958 t.
452 1902 497 1958 ιιι
511 1904 580 1960 Nor.
597 1904 630 1958 lit
645 1907 740 1958 notate
764 1903 838 1973 quod
863 1903 959 1973 paucis
982 1909 1045 1958 ante
1089 1901 1216 1972 negabat,
1229 1907 1292 1972 post
1304 1901 1408 1958 multos
1422 1901 1533 1958 labores
1551 1907 1580 1957 et
1593 1906 1720 1971 sumptus
1734 1905 1763 1956 et
1776 1900 1913 1956 dinbnam

221 1991 404 2063 temporibus,
429 1997 538 2049 mortuo
571 1992 653 2048 beato
688 1991 815 2059 Galdino,
845 1993 923 2064 quasi
947 1993 1046 2050 similis
1087 1991 1292 2048 contentionem
1316 1995 1344 2046 ιι
1367 1989 1501 2060 prolixam
1525 1990 1554 2046 in
1569 1991 1645 2046 curia
1660 1991 1785 2045 Romana
1800 2003 1863 2046 cum
1879 2003 1911 2044 eo

222 2081 343 2139 sednon
360 2086 414 2137 tarn
430 2081 752 2152 prolixaluitcontentio
768 2082 1045 2155 interarchtpreshp·
1086 2080 1217 2149 habitam,
1234 2080 1343 2138 tandem
1369 2081 1486 2136 evictum
1508 2083 1550 2136 cst
1575 2093 1625 2149 per
1648 2080 1816 2136 sententiam
1840 2092 1910 2134 con-

181 2169 189 2185 ‘
220 2174 309 2228 terum
325 2175 353 2227 et
374 2170 619 2240 archidiaconum
645 2175 760 2242 propter
783 2185 901 2242 quorum
926 2177 1045 2230 eonten-
1086 2169 1263 2240 dempnatum
1287 2169 1407 2227 debitam
1431 2169 1591 2226 lidelitatem
1611 2170 1729 2239 prestito
1750 2170 1910 2239 juramento

221 2261 325 2318 donem
335 2261 471 2320 electores
481 2268 509 2318 et
518 2261 642 2333 episcopi
659 2261 741 2332 hujus
755 2261 872 2319 ecclesie
886 2268 1004 2334 utroque
1014 2263 1046 2319 il·
1085 2259 1168 2316 solito
1197 2273 1274 2317 more
1301 2259 1411 2331 publico
1440 2273 1532 2317 coram
1560 2261 1661 2316 cuncto
1690 2257 1812 2314 civitatis
1830 2258 1912 2314 istius

221 2350 310 2408 lorum
325 2352 434 2422 abiecto
459 2351 602 2423 elegerunt
620 2351 750 2409 domnum
773 2351 905 2422 hlgisium
923 2351 1044 2408 dePlro·
1086 2349 1171 2416 clero,
1192 2350 1232 2406 ibi
1246 2350 1328 2406 etiam
1347 2353 1453 2406 ιιιιιιι
1477 2349 1622 2405 innumera
1645 2347 1741 2418 populi
1760 2347 1910 2418 utriusque

220 2452 302 2508 rano,
320 2441 368 2510 pru
383 2447 444 2496 erat
464 2440 591 2495 similiter
605 2439 781 2509 cymiliarcha
796 2447 823 2495 et
837 2439 975 2509 presbiter
989 2454 1044 2510 quo
1085 2453 1168 2496 sexus
1181 2439 1357 2496 multitudine
1371 2439 1541 2496 diversarum
1553 2443 1666 2506 etatum,
1682 2437 1790 2494 seilicet
1805 2449 1911 2508 puero-

221 2527 314 2584 uullus
327 2533 423 2599 postea
439 2541 526 2598 usque
550 2539 624 2583 nune
642 2527 694 2583 luit
712 2528 778 2584 bule
797 2527 915 2584 ecclesie
938 2529 1042 2586 utilior.
1086 2541 1156 2596 runt,
1172 2529 1400 2596 adolescentium,
1408 2529 1539 2598 Juvenum
1554 2533 1581 2584 ιι
1597 2540 1704 2592 meum,
1716 2527 1745 2582 in
1756 2525 1850 2582 medio
1866 2539 1911 2582 eo·

256 2617 317 2672 iliis
330 2616 416 2687 igitur
430 2615 511 2674 lactis
525 2616 644 2687 cupidus
657 2621 801 2673 moneatur
815 2617 940 2684 honoris,
1085 2617 1178 2674 clesiae
1194 2618 1273 2674 beate
1288 2617 1370 2689 Tegla
1384 2617 1438 2673 sibl
1453 2622 1481 2672 et
1495 2615 1693 2673 llediolsnensi
1708 2615 1829 2672 ecclesie
1842 2614 1913 2672 lecit

256 2705 367 2762 Viribus
381 2711 428 2762 aut
443 2706 541 2776 plausu
556 2704 661 2762 iastme
676 2707 790 2763 minisve
805 2707 893 2763 '⁸⁸rel
912 2711 972 2765 astu
1085 2708 1215 2764 exhihere
1239 2722 1264 2764 a.
1290 2709 1320 2763 b.
1350 2706 1428 2763 1229.
1451 2708 1479 2762 in
1504 2705 1575 2763 testo
1600 2704 1801 2776 purillcatlonls
1825 2703 1912 2759 beata

254 2794 409 2862 Quemlibet
423 2795 560 2852 incassum
580 2809 611 2851 se
626 2795 676 2851 nltl
693 2796 934 2868 magnificandum,
1084 2798 1177 2866 blane,
1207 2797 1276 2853 hora
1299 2797 1327 2864 3,
1348 2796 1423 2854 clero
1446 2795 1574 2852 veniente
1598 2809 1660 2851 cum
1687 2793 1870 2865 processione
1895 2807 1911 2846 a

252 2885 287 2942 ιιι
300 2885 402 2942 Christi
416 2883 505 2942 iasoes
519 2885 600 2943 lictos
615 2886 701 2942 vilare
716 2885 835 2943 sodales.
1083 2887 1182 2943 Sancta
1200 2885 1283 2943 llarla
1302 2885 1428 2943 beltrade
1443 2885 1593 2942 secundum
1617 2883 1737 2940 debltam
1759 2887 1912 2939 consuetu-

254 2974 314 3031 lliis
328 2974 430 3030 etenim
445 2975 487 3029 ιιι
502 2973 592 3044 quoad
612 2973 667 3030 hiis
681 2980 746 3030 sunt
757 2975 891 3031 scandere
906 2975 969 3042 uisi,
1085 2975 1218 3033 tudinem.
1230 3005 1267 3022 -
1281 2973 1392 3032 vacavit
1414 2980 1504 3031 autern
1528 2974 1610 3030 sedes
1624 2971 1791 3044 episcopalis
1809 2969 1840 3026 d.
1862 2970 1910 3039 23,

255 3063 364 3118 Fratres
380 3067 540 3118 manserunt
554 3062 655 3132 quihus
670 3067 762 3132 patres
776 3077 837 3120 esse
850 3063 1006 3134 cupierunt.
1054 3053 1214 3123 thdelicet
1238 3077 1327 3136 osque
1349 3065 1383 3120 ad
1407 3063 1497 3134 pridie
1516 3063 1557 3120 ld.
1584 3065 1641 3119 Oet.
1663 3059 1754 3132 (1230)
1781 3071 1837 3130 qno
1863 3061 1913 3116 die

253 3151 315 3208 Non
330 3149 412 3207 latias
427 3155 521 3221 partes
534 3149 628 3218 homo,
644 3152 668 3207 si
683 3153 724 3207 ιιι
737 3157 785 3208 ιιι
799 3153 877 3222 cupis
890 3167 978 3220 arces,
1084 3153 1136 3211 luit
1151 3155 1256 3212 electus
1279 3155 1398 3212 domnus
1423 3151 1588 3212 Guiliermus
1615 3152 1651 3207 de
1678 3149 1806 3216 Ruzollo,
1824 3149 1913 3204 istius

253 3240 311 3296 Nec
325 3237 441 3296 fratrum
456 3240 572 3310 plaudas
586 3239 670 3308 vitiis,
691 3241 742 3296 tihi
761 3241 847 3297 robor
862 3247 893 3296 ut
911 3241 1006 3298 addas.
1083 3244 1201 3301 ecclesie
1224 3243 1390 3300 venerabilis
1412 3241 1635 3308 archidiaconus,
1657 3253 1719 3296 enm
1739 3238 1814 3295 omni
1838 3251 1913 3307 pace

253 3329 314 3386 Non
329 3328 448 3386 humiles
462 3328 533 3386 tastu
548 3343 653 3401 preme,
670 3343 755 3387 necve
767 3331 850 3387 minis
867 3343 919 3388 ιιι
934 3337 1004 3388 astu.
1084 3339 1111 3390 et
1126 3334 1276 3390 concordia
1299 3333 1443 3402 tociusque
1467 3329 1580 3402 capituli
1606 3341 1743 3388 consensu
1757 3335 1787 3383 et
1801 3326 1910 3384 lavore.

254 3419 305 3488 (ιιι
330 3418 396 3477 lacit
420 3419 472 3476 ista
498 3420 621 3491 quidem,
646 3417 722 3492 lugat
744 3419 818 3477 huno
841 3435 922 3492 qoem
950 3421 1043 3493 querit
1119 3424 1167 3480 coi
1183 3424 1286 3480 tribuat
1299 3423 1423 3479 Christus
1437 3421 1500 3477 data
1515 3431 1628 3478 mrrnera
1642 3420 1683 3476 sic
1697 3417 1853 3488 duplicem,

852 3511 1004 3582 [ιοιιιιιι.
1117 3514 1218 3570 Audiat
1233 3519 1263 3571 ut
1277 3513 1359 3585 digne
1375 3525 1485 3569 carmen
1500 3509 1604 3566 felitius
1618 3515 1707 3582 suget

254 3600 367 3656 honera
382 3611 417 3657 ιι
432 3599 547 3670 cupias;
563 3611 618 3670 que
632 3602 748 3670 captans
762 3613 843 3670 cuam
859 3601 896 3656 sit
917 3601 1040 3672 iniquus,
1477 3630 1514 3640 -

250 3689 317 3761 vige
332 3689 385 3746 rite
400 3689 470 3745 simo
485 3689 583 3760 quinto
597 3688 703 3758 psalmo
719 3688 846 3745 sinuatur
866 3687 950 3763 (tm).
1118 3694 1184 3748 cunr
1208 3692 1252 3748 lex
1277 3691 1367 3749 divina
1391 3689 1527 3761 precipiat
1549 3693 1577 3744 et
1605 3687 1664 3758 lpse
1688 3685 1758 3758 legis
1785 3687 1908 3757 capitula

249 3777 310 3834 llon
326 3784 353 3834 te
369 3789 435 3849 ergo
451 3777 561 3847 laqueet
576 3778 639 3848 quis
654 3775 745 3843 donis,
761 3777 797 3832 sit
812 3778 891 3847 quasi
907 3778 992 3848 piscis
1083 3782 1258 3852 persuadent,
1277 3787 1308 3836 ut
1325 3781 1353 3836 in
1378 3793 1411 3836 eo
1427 3792 1522 3849 opere,
1539 3778 1567 3832 ln
1591 3791 1646 3847 quo
1670 3781 1786 3846 apparet
1801 3775 1909 3846 allqnid

252 3867 337 3923 Lesas
352 3879 434 3922 curva
448 3871 515 3936 puta
529 3865 580 3921 sub
595 3879 709 3922 munere
725 3864 757 3898 '⁸'
771 3865 896 3937 quolibet
910 3877 967 3923 era.
1082 3872 1117 3928 de
1127 3871 1319 3937 diminutione,
1329 3869 1375 3926 ille
1386 3865 1433 3940 qul
1443 3868 1476 3923 ad
1488 3866 1556 3923 illud
1567 3865 1751 3936 supplendum
1760 3867 1908 3937 megisap

252 3955 313 4010 Non
329 3953 448 4011 tribulos
462 3956 580 4025 plantes,
596 3954 683 4011 violas
698 3958 726 4010 ιι
740 3955 798 4011 lilla
810 3956 909 4024 jactes,
1082 3961 1259 4030 propinquat,
1275 3960 1374 4016 merito
1388 3958 1501 4014 subesse
1515 3961 1652 4020 teneatur,
1666 3959 1768 4010 etcum
1780 3955 1910 4026 comple-

252 4043 353 4100 Sontes
367 4042 554 4115 magnificans,
571 4045 652 4100 mites
666 4049 696 4100 ut
711 4043 774 4100 villa
790 4044 909 4101 calcans.
1081 4053 1174 4105 mento
1189 4049 1217 4104 ln
1233 4057 1296 4106 actu
1320 4048 1481 4120 perduxisse
1498 4067 1505 4101 ε
1523 4057 1584 4102 cunr
1610 4043 1727 4115 quedam
1753 4043 1789 4100 de
1805 4044 1908 4100 domno

252 4133 313 4190 Non
328 4133 445 4205 pingues
459 4147 556 4206 ungas,
571 4145 679 4190 macros
698 4147 777 4190 arere
793 4132 922 4202 sinendo,
1080 4137 1225 4194 Gulllelmo
1248 4139 1398 4196 venerabili
1419 4135 1631 4207 archiepiscopo
1657 4133 1817 4204 perscripta
1832 4135 1907 4189 inve-

191 4237 196 4244 ·
250 4221 386 4280 Divitibus
400 4223 526 4280 tribuens
540 4229 568 4279 et
582 4223 679 4294 egenis
693 4235 748 4280 non
764 4223 932 4280 miserendo.
1081 4227 1181 4295 ulmus,
1198 4241 1254 4284 non
1281 4232 1372 4284 autem
1396 4227 1487 4284 omnia
1511 4224 1593 4295 digne
1617 4222 1764 4293 completa,
1783 4224 1819 4280 sd
1839 4223 1907 4279 illud

251 4313 312 4370 Non
327 4312 440 4370 studeas
456 4325 536 4370 ursos
555 4319 583 4369 et
597 4325 685 4385 equos
700 4313 882 4384 volucresque
898 4311 1002 4384 cibare,
1047 4289 1276 4374 Ddectarandun
1300 4316 1433 4387 proposui
1456 4313 1516 4371 lore
1536 4312 1732 4378 inducendum,
1750 4317 1782 4366 ut
1797 4325 1830 4367 ea
1846 4323 1907 4382 oue

249 4401 359 4474 Pauper
372 4408 400 4459 et
413 4403 596 4460 antedomum
612 4401 713 4458 imstra
728 4402 828 4459 clamet
838 4419 847 4457 r
859 4403 1004 4460 liberem!
1082 4404 1116 4461 de
1130 4406 1192 4476 ipso
1207 4405 1322 4478 cognovi
1338 4411 1366 4462 et
1384 4403 1508 4460 intellexi
1523 4402 1605 4473 digna
1619 4401 1752 4456 memorie
1767 4411 1908 4456 commen

248 4493 309 4548 Non
322 4491 413 4548 earnis
428 4503 531 4558 coram,
552 4502 616 4548 mox
630 4490 769 4548 vermibus
785 4505 848 4548 esca
864 4492 966 4562 lutare,
1081 4494 1171 4550 danda
1185 4495 1214 4551 in
1228 4495 1340 4566 scriptis
1354 4505 1536 4565 reponerem
1557 4503 1613 4547 non
1633 4495 1663 4546 ut
1677 4503 1710 4546 err
1726 4489 1783 4546 hoe
1797 4503 1906 4560 sperem

251 4582 367 4652 Perlice,
383 4586 426 4638 set
441 4595 577 4638 memores
592 4582 682 4638 anime
696 4581 775 4650 huto,
792 4583 922 4638 cariture.
1080 4583 1206 4655 recipere
1227 4585 1371 4656 premium,
1388 4589 1430 4640 set
1454 4583 1505 4638 hec
1529 4595 1589 4637 mea
1608 4580 1701 4650 potius
1722 4579 1787 4636 volo
1803 4581 1905 4650 scripte

249 4673 306 4730 llee
321 4669 471 4742 modoque
490 4669 595 4740 monui,
608 4683 725 4741 spernas
734 4671 758 4727 si
770 4671 855 4728 corde
871 4669 1002 4743 maligno,
1080 4674 1115 4731 de
1129 4681 1206 4732 tanto
1221 4673 1308 4732 nobili
1322 4674 1382 4730 viro
1391 4671 1466 4729 dicta
1478 4672 1507 4726 in
1521 4671 1565 4726 die
1575 4669 1686 4726 luceant
1696 4671 1725 4724 el
1738 4667 1767 4724 in
1782 4669 1906 4725 tenebris

250 4762 309 4830 Quo
325 4761 414 4834 cupis,
430 4759 503 4816 haud
523 4758 650 4828 scandes,
667 4759 749 4832 digne
769 4773 914 4818 mansums
928 4762 956 4817 in
971 4759 1045 4817 imo.
1080 4777 1136 4821 uon
1152 4761 1339 4832 esordescant,
1356 4762 1384 4818 ld
1400 4767 1441 4818 est
1455 4775 1503 4818 ιιι
1530 4763 1672 4830 presentes
1696 4753 1860 4815 illuminent
1878 4763 1904 4814 ιι

251 4849 301 4908 llio
313 4863 424 4922 quoque
440 4849 487 4920 qui
503 4849 621 4918 scandit,
638 4849 662 4907 si
678 4863 734 4906 non
749 4849 899 4908 servaverit
912 4849 976 4919 ista,
1080 4855 1281 4926 subsequenter
1300 4851 1327 4909 in
1347 4849 1467 4922 posteris
1486 4849 1652 4906 elucescant.
1673 4843 1751 4906 Unde
1771 4847 1829 4906 mel
1844 4861 1904 4904 rer·
2006 4829 2007 4846 ²

250 4942 310 5009 Quo
325 4941 412 5011 magis
426 4940 562 5008 ascendit,
579 4943 656 4996 tanto
671 4953 748 5010 mage
762 4947 857 5012 terget
871 4940 905 4998 ιιι
920 4941 984 4998 ima.
1080 4959 1127 5002 sus
1141 4943 1182 5000 sic
1201 4942 1299 5000 ordino
1313 4941 1527 4998 continuentur:

250 5027 297 5086 ιιι
312 5035 403 5086 autem
418 5041 543 5100 spernas,
561 5033 589 5085 et
602 5027 648 5084 blo
663 5029 776 5099 impleat
789 5027 836 5085 illa
851 5029 968 5100 benigne
1114 5033 1266 5090 hunitune
1284 5030 1392 5087 llomlnl
1407 5029 1556 5086 currebant
1569 5024 1644 5082 mille
1656 5023 1783 5092 ducenti,

250 5119 272 5175 0
286 5118 391 5176 utinam
406 5117 515 5176 vemat!
533 5117 686 5190 regnabitis
700 5117 780 5176 ambo
795 5115 947 5191 perhenne.
1115 5119 1242 5196 hdquos
1254 5122 1309 5191 iam
1328 5119 1416 5176 denus
1430 5117 1573 5189 conjunxit
1589 5120 1686 5186 quater
1705 5117 1733 5169 et
1748 5123 1834 5182 nnus,

899 5245 1011 5301 inhias
1028 5245 1221 5305 unctiones.

250 5335 283 5370 ι’·
295 5335 419 5394 ιιιιιιιι
434 5333 558 5393 minusve
576 5331 640 5391 cod.¹
653 5335 720 5407 pood
735 5335 897 5392 ιιπιιιιιιι
912 5334 943 5390 οι
952 5335 1034 5408 poulo
1045 5327 1107 5410 poet
1120 5337 1264 5410 sequeutia.
1304 5335 1336 5368 ’θ’
1349 5345 1463 5406 ιιιιιι
1477 5329 1536 5389 cod.

1002 5445 1115 5504 NOTAE.

252 5541 322 5617 (158)
337 5543 491 5618 hripraudo
508 5541 543 5634 de
563 5543 781 5602 vicecomitibus.
1123 5543 1193 5616 (150)
1214 5545 1236 5599 l.
1252 5555 1278 5600 ι.
1299 5543 1454 5600 insinuator
1473 5539 1578 5611 ιιιιιιο
1596 5536 1667 5593 25¹⁹.
