4106 6178
250 341 318 397 taos
514 342 645 399 EUSEBII
663 341 831 399 BRUNONIS
848 340 1013 398 moholi.
1034 339 1138 398 malsc.
1159 341 1264 398 beist.
1284 371 1319 384 ·-
1339 341 1544 398 11111111.
1566 342 1667 402 tidem.
1873 345 1938 402 litat

248 474 308 526 cate
336 485 371 526 ex
394 469 448 524 hoc
471 482 567 526 omnes
588 489 594 526 ε
619 470 672 526 hoc
696 472 739 524 est
762 467 951 537 1111111111
969 471 1184 535 mcumhvata,
1205 475 1252 526 aut
1266 483 1281 524 a
1297 467 1378 524 nobis
1394 481 1449 526 non
1465 469 1535 524 bene
1551 468 1701 538 intellecta,
1721 475 1769 526 aut
1788 485 1844 528 non
1860 473 1940 542 plene

248 559 334 614 Simili
374 558 457 614 modo
490 559 628 628 accipiens
660 557 823 628 praeclarum
851 557 974 623 calicem,
1002 557 1068 613 item
1110 557 1241 628 inquisita
1274 557 1502 614 inconvenienter
1537 557 1743 627 protulerimus,
1774 561 1934 617 scandalum

248 649 350 720 gratias
377 662 462 719 agens
487 648 638 715 benedixit,
667 647 799 718 deditque
831 647 975 716 discipulis
1000 647 1067 712 suis,
1110 646 1188 712 illud,
1215 647 1289 718 quod
1308 653 1454 716 tantopere
1481 645 1609 718 fugimus,
1635 647 1810 704 incurramus
1830 662 1857 706 et
1877 667 1937 706 cum

247 739 344 794 dicens
375 757 380 791 :
410 737 533 806 Accipite
553 743 580 792 et
605 737 691 792 bibite
717 751 750 793 ex
774 750 807 792 eo
832 750 946 802 omncs;
968 735 1070 791 hicest
1110 750 1181 791 unus
1205 735 1239 792 dc
1265 735 1373 806 pusillis
1396 736 1498 792 Christi
1514 734 1715 794 scandalizator
1732 738 1806 794 mole
1821 740 1940 795 asinaria

247 828 320 883 eninr
335 825 405 881 calix
419 826 561 896 sanguinis
576 825 638 892 nvei,
660 826 722 881 novi
738 832 765 881 et
785 825 880 882 aeterni
901 826 1068 892 testamenti,
1109 824 1142 879 ad
1163 823 1263 880 collum
1278 823 1427 894 suspendio
1448 829 1476 879 et
1501 823 1528 879 in
1553 822 1720 894 protundum
1735 827 1821 882 maris
1835 829 1939 896 pract-

247 915 403 986 mysterium
425 913 499 981 lldei,
515 914 588 983 quod
605 914 749 984 provehis
765 920 792 971 et
808 927 857 984 pro
878 913 1070 969 1111111111-
1109 913 1177 982 pilio
1197 913 1340 982 judicetur
1357 913 1466 983 dignus,
1487 925 1539 968 nos
1561 914 1647 969 totius
1674 914 1807 971 Ecclesiae
1821 917 1938 971 seanda-

247 1006 373 1064 1111111
401 1003 591 1060 remissionem
625 1011 811 1072 peccatorum.
846 1007 910 1060 llaec
943 1003 1069 1073 quoties·
1109 999 1164 1056 lum
1181 1003 1243 1072 jure
1266 1003 1420 1072 meritoque
1447 1003 1677 1070 exhorrescimus,
1703 1017 1754 1060 nec
1784 1005 1936 1062 timoreub

246 1109 354 1167 cunque
380 1093 503 1150 feceritis
528 1093 556 1149 in
580 1093 633 1150 mei
653 1094 811 1150 memoriam
841 1093 957 1150 iacietis.
983 1094 1070 1162 liujus
1109 1091 1162 1147 hoc
1181 1105 1232 1148 nos
1250 1089 1516 1162 lrustrapericlitari
1537 1091 1751 1159 dissimulamus,
1775 1107 1838 1149 eum
1867 1094 1940 1150 salu-

246 1185 332 1253 verbi,
350 1199 401 1254 per
415 1181 489 1253 quod
504 1180 595 1237 omnia
618 1180 690 1236 lacta
714 1187 788 1249 sunt,
809 1181 908 1238 virtute
929 1189 957 1236 et
971 1181 1068 1236 ellectu
1108 1180 1194 1237 briter
1217 1187 1245 1237 et
1268 1195 1329 1237 curn
1346 1181 1440 1251 quiete
1465 1181 1540 1252 pacis
1564 1181 1728 1240 Christiana
1753 1184 1881 1240 contenti
1902 1185 1940 1238 vi-

247 1287 345 1345 panem
373 1278 436 1344 post
455 1271 644 1328 consecrantis
668 1269 696 1326 in
720 1271 781 1326 haec
809 1272 892 1327 verba
916 1271 1069 1326 sacerdotis
1108 1284 1172 1326 vere
1201 1271 1337 1340 possimus
1369 1275 1607 1327 sacrosanctorum
1642 1271 1752 1328 iliorum
1785 1273 1935 1328 verborum

246 1364 440 1428 sacrationem,
456 1375 550 1417 verum
566 1375 668 1430 corpus
690 1360 802 1426 Christi,
819 1365 847 1416 et
865 1361 956 1416 vinum
972 1359 1069 1416 codem
1109 1359 1221 1426 Christi,
1243 1373 1305 1429 quae
1332 1361 1564 1432 superimposita
1584 1365 1658 1427 sunt,
1676 1362 1796 1433 simplici
1811 1375 1941 1432 compen-

246 1452 328 1509 modo
352 1465 445 1507 verum
465 1449 625 1520 sanguinem
655 1463 716 1504 esse
740 1449 878 1505 credimus
910 1455 937 1504 et
956 1449 1069 1504 1111111-
1110 1447 1361 1505 dioetsulllclenti
1380 1449 1874 1520 111111111111111111,11111111
1891 1464 1942 1506 nos

246 1554 316 1597 mur.
336 1539 414 1608 Quod
433 1539 535 1610 siquis
557 1538 611 1594 hoc
627 1538 747 1608 qualiter
761 1536 820 1592 iteri
836 1537 923 1607 possit
938 1536 1068 1605 inquirat,
1110 1539 1244 1593 sentimus
1258 1545 1286 1593 et
1305 1539 1406 1595 multos
1430 1539 1511 1596 uobis
1531 1540 1599 1596 satis
1614 1541 1771 1611 superiores
1789 1541 1868 1596 viros
1883 1555 1942 1596 sen·

246 1644 302 1687 non
322 1631 346 1685 ei
375 1628 525 1684 secundum
556 1633 661 1683 naturae
690 1627 828 1694 ordinem,
854 1624 1070 1682 sedsecundum
1111 1628 1163 1682 tire
1197 1629 1399 1697 cognoscimus.
1434 1629 1493 1684 lloc
1521 1629 1640 1684 consilio
1673 1629 1942 1698 querimoniaque

245 1720 295 1775 Ilei
310 1718 537 1789 omnipotentiam
561 1715 835 1786 respondemuszlit
860 1716 912 1772 hoc
934 1721 961 1770 et
980 1714 1071 1770 omnia
1112 1717 1139 1771 in
1172 1717 1320 1785 prasentia
1354 1717 1461 1772 bomini
1496 1716 1616 1783 Ceraldi,
1651 1724 1717 1773 tunc
1750 1717 1835 1788 legati
1871 1717 1942 1788 apud

247 1805 743 1881 quaecumquevoluitlecittleusin
764 1802 1256 1872 1111111111111111311111111,
1284 1805 1406 1873 emersit,
1441 1804 1536 1861 sedata
1563 1812 1615 1861 est.
1651 1807 1708 1863 lloc
1741 1806 1863 1863 consilio
1899 1821 1942 1862 eo

248 1898 317 1954 mari
344 1903 370 1951 et
389 1897 417 1951 in
445 1895 572 1952 omnibus
604 1895 719 1964 abyssis.
750 1896 844 1964 Neque
865 1892 1071 1964 enimqualiter
1112 1894 1175 1950 dem
1199 1893 1332 1951 tumultus
1365 1896 1412 1964 qui
1442 1894 1470 1949 11
1498 1895 1640 1951 audientia
1672 1896 1777 1952 domini
1812 1896 1942 1952 1111111111-

247 1985 399 2045 secundum
419 1991 524 2040 nature
544 1984 669 2040 ordinem
690 1983 807 2038 Verbum
831 1984 913 2050 Deus,
939 1983 967 2038 in
992 1983 1070 2051 prin·
1114 1983 1167 2038 rini
1191 1983 1219 2038 in
1249 1984 1343 2039 eadem
1368 1983 1478 2040 civitate
1503 1983 1632 2040 efferbuit
1658 1986 1766 2055 sopitus
1799 1993 1867 2052 est;
1895 1985 1942 2040 bec

249 2075 323 2146 cipio
338 2074 410 2144 apud
424 2075 520 2140 licum,
537 2072 571 2128 de
586 2071 688 2141 Spiritu
707 2077 803 2127 sancto
825 2078 853 2128 et
875 2071 986 2142 Virgine
1002 2085 1071 2126 con·
1113 2072 1234 2128 veridica
1258 2070 1432 2128 confessione
1456 2073 1592 2129 exactioni
1621 2073 1755 2143 principis
1783 2073 1869 2143 hujus
1898 2088 1942 2128 11

250 2165 315 2234 cipi,
332 2169 359 2219 et
374 2161 513 2232 quomodo
530 2165 593 2231 post
611 2160 843 2217 resurrectionem
857 2174 951 2216 verum
971 2173 1073 2230 corpus
1114 2161 1174 2226 stri,
1190 2161 1218 2216 in
1242 2160 1377 2230 capellula
1406 2163 1484 2232 cujus
1512 2162 1540 2217 in
1569 2169 1659 2218 vestra
1684 2161 1803 2232 epistola
1825 2164 1942 2218 mentio-

249 2253 357 2311 Domini
371 2254 436 2308 lesu
452 2251 486 2306 ad
503 2250 655 2320 discipulos
665 2249 766 2305 clausis
777 2249 869 2320 januis
884 2248 1030 2306 intromitti
1046 2256 1073 2303 ct
1115 2263 1176 2305 nem
1210 2248 1324 2318 lecistis,
1355 2249 1523 2306 satisfactum
1557 2256 1609 2320 est,
1640 2257 1668 2306 et
1696 2249 1819 2306 rediviva
1847 2251 1942 2320 pestis,

249 2343 357 2414 palpari
377 2340 477 2412 potuit,
502 2340 634 2410 quaelibet
659 2339 805 2395 verborum
825 2338 965 2394 alluentia
985 2337 1074 2392 disse·
1116 2353 1177 2409 quae
1206 2340 1300 2395 nescio
1329 2353 1446 2409 quorum
1475 2339 1651 2409 improbitate
1690 2341 1828 2410 exagitata
1862 2347 1942 2410 caput

249 2447 311 2490 rere
327 2437 428 2503 potest,
444 2435 577 2486 ettamen
602 2429 752 2486 secundum
776 2429 826 2484 ilci
845 2426 1074 2497 omnipotentiam
1117 2428 1260 2494 extulerat,
1277 2427 1382 2485 domini
1402 2429 1600 2485 bisonticensis
1619 2429 1826 2500 archiepiscopi
1840 2435 1869 2486 et
1884 2445 1944 2485 eru-

251 2520 280 2577 in
294 2521 409 2576 veritate
437 2517 508 2574 iacta
531 2532 591 2574 esse
606 2517 760 2573 firmissime
776 2522 808 2572 'et
826 2516 983 2572 fidelissime
998 2513 1075 2570 credi
1117 2517 1237 2574 ditorum
1259 2517 1306 2588 qui
1331 2516 1480 2574 adsuerunt
1506 2519 1670 2576 auctoritate
1699 2519 1805 2574 calcata
1830 2525 1885 2575 est.
1909 2523 1946 2574 Ac

251 2607 438 2665 necessarium
458 2613 510 2663 est.
536 2607 564 2662 Si
588 2618 654 2662 vero
669 2605 770 2676 aliquis
785 2607 831 2675 qui
852 2607 887 2662 de
903 2605 953 2660 hac
973 2619 1003 2660 re
1023 2606 1075 2658 Pa·
1118 2606 1218 2662 nnllam
1246 2606 1326 2663 aliam
1348 2607 1383 2663 de
1407 2606 1459 2661 hac
1482 2622 1512 2663 re
1535 2606 1749 2679 disputationem
1768 2608 1813 2664 vel
1833 2617 1933 2665 contro

253 2705 310 2755 tres
334 2698 519 2767 doctoresque
543 2695 631 2752 nostri
660 2694 797 2751 senserint
825 2695 924 2765 quidve
944 2695 1075 2763 scriptum
1118 2695 1244 2762 versiam,
1261 2709 1312 2750 nec
1326 2701 1512 2763 accusatores,
1528 2710 1580 2752 nco
1599 2695 1770 2764 delensores,
1782 2711 1837 2753 nec
1848 2683 1944 2764 testes,

254 2786 446 2857 reliquerinta
470 2785 551 2841 nohis
573 2784 743 2855 requisierit,
763 2784 796 2840 ad
822 2797 917 2840 eorum
936 2783 1032 2849 libros,
1054 2781 1076 2837 si
1119 2797 1170 2838 nec
1182 2783 1301 2853 judices,
1318 2797 1369 2839 nec
1390 2783 1554 2851 causidicos,
1571 2798 1622 2840 nec
1636 2784 1788 2852 auditores,
1806 2800 1851 2842 mc
1871 2801 1947 2856 qne

255 2877 290 2933 ad
302 2877 355 2934 hoc
370 2876 488 2933 idoneus
501 2879 554 2944 est,
578 2887 639 2930 cum
655 2873 798 2940 mittimus,
815 2873 926 2944 utquid
945 2873 983 2928 ihi
999 2873 1078 2927 inve·
1120 2886 1191 2939 rere,
1212 2886 1371 2941 procurare,
1397 2887 1565 2946 congregare
1588 2873 1736 2944 aliquando
1755 2876 1865 2931 sciatis.
1887 2877 1946 2932 Om

256 2966 329 3022 norit
343 2965 490 3037 diligenter
500 2963 582 3034 legat,
599 2978 666 3034 pure
677 2962 823 3034 intelligat,
842 2966 870 3018 et
884 2960 957 3031 quod
972 2974 1080 3016 111111-
1120 2963 1202 3018 nibus
1224 2976 1289 3019 vero
1308 2977 1358 3033 pro
1381 2964 1432 3019 hac
1457 2979 1497 3031 11,
1518 2978 1560 3020 me
1575 2966 1695 3031 volente,
1711 2966 1787 3034 quod
1804 2967 1829 3022 si
1850 2980 1945 3036 parum

257 3054 394 3111 medalius
421 3052 585 3124 evangelice
614 3053 722 3108 veritati
750 3052 878 3117 senserit,
898 3049 1079 3120 1111111111-
1121 3051 1310 3120 est,quamvis
1334 3052 1557 3124 parvipendatur,
1583 3053 1801 3123 contradicente,
1828 3068 1947 3111 conven-

258 3156 318 3201 rum
332 3142 441 3198 actione
456 3148 484 3196 et
498 3140 590 3197 studio
604 3139 733 3196 fraternae
748 3137 905 3195 concordiae
920 3138 973 3194 sibi
986 3139 1078 3209 eligat.
1091 3139 1177 3198 Cium
1194 3141 1332 3211 publicum
1356 3155 1505 3214 aggregare
1519 3143 1685 3211 volentibus,
1701 3157 1871 3200 consensum
1893 3157 1946 3200 non

258 3234 345 3290 Porro
359 3245 411 3287 nos
424 3243 480 3286 non
496 3230 604 3284 Patrum
615 3229 718 3298 scripta
733 3231 952 3295 contemnentes,
968 3228 1016 3283 sed
1028 3242 1079 3284 111
1121 3231 1250 3299 tribuam,
1279 3231 1483 3288 conlidentibus
1510 3232 1673 3288 humilitatis
1702 3246 1769 3288 meae
1798 3247 1948 3303 personam

258 3322 306 3380 illa
325 3318 563 3392 quaEvangelium
579 3317 703 3389 legentes
718 3322 818 3387 (neque
833 3317 905 3372 enim
921 3317 974 3386 ipsi
988 3316 1080 3374 vivan·
1120 3319 1289 3386 subtraham,
1317 3319 1529 3390 confligentibus
1561 3319 1739 3388 audientiam,
1769 3335 1951 3391 perseveran-

258 3417 302 3469 tes
312 3415 339 3468 et
348 3406 564 3466 scribenteshoc
574 3406 720 3463 voluerunt
737 3407 802 3461 etin
822 3406 880 3462 suis
889 3405 1031 3474 opusculis
1045 3420 1080 3462 ne
1121 3408 1196 3464 tibus
1221 3409 1452 3476 communionem,
1478 3413 1520 3464 nst
1543 3409 1616 3465 enim
1631 3423 1713 3465 causa
1736 3415 1779 3466 ter
1795 3411 1948 3481 provincie

258 3503 287 3561 id
307 3501 385 3558 111111
399 3499 555 3562 voluerunt)
578 3510 672 3554 eorum
696 3495 851 3562 sententiis,
873 3494 945 3550 salva
965 3509 1027 3565 quac
1041 3495 1081 3551 eis
1122 3500 1224 3553 nostrae
1245 3496 1351 3567 judicio
1376 3498 1535 3565 terminata,
1560 3505 1659 3568 quarto
1683 3497 1759 3554 sedis
1784 3499 1950 3569 apostolica

258 3592 377 3650 debetur
395 3589 548 3647 reverentia
572 3588 600 3642 in
620 3591 703 3642 tantae
723 3585 762 3642 rei
782 3585 982 3655 disceptatione
997 3585 1082 3640 absti·
1122 3586 1221 3654 synodi
1241 3585 1378 3641 sententia
1397 3587 1541 3642 exstincta.
1555 3587 1648 3642 Valcte
1664 3587 1695 3641 Ε.
1717 3587 1762 3656 qt).

260 3696 367 3750 nemus,
382 3695 418 3736 ne
436 3679 460 3736 si
472 3681 581 3734 Patrum
597 3689 678 3732 sensa
697 3679 745 3732 aut
762 3674 855 3744 aliquo
871 3680 969 3729 eventu
984 3671 1083 3744 depra-

297 3825 333 3897 (1]
348 3822 469 3895 Epistola
489 3822 536 3879 illa
562 3821 645 3877 docet
660 3820 773 3876 omnino
788 3831 869 3890 quarn
885 3831 982 3888 magna
997 3816 1082 3873 luerit
1124 3816 1259 3874 utstatim
1279 3816 1361 3872 docet
1380 3822 1478 3872 auctor
1498 3816 1592 3873 Calliae
1616 3817 1790 3874 Christianae.
1813 3822 1855 3875 An
1900 3821 1951 3877 uod

261 3897 373 3954 Eusebii
401 3894 478 3960 tides,
500 3907 579 3963 quam
610 3892 653 3962 pia
682 3890 853 3961 simplicitas,
879 3889 943 3944 dunt
964 3903 997 3944 ex
1015 3889 1083 3945 solis
1124 3888 1283 3944 aliemensi
1307 3887 1426 3944 concilio
1450 3888 1561 3944 rediens
1577 3889 1630 3958 leni
1649 3887 1736 3944 adluit
1751 3891 1827 3945 inter
1848 3837 1952 3962 111111-

261 3968 361 4025 Christi
385 3965 476 4022 verbis
496 3963 635 4020 mordicus
661 3963 759 4018 asserit
787 3963 816 4017 in
837 3967 1013 4016 sacrosancta
1032 3962 1083 4016 liu-
1125 3962 1176 4026 resl
1194 3959 1281 4030 gloria
1300 3959 1398 4015 vicerit
1412 3959 1566 4015 invidiam?
1584 3959 1653 4015 ilinc
1673 3958 1745 4016 iorte
1760 3961 1876 4030 quidam
1894 3979 1953 4019 ver-

263 4037 392 4096 charistia
419 4049 512 4091 verum
540 4049 600 4090 csse
624 4032 725 4089 Christi
745 4046 846 4102 corpus
865 4038 893 4088 et
910 4032 1082 4102 sanguinent,
1125 4032 1244 4087 heroaes
1262 4031 1289 4086 in
1306 4045 1367 4086 eum
1382 4044 1438 4087 nou
1459 4031 1525 4086 satis
1548 4031 1619 4087 benc
1633 4031 1746 4087 animati
1761 4032 1952 4092 inverecundo

263 4110 328 4166 dunt
352 4107 389 4162 ita
413 4106 583 4161 intellectum
607 4119 685 4159 suum
714 4105 833 4173 captivet
858 4104 886 4158 in
920 4103 1083 4171 obsequium
1124 4103 1201 4159 vultu
1231 4108 1392 4172 sparserunt
1427 4102 1453 4156 in
1487 4101 1583 4173 vulgus
1615 4103 1770 4158 brunonem
1808 4105 1952 4162 adhaerere

263 4178 443 4240 sanctissimae
463 4176 536 4232 illius
559 4175 633 4241 iidei,
654 4183 684 4228 ut
698 4173 733 4228 de
749 4187 780 4228 ea
795 4187 846 4228 nec
861 4173 1011 4242 disputare,
1034 4189 1084 4229 nec
1126 4174 1301 4243 berengario.
1335 4175 1390 4228 Nec
1418 4174 1545 4228 sitierunt
1575 4172 1642 4228 illud
1675 4174 1845 4232 anathema:
1868 4180 1953 4234 Hono

265 4250 482 4311 controversiam
506 4259 692 4313 move1·e,uec
707 4244 771 4300 alibi
796 4257 920 4315 quaerere
936 4244 1086 4313 111111111-
1126 4245 1270 4318 quicunque
1301 4243 1800 4314 111111111111111111111111111
1829 4251 1955 4304 nonam

263 4333 388 4395 terquant
408 4322 434 4376 in
455 4320 546 4376 verbis
557 4317 668 4374 Christi.
685 4317 718 4374 Et
733 4321 838 4372 tantum
851 4316 929 4371 abest
943 4322 973 4371 11
988 4316 1086 4372 lieren-
1127 4319 1213 4386 (deul.
1230 4315 1306 4384 1111,
1323 4329 1374 4371 111
1391 4315 1471 4370 etiam
1487 4315 1555 4371 illud
1574 4335 1580 4370 :
1597 4317 1662 4371 Cum
1678 4318 1786 4373 Samuel
1807 4334 1956 4390 spernere·

263 4397 340 4470 qario
359 4392 516 4457 adheserit,
538 4390 603 4462 quin
624 4389 716 4460 potius
731 4402 791 4444 eum
806 4386 907 4457 ingerit
921 4400 972 4442 111
990 4387 1083 4442 volue-
1126 4395 1172 4442 tur
1189 4386 1331 4453 aludaeis,
1342 4388 1381 4442 ait
1395 4387 1525 4442 Dominus
1537 4407 1543 4440 ε
1557 4387 1616 4442 h‘on
1632 4393 1659 4441 11
1673 4393 1903 4458 spreveruntsed
1916 4409 1954 4448 me

264 4466 409 4526 ritaudire
436 4469 483 4520 aut
512 4463 656 4518 admittere
679 4459 713 4515 ad
733 4473 910 4530 corvgressum
929 4465 976 4515 aut
999 4443 1274 4531 pervolitantia,
1294 4457 1468 4524 7111111111
1491 4457 1563 4513 sacri
1587 4471 1708 4515 canones
1731 4473 1786 4516 111
1811 4465 1956 4532 patiamur

264 4539 369 4612 quium.
387 4536 527 4593 Undenam
547 4533 631 4605 igitur
645 4547 677 4588 ea
688 4533 810 4602 suspicio
825 4532 853 4586 in
873 4536 998 4587 nostrum
1012 4531 1085 4586 hunc
1127 4531 1286 4601 episcopum
1310 4542 1325 4584 a
1351 4529 1430 4598 plebe
1449 4537 1496 4585 eut
1520 4529 1679 4600 vulgaribus
1696 4530 1861 4590 hominibus
1882 4539 1956 4607 argui

264 4613 441 4670 brunonem?
460 4621 495 4663 an
525 4606 600 4676 quod
628 4604 822 4674 berengarium
850 4602 1006 4658 Turonibus
1024 4616 1087 4658 evo·
1128 4609 1173 4658 aut
1188 4600 1322 4664 accusari,
1349 4609 1505 4657 detentere
1530 4600 1635 4657 macula
1660 4609 1781 4671 ponatur
1806 4607 1835 4661 iu
1855 4607 1956 4669 electo.

265 4689 355 4742 catum
383 4679 473 4737 statim
510 4677 624 4749 elegerit
665 4675 911 4732 archidiaconum?
930 4673 979 4730 sed
1012 4687 1086 4730 sanae
1129 4671 1461 4744 111.,Νοη111,1.7.
1486 4674 1524 4728 En
1543 4673 1645 4742 quibus
1663 4674 1793 4730 omnibus
1812 4677 1956 4736 Brunoao

265 4755 366 4814 meotis
387 4758 446 4807 erat
460 4763 493 4807 eo
517 4757 651 4821 ternpore.
667 4749 707 4803 dn
723 4746 796 4818 quod
811 4745 927 4802 aemulos
940 4746 1088 4801 virtutibus
1129 4759 1161 4800 ea
1176 4743 1334 4813 suspicione
1350 4743 1531 4800 vindicandus
1545 4742 1664 4799 videtur.

265 4824 439 4886 offenderet?
461 4835 523 4878 narn
555 4827 582 4877 et
606 4820 745 4891 piissimus
768 4825 827 4875 erat
850 4823 878 4872 et
899 4816 1086 4881 doctissimus,
