4016 6160
110 353 157 412 tol
764 347 969 410 eunomiana.
988 375 1026 390 -
1043 348 1107 406 LlB.
1128 349 1174 408 lli.
1663 383 1667 390 ·
1741 355 1797 415 aba

141 477 204 536 347.
219 475 266 535 26.
292 476 412 552 [cccxxv]
438 475 537 550 (flua.)
553 479 665 551 Οριιιιιι
679 483 704 538 et
725 477 844 536 Pelinna
860 477 928 534 Edi-
938 476 1069 546 iamnes
1082 476 1135 536 sub
1148 475 1316 537 sacerdotali
1330 480 1359 533 et
1372 475 1524 540 christiano
1536 477 1648 540 nomine
1663 479 1797 555 degentes

110 572 151 628 cto
178 562 353 623 Constantini
381 563 526 636 gentilium
550 565 651 637 templa
681 565 820 638 [subversa
843 564 926 636 suni]
971 580 1025 624 una
1042 566 1112 624 hdes
1126 570 1155 625 et
1169 581 1224 624 una
1245 566 1429 626 sacerdotalis
1450 573 1534 640 atqie
1558 567 1698 629 clericalis
1720 587 1800 646 rege·

107 658 153 732 (V.
173 657 205 714 S.
227 656 323 720 Meet.)
349 654 474 728 [Sanctus
495 656 628 714 liertinus
652 669 713 713 cura
736 661 810 714 esset
833 655 928 714 decem
970 659 1013 712 ret
1028 669 1135 726 norme,
1159 659 1373 730 necquicquam
1388 672 1470 716 asuo
1493 657 1668 718 discordaret
1692 662 1794 733 capite.

108 759 250 814 annorum,
276 742 371 800 invitis
392 745 564 816 parentibus,
590 751 685 816 utpote
709 745 869 816 gentilibus,
893 745 928 802 ad
969 746 1046 801 Nunc
1071 760 1148 818 ergo,
1170 746 1229 819 qui,
1250 751 1281 804 ut
1305 746 1461 818 predictum
1484 759 1537 818 esi,
1562 747 1669 808 inimici
1691 756 1795 810 sancte
1845 815 1849 826 ,

108 836 233 895 eclesiam
249 832 371 906 confugit
390 848 476 906 seque
495 835 697 895 catecuminum
709 834 740 870 ²³⁰
758 835 819 892 lieri
834 840 929 909 postu·
968 835 1017 890 bei
1042 835 1188 908 ecclesie,
1214 837 1330 896 maxime
1354 837 1497 907 hmlanis,
1523 853 1539 894 a
1563 838 1664 909 qulbus
1686 839 1797 900 codidie

107 928 193 994 lavit]
969 924 1084 982 terimur
1104 931 1133 983 ct
1151 941 1340 999 expugnamur
1363 931 1391 986 ct
1415 927 1607 999 opprimimur,
1628 927 1733 999 prelata
1759 930 1795 986 70

138 1014 203 1074 348.
219 1012 265 1071 27.
288 1013 418 1086 [cccxxvi]
440 1012 545 1088 (Hiar.)
570 1014 736 1073 nimicitias
759 1022 784 1072 ct
806 1013 927 1074 Albinus.
969 1012 1065 1070 Niccni
1080 1015 1191 1074 concilii
1211 1016 1341 1088 capitula,
1356 1031 1420 1087 quie
1434 1016 1469 1074 de
1489 1016 1595 1089 prelata
1622 1018 1733 1088 duodo,
1746 1021 1794 1091 lu·

105 1109 250 1172 constans,
266 1103 339 1160 illius
362 1101 545 1172 Constantini,
566 1105 730 1176 provehitur
748 1104 783 1162 ad
802 1118 927 1178 reguum.
969 1103 1052 1164 bente
1068 1107 1126 1177 jam
1139 1105 1196 1164 iate
1211 1107 1325 1166 domino
1344 1121 1405 1166 meo
1420 1108 1587 1178 neminie,
1604 1108 1717 1170 decreto
1732 1123 1793 1168 nm-

103 1191 265 1252 Pestilentia
279 1197 307 1248 et
320 1191 392 1250 ianne
411 1192 621 1254 hinumerabilis
643 1193 792 1253 multitudo
810 1194 840 1250 in
858 1193 929 1254 sirie
969 1194 1044 1254 nium
1068 1196 1263 1268 cpiscoporum
1286 1196 1376 1265 attuli,
1401 1211 1464 1269 qum
1489 1199 1573 1257 etiam
1591 1211 1684 1258 corani
1701 1199 1794 1258 onini-

105 1285 255 1358 Ciliciaque
266 1283 297 1316 ¹⁸¹
312 1283 405 1354 periit.
968 1285 1022 1342 hus
1045 1287 1159 1344 recitavi
1181 1291 1266 1357 atque
1291 1287 1464 1360 transcripsi,
1477 1293 1541 1344 sunt
1555 1287 1619 1360 igne
1634 1289 1793 1349 combusta:

138 1375 204 1434 349.
224 1374 269 1432 38.
294 1374 438 1446 [comani]
464 1373 523 1448 (ho.
539 1373 632 1446 Meri.)
653 1375 819 1447 tt‘cpottcncc
837 1381 863 1434 et
880 1377 930 1432 Fe
969 1376 1106 1445 ohmmus,
1122 1381 1153 1434 ut
1166 1391 1182 1434 a
1196 1379 1295 1435 vestre
1318 1381 1422 1436 sanctae
1444 1377 1521 1436 sedis
1538 1377 1655 1436 molestae
1675 1381 1795 1438 auctori-

103 1466 212 1524 eiineiea.
224 1467 255 1522 ln
265 1463 455 1538 martirologio
467 1484 474 1522 ι
486 1463 579 1520 Pridie
594 1463 731 1522 Kalendas
745 1463 867 1522 ianuarii
881 1478 929 1522 na·
970 1471 1027 1522 tate
1046 1467 1191 1538 percipere
1210 1479 1261 1536 pcr
1280 1471 1424 1538 presentes
1438 1465 1538 1538 ligatos
1556 1481 1719 1538 mereamur,
1735 1486 1750 1522 n
1766 1475 1795 1526 ιι

102 1556 163 1614 talis
177 1554 303 1614 Silvestri
319 1569 409 1626 pape,
421 1555 469 1626 qui
483 1554 557 1611 sedit
569 1552 606 1608 23
620 1555 709 1623 annis,
726 1555 868 1612 mensibus
885 1553 927 1623 10,
969 1555 1075 1627 reliqua
1101 1557 1193 1629 (Oeno.
1209 1558 1231 1627 l,
1248 1571 1276 1628 p.
1291 1555 1371 1629 553).
1392 1585 1430 1600 -·-
1449 1575 1463 1610 a
1481 1557 1614 1615 Omnibus
1631 1558 1794 1618 venerabili·

101 1647 201 1704 dicbus
214 1645 256 1702 ll.
272 1645 349 1704 Sedit
358 1649 451 1704 nutem
464 1660 499 1702 ex
509 1645 555 1702 ilie
569 1645 630 1704 iial.
640 1646 784 1703 Februarii
798 1660 886 1716 usque
899 1646 927 1700 9.
968 1645 1021 1702 bus
1048 1645 1180 1704 iratribus
1206 1646 1356 1706 Athanasio
1386 1651 1415 1704 et
1447 1647 1584 1704 universis
1611 1648 1795 1720 AEgiptiorum

102 1737 160 1794 liat.
177 1734 321 1803 ianuarii,-
340 1739 369 1792 et
382 1735 508 1808 sepultus
522 1739 565 1793 est
578 1735 607 1791 ιιι
626 1735 764 1792 cimiterio
783 1734 927 1802 Priscillae,
968 1735 1118 1808 episcopis,
1141 1739 1248 1796 blarnus
1267 1743 1370 1794 sanctae
1394 1738 1525 1796 nomene
1544 1736 1704 1808 apostolicae
1719 1736 1794 1794 sedis

100 1827 141 1882 via
163 1825 280 1894 Salaria,
304 1820 423 1882 milliario
443 1823 471 1880 3.
492 1824 527 1880 ab
549 1824 617 1880 urbe
636 1825 733 1893 Roma,
748 1824 776 1881 9.
798 1823 858 1882 Kal.
876 1826 997 1886 ia·Bet
1024 1825 1189 1884 universalia
1216 1826 1334 1886 ecclesie
1362 1827 1510 1896 episcopus
1534 1825 1661 1883 salutem.
1694 1823 1791 1894 bolen,

100 1915 203 1984 nuncii,
221 1914 392 1986 [dommodo
407 1918 435 1970 et
450 1913 599 1972 Volusiano
618 1913 800 1984 consulibus]
816 1919 845 1972 et
863 1927 925 1970 ces·
966 1912 1086 1986 trames,
1116 1922 1145 1974 et
1172 1916 1286 1975 nimium
1317 1916 1470 1974 contristor
1498 1927 1583 1987 super
1614 1913 1792 1971 aiilictioncm

99 2006 169 2061 savit
184 2005 362 2076 episcopatus
376 2002 475 2060 diebus
492 2003 533 2060 lh.
548 2005 619 2060 uon
633 2002 705 2060 duos
719 2015 829 2060 menses
843 2015 924 2059 vana·
939 1993 944 2002 '
966 2009 1084 2062 vestram
1099 2023 1113 2058 n
1127 2009 1155 2064 ct
1169 2005 1275 2076 reliqui
1302 2005 1393 2078 (doec.
1409 2006 1431 2073 1,
1447 2019 1476 2077 p.
1492 2004 1571 2077 555).
1598 2006 1666 2062 cite
1681 2002 1792 2073 capitu-

100 2091 514 2166 tiouisepiscnpatusai.ldns
527 2093 697 2163 Decembris,
711 2091 927 2164 quoliiliciades
968 2094 1058 2152 lorum
1090 2101 1244 2154 vestrorum
1263 2096 1297 2132 ¹⁸⁸
1327 2096 1425 2154 Niceni
1454 2094 1578 2163 concilii,
1611 2093 1712 2165 quihus
1742 2107 1792 2152 vos

98 2198 171 2255 papa
185 2183 265 2255 obiit,
283 2195 370 2254 usqne
386 2183 444 2240 Kal.
461 2183 618 2253 Februarii,
630 2197 686 2254 qno
701 2182 833 2240 silvester
842 2181 924 2248 sedit,
965 2183 1125 2242 interfuisse
1150 2184 1252 2242 litteris
1273 2189 1372 2242 vestrm
1400 2183 1581 2242 iratamitatle
1605 2183 1792 2254 signtdcmtii,

97 2279 126 2330 et
143 2273 177 2329 15
193 2273 252 2332 dies
267 2277 374 2343 postea,
391 2272 467 2343 qued
483 2277 593 2342 tempus
607 2272 786 2342 pontificibus
800 2283 856 2328 non
871 2270 926 2326 im·
967 2273 1111 2340 anostris,
1127 2273 1176 2343 qui
1196 2285 1251 2332 una
1265 2273 1407 2330 vobiscum
1424 2271 1621 2339 interluceant,
1637 2272 1794 2343 diligentio-

96 2369 223 2434 putatur.
247 2364 275 2419 Si
290 2375 357 2432 ergo
372 2362 410 2418 ita
431 2362 565 2432 temporis
587 2362 748 2432 pontihcum
762 2360 867 2434 aliquid
881 2359 927 2416 ili-
967 2362 1046 2418 ribus
1067 2361 1278 2433 requissivimus
1306 2361 1550 2430 collucationibus,
1570 2361 1619 2432 qul
1638 2360 1687 2429 ita,
1703 2365 1734 2417 ut
1746 2373 1793 2416 ve-

94 2451 180 2521 iecit,
206 2465 324 2524 quorum
346 2449 436 2508 manle
465 2449 607 2506 annuatim
635 2451 804 2520 celebratur,
834 2463 927 2508 noune
967 2456 1032 2510 strae
1043 2456 1225 2510 nanterum
1239 2452 1462 2522 litteiepmnem
1479 2449 1792 2518 noblsordinemexpo·

94 2543 191 2598 mulio
207 2541 293 2610 magis
307 2544 416 2608 tempus
430 2539 651 2610 imperatorum?
966 2547 1082 2598 suerunt
1099 2547 1127 2600 et
1140 2547 1259 2600 vestram
1278 2539 1428 2614 epistolam
1447 2555 1497 2612 per
1510 2541 1604 2599 emnia
1620 2553 1712 2596 veram
1731 2551 1792 2595 esse

133 2631 247 2686 dicerene
266 2627 302 2683 32
321 2643 394 2699 pepo
415 2632 475 2700 pest
496 2629 602 2684 Petroni
624 2627 775 2697 ordinater,
790 2630 835 2700 qni
857 2629 927 2685 sedit
967 2631 1106 2688 testillcatl
1120 2637 1204 2700 sunt;
1226 2643 1282 2689 non
1299 2639 1330 2689 ut
1346 2645 1399 2688 nos
1417 2631 1523 2702 aliquid
1541 2631 1684 2688 sinistrum
1700 2631 1792 2686 vestra

93 2717 231 2774 inermibus
245 2716 272 2786 8,
289 2715 438 2787 [predictis
456 2716 618 2774 consulibus
640 2717 723 2786 sedit,
738 2717 767 2774 id
782 2723 824 2774 est
837 2719 928 2788 hepo
968 2732 1003 2776 ex
1026 2725 1104 2789 parte
1126 2721 1335 2791 arbitraremur,
1349 2721 1400 2778 sed
1414 2735 1466 2778 nos
1480 2725 1508 2778 et
1522 2733 1571 2778 vos
1591 2719 1711 2790 illosque
1729 2718 1793 2774 abs-

94 2809 176 2866 tinno
191 2811 220 2864 et
238 2805 378 2874 Fecundo,
393 2806 530 2863 successit
549 2806 609 2862 lial.
629 2806 733 2877 isbal.
749 2809 780 2864 ln
799 2807 925 2864 decret:
968 2821 1022 2877 quc
1056 2807 1111 2863 ulla
1140 2809 1169 2864 in
1202 2812 1345 2880 posterum
1378 2809 1543 2866 titubatione
1570 2821 1656 2864 unum
1687 2805 1792 2862 sentire

97 2916 111 2949 ιι
135 2896 254 2953 Domino
278 2901 375 2951 sancto
404 2899 431 2951 et
454 2893 603 2965 apostolici
637 2894 765 2952 culminis
792 2895 927 2966 dignitate
967 2896 1310 2966 obscenissimes
1338 2901 1461 2956 Romana
1489 2897 1617 2966 ccclesia,
1638 2909 1700 2968 qnae
1721 2908 1793 2952 sem-

21 3011 24 3018 *
95 2982 258 3044 venerando
274 2984 484 3040 Mireosancte
507 2984 639 3040 nomana
659 2987 688 3040 et
705 2983 927 3054 apostolicare
967 3001 1017 3056 per
1037 2987 1228 3044 immacculata
1250 2989 1351 3045 mansit
1374 2994 1402 3046 et
1429 2989 1547 3045 homino
1573 2987 1689 3059 iubente
1703 2985 1736 3020 ¹⁸⁴
1763 2989 1792 3042 et

95 3075 139 3132 dis
154 3072 323 3132 universalis
341 3072 452 3132 eclesiae
475 3087 564 3144 papie,
579 3072 746 3130 Athanasius
760 3077 788 3129 et
803 3072 925 3132 universi
966 3077 1048 3136 heato
1071 3079 1153 3136 Petro
1177 3093 1259 3150 opem
1281 3078 1389 3136 ferente
1411 3079 1441 3135 ln
1464 3078 1558 3135 tuturo
1583 3077 1715 3145 manebit,
1729 3076 1791 3133 sinc

96 3165 271 3235 Egiptiorum
296 3163 430 3234 episcopi.
452 3163 492 3218 ad
507 3176 556 3218 vos
570 3163 729 3233 pervenisse
745 3175 799 3219 non
814 3153 1022 3224 dobin-dalla
1050 3167 1237 3225 hereticorum
1269 3167 1450 3226 insultatione
1479 3169 1557 3225 tirma
1585 3173 1613 3224 ct
1642 3165 1791 3224 immobilis

96 3269 166 3325 mus,
185 3259 289 3326 quanta
313 3259 341 3310 et
366 3251 457 3324 qualia
480 3253 515 3308 ah
539 3253 670 3309 hereticis
693 3257 721 3308 et
745 3252 861 3311 maxime
889 3254 923 3309 ab
966 3258 1186 3329 omnitempore
1210 3259 1351 3331 persistet.
1376 3260 1426 3316 iiis
1448 3260 1487 3316 lta
1506 3257 1626 3330 peractis
1643 3257 1791 3329 diligenter

94 3345 223 3402 Arrianis
247 3342 351 3402 cotidie
374 3343 504 3412 patimur,
528 3348 559 3398 ut
582 3342 664 3400 etiam
685 3342 777 3400 vivere
797 3345 854 3414 jam
873 3357 925 3400 nos
964 3347 1149 3418 requirentes,
1170 3350 1199 3404 in
1222 3355 1318 3406 sancto
1338 3352 1441 3405 nostrie
1460 3355 1489 3405 et
1507 3347 1668 3418 apostelicae
1686 3345 1790 3401 scrinio

95 3436 183 3493 tedet.
210 3435 242 3490 iu
266 3437 370 3490 mutum
396 3431 478 3489 etiam
502 3435 597 3488 nostra
618 3435 801 3502 venierunt,
818 3437 849 3489 ut
872 3447 924 3490 nee
964 3437 1060 3493 eadem
1074 3449 1137 3508 quie
1158 3442 1253 3494 sancta
1276 3435 1481 3494 recordationis
1505 3431 1708 3506 predecessorii
1728 3444 1790 3487 meo

94 3524 150 3582 ulla
181 3523 328 3583 ustensilia
356 3522 438 3580 nobis
471 3521 669 3591 dimisserunt,
699 3521 787 3579 libros
812 3529 925 3580 nostros
964 3525 1095 3583 Silvestre
1124 3533 1189 3582 sunt
1216 3525 1331 3593 dimota,
1359 3523 1553 3595 septuaginta,
1586 3521 1660 3578 sicut
1684 3517 1791 3591 signill-

95 3614 237 3686 usquead
260 3615 403 3672 minimum
418 3611 612 3669 incenderunt.
635 3613 809 3682 Quapropter
824 3625 925 3681 preca-
964 3615 1059 3680 casiis,
1084 3613 1205 3685 capitula
1227 3612 1316 3669 inlesa
1338 3611 1503 3670 invenimus.
1530 3612 1593 3680 lpse
1617 3605 1790 3665 enimvobis

95 3721 167 3774 mur,
202 3711 281 3776 pater
305 3705 474 3770 beatissime,
499 3702 564 3773 quia
592 3715 647 3759 non
671 3701 828 3759 dubitamus
850 3701 923 3771 apud
966 3709 1080 3773 propter
1112 3703 1306 3758 auctoritatem
1334 3705 1362 3757 et
1394 3698 1575 3770 scriptionem
1589 3697 1622 3732 ³⁵⁸
1649 3700 1790 3754 motorum

95 3809 144 3852 vos
165 3795 295 3867 plenaria
314 3807 375 3851 csse
398 3790 496 3850 Niceni
511 3789 622 3848 concilii
641 3790 818 3862 exemplaria,
834 3790 925 3847 utilia
965 3798 1073 3863 patruni
1099 3797 1127 3850 et
1154 3793 1215 3863 elus
1236 3791 1328 3862 magni
1352 3788 1465 3847 concilii
1492 3789 1605 3846 minime
1630 3787 1787 3854 missimus;

95 3885 190 3953 nobis,
208 3899 269 3955 quia
292 3888 397 3940 sanetae
421 3880 623 3939 recordationis
652 3880 858 3951 predecessoris
878 3894 924 3936 ve·
963 3881 1013 3939 scd
1037 3897 1087 3952 per
1108 3882 1204 3939 eadem
1228 3893 1321 3938 coram
1344 3877 1522 3951 apocrisiaris
1546 3878 1647 3936 vestris
1672 3875 1726 3936 nlla
1748 3877 1788 3935 sl·

94 3976 144 4031 stri
172 3973 299 4032 Silvestri
322 3971 446 4041 luerunt,
462 3971 514 4028 snb
529 3974 589 4026 tuta
603 3969 719 4026 mittatis
733 3970 922 4042 stipulatione.
963 3972 1050 4042 milia,
1080 3971 1198 4056 eundem
1230 3983 1375 4028 numerum
1407 3965 1559 4042 eademque
1577 3967 1610 4002 '⁸⁸
1643 3972 1671 4025 ct
1701 3969 1790 4040 ipsam

95 4065 161 4122 Nam
179 4063 292 4136 quando
313 4061 446 4134 predictae
468 4059 569 4118 sinodo
589 4073 651 4116 cum
670 4060 758 4118 licata
772 4060 805 4093 ἰ’
823 4072 926 4118 meino·
963 4061 1197 4134 subscriptionem
1225 4060 1409 4128 continentia,
1432 4059 1512 4118 vohis
1540 4059 1663 4117 scrihere
1687 4063 1715 4116 et
1737 4059 1789 4116 sub

95 4155 144 4212 riae
168 4152 341 4224 Alexandro,
365 4151 450 4223 digno
475 4152 531 4207 ileo
554 4149 686 4220 poniihcc
710 4153 817 4219 nostro,
832 4149 860 4208 id
882 4154 925 4207 est
965 4157 1040 4210 certa
1059 4152 1245 4224 stipulatione
1274 4151 1383 4208 mittere
1411 4151 1595 4207 curavimus»
1620 4148 1787 4220 etreliqua.

95 4243 291 4301 Alexandrinae
316 4240 436 4299 civitatis
463 4240 605 4311 episcopo,
629 4241 660 4296 iu
687 4239 850 4298 diaconatus
878 4239 925 4296 iir-
964 4245 1032 4299 hata
1047 4247 1090 4299 est
1113 4241 1140 4298 9.
1157 4240 1216 4298 lial.
1232 4241 1405 4306 Novembris,
1428 4240 1583 4311 Nepotiane
1608 4243 1636 4294 ct
1658 4239 1789 4295 Fecunda

96 4334 245 4391 terluimus
268 4331 370 4399 cilicio,
386 4329 438 4387 suh
457 4333 560 4387 nostrae
583 4331 731 4401 presentiae
749 4329 922 4398 testimonio,
964 4333 1031 4389 viris
1047 4330 1253 4388 venerabilibus
1272 4328 1433 4386 clarissimis
1446 4327 1617 4384 consulibus.
1633 4355 1669 4368 -
1682 4327 1789 4382 Marcus

97 4437 146 4492 per
167 4425 268 4480 beatos
289 4422 366 4478 viros
384 4420 524 4477 Victorem
546 4422 574 4475 et
597 4420 768 4477 vincentium
790 4419 925 4490 presbite—
965 4423 1035 4480 obiit
1057 4421 1128 4478 Nou.
1143 4418 1301 4486 octimbris,
1317 4421 1346 4474 ct
1367 4416 1494 4488 sepultus
1516 4415 1545 4471 ln
1568 4414 1705 4471 cimiterio
1729 4409 1790 4468 Bal-

96 4527 152 4582 ros,
179 4511 343 4584 apostolice
372 4509 579 4581 apocrisiarios,
599 4509 682 4566 missa
707 4513 772 4566 sunt
795 4489 1049 4580 predicteDhine,
1065 4509 1109 4566 via
1121 4505 1356 4579 adriatica,quod
1374 4506 1434 4578 ipse
1446 4504 1579 4561 insistens
1594 4500 1669 4559 iecit.
1689 4504 1788 4574 (hoov.

96 4617 175 4674 papae
196 4602 339 4669 silvestro,
355 4612 417 4656 cum
441 4597 637 4670 astipulatione
659 4597 786 4666 subnixa,
803 4597 923 4668 capitula
963 4599 1059 4672 iicet]

95 4691 140 4749 70.
154 4694 227 4749 Sane
246 4689 422 4761 presentibus
442 4688 524 4745 nobis
538 4685 616 4744 eoin
635 4691 786 4744 memorata
800 4685 923 4757 capitula
999 4689 1085 4748 Ιιιιιιιι
1105 4699 1178 4762 pepe
1201 4686 1247 4743 33.
1269 4691 1331 4760 poet
1354 4688 1460 4743 Pensm
1484 4681 1632 4750 ordinetur,
1655 4680 1700 4754 qni
1722 4679 1789 4736 sedit

97 4785 216 4838 nicom
240 4787 306 4838 sunt
330 4779 442 4847 sinodo,
468 4777 577 4834 scilicet
604 4775 641 4832 to
665 4793 682 4834 a
704 4775 809 4844 Grecis,
837 4778 924 4832 Greca
964 4781 1041 4838 ench
1058 4777 1102 4848 le,
1117 4777 1247 4834 ιιιιιιιιιιι
1260 4775 1288 4832 9.
1307 4774 1448 4848 [Felicione
1463 4770 1588 4843 merob]

97 4871 172 4928 edita
196 4870 280 4943 linga,
301 4874 329 4925 et
347 4867 384 4923 to
407 4867 557 4935 ιιιιιιιιι,
582 4866 657 4923 edita
680 4866 787 4923 Latine.
810 4865 864 4922 Sed
880 4866 925 4924 Vi·
1001 4867 1063 4925 350.
1079 4867 1124 4925 39.
1145 4865 1297 4940 [cccxxviii]
1324 4864 1422 4934 tiliam]
1447 4861 1597 4920 Feliciones
1615 4864 1640 4916 ct
1661 4859 1789 4915 Titinius.

27 4972 35 4987 ·
98 4974 158 5016 sum
181 4964 224 5018 cst
248 4959 302 5014 318
330 4957 457 5030 patribus
484 4958 514 5013 in
541 4957 667 5028 predicto
694 4957 799 5027 spiritu
827 4961 924 5015 sancto
965 4960 1124 5018 callocerus
1146 4957 1175 5014 ln
1196 4959 1285 5028 cypro
1309 4968 1355 5010 res
1373 4967 1459 5010 novas
1473 4951 1596 5018 molitus,
1612 4947 1788 5021 opprimitur.

98 5051 215 5120 repletis
238 5049 357 5108 concilio
383 5048 567 5120 congregatis,
594 5051 621 5102 et
645 5047 762 5102 manne
778 5046 925 5117 jamdicto
966 5049 1163 5108 Constantinus
1177 5060 1239 5103 cum
1255 5044 1350 5101 liberis
1373 5042 1431 5098 suis
1455 5040 1622 5098 honorilicas
1644 5039 1679 5096 ad
1700 5039 1790 5095 huto·

99 5139 256 5196 nlemndrc
284 5143 312 5195 et
339 5137 500 5209 apostolica
534 5136 736 5207 apocrisiaris,
770 5141 802 5192 ut
830 5137 925 5194 decem
966 5138 1043 5198 nium
1058 5137 1167 5195 litteras
1181 5135 1274 5192 mittit.

98 5231 229 5300 capitulae
251 5228 439 5284 adunarentur
463 5224 525 5281 aliis
548 5229 631 5296 atque
655 5227 787 5298 congruis
807 5228 836 5284 in
857 5228 926 5285 locis
1003 5227 1065 5284 351.
1099 5225 1145 5281 30.
1181 5226 1316 5296 [cccxxix]
1350 5221 1452 5293 (ilisa.)
1483 5221 1565 5275 Uranie
1594 5223 1620 5274 et
1649 5217 1789 5275 Polemios.

100 5319 302 5384 insererentur,
317 5317 393 5374 etad
417 5314 533 5372 iormam
555 5312 591 5367 70
613 5313 813 5387 discipulorum
834 5315 876 5375 vel
891 5317 927 5372 70
967 5316 1177 5377 Tricennalihus
1200 5309 1374 5370 Constantini
1397 5305 1546 5366 Dalmatius
1570 5319 1647 5364 cesar
1670 5307 1791 5380 appella-

99 5407 317 5482 lingnrumtanti
328 5411 356 5464 ct
369 5411 425 5463 tarn
436 5399 597 5462 excellentis
612 5400 723 5462 eoncilll
738 5403 837 5464 nerent
852 5407 927 5479 capl-
969 5412 1025 5468 tur.
1048 5408 1131 5464 Pater
1144 5400 1241 5463 rethor
1255 5403 1340 5460 Rome
1359 5397 1557 5472 gloriosissime
1579 5395 1670 5454 docet.
1694 5395 1790 5456 Naiari

99 5497 170 5563 tula,
181 5511 242 5568 quae
253 5510 362 5554 omnem
373 5493 588 5552 christianorum
601 5489 783 5553 informarent
794 5497 889 5554 orbem
900 5501 928 5556 et
970 5495 1092 5556 rethoris
1105 5491 1161 5552 lilia
1173 5489 1204 5552 in
1220 5491 1380 5564 eloquentia
1399 5489 1471 5562 patri
1485 5491 1653 5560 coequatur.
1669 5487 1790 5546 liberia-

782 5587 895 5643 vhilhh
921 5587 1114 5646 hhciloliES.

100 5634 377 5802 ᾧπζυῧιὲωὲιῐιὲιὲι
393 5657 418 5714 ι,
456 5656 486 5688 ¹³¹
502 5655 624 5727 ciliaque
642 5657 666 5724 l,
704 5655 736 5688 ἰ·
755 5656 827 5714 bete.
858 5659 881 5712 l.
919 5657 1192 5728 monstrantem.
1231 5653 1263 5686 ¹⁸⁸
1278 5655 1391 5724 juvante
1414 5651 1441 5709 2.
1481 5651 1513 5684 ²⁸⁸
1535 5649 1792 5724 submrtpttenemi
