4106 6178
184 423 233 480 lilc
251 421 318 494 quid
333 421 370 479 ob
383 435 474 480 causae
492 421 625 493 pmntsm
641 420 754 478 subsisti

273 512 350 581 Quod
367 511 541 583 reprobaras.

182 604 239 659 Nec
254 602 322 658 satis
336 601 414 671 pensi
430 615 482 657 neo
492 599 678 658 honorisulls
703 631 707 636 κ

183 691 308 762 Dignitas
327 689 438 746 undem
452 689 562 746 miseris
576 689 693 745 catervis

183 780 340 837 liberasset
355 794 409 848 me,
425 779 479 835 nisi
494 783 570 836 tutus
585 779 638 834 isto

273 871 339 925 iure
353 868 475 926 fuissem.

183 959 300 1015 blundus
314 959 360 1014 bic
376 959 462 1014 uincit
476 957 583 1027 laqueis
595 957 709 1022 amicos,

183 1049 249 1104 Cum
264 1048 366 1118 quibus
379 1053 443 1104 uoto
459 1047 571 1104 meliore
586 1045 662 1113 lusit,

182 1137 270 1207 htqne
285 1143 424 1193 momento
439 1134 540 1204 spoliat
557 1134 610 1191 sub
624 1146 679 1192 uno

273 1225 366 1282 liebus
380 1225 490 1294 opimis.

183 1315 242 1372 lloc
256 1314 284 1371 in
298 1314 419 1385 antiquis
434 1319 501 1383 puto
516 1312 636 1370 lectitari

184 1403 304 1472 Fabulis,
325 1403 437 1474 quodsi
454 1403 591 1473 patienter
603 1400 692 1468 audis,

182 1493 309 1564 congrua
328 1497 403 1549 certo
417 1493 524 1548 ratione
539 1489 639 1547 iactum

273 1583 335 1652 lpse
349 1581 490 1652 probabis.

184 1669 249 1726 Plus
267 1669 340 1740 lupis
353 1671 434 1728 saeris
451 1668 549 1728 uitiosa
563 1666 660 1738 vulpes

184 1759 286 1816 Belluis
303 1764 334 1818 ut
352 1774 401 1817 rex
419 1759 501 1817 etiam
515 1758 628 1816 marinis

183 1847 255 1906 liare
267 1863 317 1919 per
335 1853 449 1920 pontum
464 1849 543 1906 deret
557 1846 631 1906 leoni

271 1938 396 1996 consulit
406 1938 458 1996 ire.

184 2027 250 2084 lude
266 2028 410 2085 beluamm
423 2028 490 2100 uagi
504 2028 663 2098 multitudo,

186 2117 237 2172 Pro
251 2130 302 2174 suo
316 2130 434 2187 quaque
448 2115 550 2184 olicio,
571 2117 701 2185 carinam,

185 2207 270 2263 Omne
283 2205 406 2264 naucleri
420 2206 545 2264 subitura
556 2207 662 2277 iussum

272 2297 306 2352 Ft
316 2295 397 2353 ducis
410 2296 517 2367 implet.

185 2383 279 2442 Flaute
293 2389 385 2456 uento,
402 2399 453 2455 per
466 2383 580 2455 pelagus
594 2383 690 2440 leuatis

182 2475 262 2531 Neris
281 2476 302 2530 it
316 2474 394 2542 velis,
414 2473 463 2532 sod
478 2479 509 2530 ut
523 2479 565 2530 est
583 2473 612 2528 in
626 2472 711 2528 altum

184 2564 280 2632 Dacia,
295 2577 359 2620 mox
377 2562 508 2620 frendens
522 2561 604 2618 nimis
622 2559 729 2618 esorlro

271 2653 361 2710 Bestia
381 2652 476 2722 coepit.

184 2743 269 2798 Ursus
288 2743 406 2798 immane
418 2740 493 2797 cadit
506 2745 581 2806 ante,
597 2738 734 2810 posthunc

184 2831 305 2887 Caeteros
319 2835 429 2896 meent,
445 2828 519 2886 uelut
537 2827 665 2899 exigebat

183 2919 213 2974 ln
229 2917 290 2975 dies
304 2917 408 2975 uentris
419 2917 494 2990 jugis
507 2917 646 2989 appetitus

271 3007 475 3079 ingluviesque.

183 3094 247 3152 Sola
258 3097 314 3166 lam
332 3095 429 3167 uulpes
443 3096 496 3153 sibi
515 3109 577 3152 cum
595 3093 676 3152 leone

182 3184 303 3254 Despicit
317 3198 436 3256 pugnam
450 3183 519 3253 iore,
535 3197 621 3254 seque
640 3181 754 3238 multum

182 3274 279 3344 deguit
291 3274 370 3331 tarde
385 3273 480 3344 placiti
499 3272 604 3331 laboris

270 3361 451 3433 consiliique.

183 3451 249 3506 Fum
262 3463 343 3507 secus
357 3451 435 3506 littus
449 3463 537 3521 prope
551 3448 676 3506 Funerata

183 3539 255 3595 llille
270 3553 413 3596 ceruorum
433 3539 533 3609 quibus
552 3538 580 3593 in
595 3537 715 3609 regenda

183 3629 278 3699 Puppe
292 3642 353 3685 sors
368 3632 450 3696 esset,
466 3626 603 3683 titubante
619 3628 694 3697 jurat

270 3715 375 3773 Fraude
393 3715 498 3773 videre.

182 3809 217 3861 ht
231 3805 276 3864 leo
289 3806 460 3864 descendere
478 3819 568 3864 asmo
582 3804 656 3862 illam

184 3897 320 3966 imperat;
336 3897 388 3954 hos
405 3896 508 3954 ducere
523 3894 631 3954 lortiori
691 3943 697 3950 .

183 3986 241 4053 Quo
259 3985 332 4042 ualet
346 3999 448 4052 oursu;
468 3985 588 4042 caritura
603 3987 691 4041 morto

270 4076 364 4132 Paruit
377 4075 462 4133 ultro.

182 4163 304 4234 dumque
318 4177 348 4220 se
363 4177 459 4235 mpem
478 4162 728 4234 supereminentem

183 4252 288 4320 Ferret,
305 4254 364 4324 ejus
380 4266 435 4310 non
450 4267 553 4320 comes,
568 4252 669 4324 lnquit,
684 4253 777 4322 optem

184 4341 250 4398 Esse
264 4342 398 4411 naucleri,
417 4342 475 4400 iera
493 4344 572 4413 culus
590 4346 699 4400 exstam

272 4431 390 4489 Fraudis
403 4436 504 4489 naute.
519 4440 522 4446 ·

183 4518 229 4574 Sic
246 4533 313 4576 suos
326 4520 445 4578 mundus
459 4519 570 4591 perimit
584 4531 727 4588 sequaces,

183 4607 268 4679 cnjus
282 4610 394 4669 omnino
409 4607 556 4667 metuenda
569 4607 652 4664 dona.

184 4695 317 4754 lledicant
330 4699 404 4771 regis
417 4699 477 4757 uice
497 4700 665 4770 purpuratos

272 4788 427 4859 Pauperiei.

183 4876 287 4946 sponte
302 4889 376 4933 nunc
391 4890 484 4934 coram
502 4889 605 4932 vacuus
618 4873 726 4930 latrone

183 4964 211 5020 si
225 4964 289 5023 uolo
302 4963 389 5023 saltus
407 4979 457 5036 per
471 4963 652 5034 inhospitales

184 5055 271 5112 canto
286 5068 393 5123 secure,
408 5060 469 5115 rota
488 5068 531 5111 me
546 5066 599 5110 neo
612 5051 694 5121 huius

273 5146 338 5200 htra
353 5144 483 5201 revolvet.

184 5234 246 5290 lion
260 5232 326 5289 mihi
346 5233 482 5303 marsupia
502 5221 581 5304 plena
596 5227 725 5296 nummis,

183 5320 245 5376 Non
262 5319 352 5376 honor
366 5320 467 5378 desunt
480 5318 626 5390 epulaeque
644 5325 752 5387 rogum,

184 5409 253 5465 Dum
266 5423 346 5466 ceres
365 5409 447 5466 detur
460 5407 540 5464 simul
556 5412 585 5464 et
599 5405 695 5464 celeno

274 5497 358 5554 Plena
377 5497 462 5556 diota.

855 296 1016 354 candidi.

1112 512 1156 568 Ad
1173 427 1621 579 Huumromffiorclidiocomm.

1188 604 1293 670 Quanta
1305 603 1395 677 gloria
1409 607 1547 677 publicam

1153 691 1221 747 ilem
1237 692 1378 750 tuentibus
1392 693 1481 752 indita

1153 779 1232 850 sape
1244 782 1300 851 jam
1315 781 1408 854 inerit,
1424 789 1498 842 mam

1152 869 1339 928 llildebrande
1358 873 1501 932 scientiam

1153 958 1204 1014 llio
1218 958 1304 1016 latero
1319 962 1483 1030 putavimus.

1189 1049 1222 1104 lit
1241 1055 1379 1118 pommus.
1398 1051 1473 1110 idem
1488 1067 1568 1112 sacra

1152 1136 1186 1191 lit
1200 1137 1325 1194 badnum
1339 1138 1424 1198 reiert
1436 1143 1490 1212 via,

1151 1223 1222 1282 lllud
1242 1233 1271 1284 ot
1284 1229 1411 1300 capitolii

1152 1315 1266 1373 culmen
1285 1318 1414 1376 eximium
1428 1321 1545 1382 thronm

1152 1404 1264 1462 Pollsns
1277 1406 1386 1478 imperii
1405 1410 1499 1469 docet.

1190 1494 1244 1550 Sed
1262 1495 1329 1567 quid
1344 1498 1425 1554 istius
1444 1499 1524 1558 ardui

1153 1582 1190 1638 Fe
1204 1581 1317 1652 laboris,
1337 1590 1366 1642 et
1379 1587 1481 1646 invidae

1153 1672 1271 1730 Fraudis
1280 1679 1328 1731 aut
1339 1675 1425 1747 piget,
1436 1683 1483 1736 aut
1493 1678 1600 1749 pudet?

1156 1760 1186 1817 ld
1200 1762 1281 1820 bonis
1299 1765 1400 1822 omnim
1413 1766 1481 1824 viris

1152 1850 1233 1907 Peste
1252 1852 1315 1923 plus
1332 1854 1423 1910 subita
1438 1863 1530 1914 nocet.

1189 1939 1270 1998 Virus
1283 1941 1395 2000 invidiae
1413 1943 1502 2002 latens

1154 2027 1248 2085 liebus
1261 2029 1291 2086 iu
1306 2031 1416 2088 miseris
1434 2047 1511 2090 suam

1155 2117 1237 2174 Ponit
1251 2117 1478 2191 invaletudinem,

1153 2204 1256 2275 llisque
1271 2219 1327 2262 non
1341 2207 1404 2264 aliis
1417 2221 1513 2266 necem

1154 2293 1187 2347 lit
1201 2294 1325 2363 pericula
1338 2294 1458 2354 confert.

1186 2382 1240 2438 Sed
1255 2389 1286 2440 ut
1298 2383 1459 2454 invidearis,
1471 2390 1501 2443 et

1152 2471 1213 2527 Non
1228 2477 1258 2528 ut
1275 2472 1409 2542 inuideas,
1426 2475 1508 2532 decet

1152 2559 1189 2616 Fe
1204 2561 1304 2631 peritia
1317 2576 1399 2634 qnam
1418 2563 1499 2635 probi

1153 2650 1187 2705 Et
1205 2650 1273 2709 boui
1286 2651 1352 2710 iaclt
1371 2654 1453 2712 unice

1154 2739 1316 2811 compotem
1331 2743 1421 2799 meriti
1436 2744 1493 2802 sui.

1188 2829 1274 2886 Omne
1290 2829 1397 2899 ludiolo
1412 2836 1461 2890 tuo

1153 2918 1202 2974 lus
1220 2915 1303 2986 lauet,
1322 2919 1453 2991 sineque
1468 2920 1535 2978 mihi

1154 3006 1241 3063 llemo
1260 3009 1398 3080 pmpositi
1412 3010 1466 3068 mei

1153 3095 1202 3151 Vel
1220 3093 1322 3154 iauoris
1333 3097 1456 3156 inediam
1482 3161 1490 3184 Ι

1153 3183 1331 3242 Praemiumue
1345 3192 1439 3256 potest
1452 3187 1529 3245 dare.

1187 3274 1286 3332 cordis
1305 3276 1422 3333 emmins
1440 3277 1519 3349 vigor

1153 3361 1221 3418 Vitae
1236 3363 1339 3420 nobilis
1350 3365 1469 3434 optimas

1152 3451 1208 3506 llos
1221 3455 1315 3506 secuta
1330 3452 1450 3520 probant
1463 3452 1576 3524 quidem

1151 3538 1225 3595 luris
1243 3539 1394 3610 ingenium,
1409 3540 1492 3600 modo

1151 3628 1236 3698 cujus
1253 3627 1361 3686 artibus
1379 3629 1476 3687 uteris.

1188 3717 1228 3772 lix
1240 3717 1342 3788 quihus
1356 3721 1439 3789 caput
1452 3717 1561 3775 urbium

1152 3806 1239 3862 Roma
1251 3806 1363 3874 justior,
1379 3812 1408 3864 et
1426 3820 1514 3879 prope

1152 3893 1237 3950 Totus
1255 3893 1342 3962 orbis,
1358 3895 1497 3953 eastimet

1154 3981 1230 4036 Saeua
1245 3979 1387 4038 barbarias
1400 3982 1491 4040 adhuc

1152 4068 1231 4126 Clara
1245 4075 1388 4128 stemmata
1401 4073 1489 4144 regio.

1189 4159 1237 4216 llis
1251 4166 1280 4217 et
1293 4161 1492 4233 archiapostoli

1155 4249 1272 4310 Fervido
1286 4250 1378 4322 gladio
1393 4251 1467 4308 Petri

1153 4339 1258 4410 Frange
1277 4339 1373 4407 robur,
1388 4345 1417 4395 et
1430 4340 1549 4408 impetus

1153 4424 1230 4482 lllius
1248 4431 1327 4482 vetus
1341 4427 1477 4497 sejugum

1155 4513 1245 4584 Usque
1264 4514 1366 4571 sentiat
1379 4514 1516 4571 ultimum.

1188 4603 1294 4669 Quanta
1308 4605 1349 4660 vis
1363 4601 1568 4660 anathematis?

1153 4690 1291 4761 Quidquid
1307 4698 1334 4748 et
1348 4691 1449 4748 ilarius
1463 4691 1542 4761 prius

1155 4781 1289 4852 Quodque
1302 4781 1390 4837 Julim
1409 4786 1522 4852 egerant

1028 4912 1033 4924 .
1156 4869 1269 4925 blasima
1284 4882 1352 4925 nece
1371 4868 1500 4939 militum,

1154 4958 1228 5014 voce
1247 4963 1277 5014 ut
1296 4957 1404 5014 modica
1418 4956 1496 5014 iacis.

1188 5046 1274 5102 Roma
1294 5046 1360 5117 quid
1375 5045 1551 5117 Scipionibus

1154 5136 1323 5207 caeterisque
1337 5136 1489 5204 Quiritibus

1155 5225 1256 5282 Debuit
1269 5239 1357 5296 mage,
1379 5239 1461 5296 quam
1475 5224 1526 5282 tibi

1153 5315 1238 5385 (luins
1251 5321 1294 5371 est
1308 5313 1408 5371 studiis
1421 5328 1479 5371 suat

1154 5403 1239 5459 Nacta
1252 5402 1296 5459 via
1314 5403 1468 5474 potentior

1190 5490 1241 5559 Qui
1257 5491 1343 5562 probe
1357 5490 1488 5562 quoniam
1502 5490 1570 5547 satis

1155 5579 1238 5638 llulta
1253 5579 1429 5636 contulerant
1444 5579 1516 5636 bona
