4034 6152
200 209 253 270 εει
591 173 615 272 t.
637 211 666 273 r.
688 217 867 276 uuntcnuut
888 219 1036 276 ιιιεεειιι.
1057 209 1100 274 be
1118 207 1342 274 collTlllEllTlx
1360 217 1491 275 cunero.
1830 223 1883 280 eet

199 338 361 396 catholicam
386 336 477 404 fidem,
502 351 584 408 quam
606 354 669 410 quae
688 339 723 396 ad
747 341 961 398 ecclesiasticam
977 341 1142 409 dt-xquem
1161 338 1265 408 optime
1289 339 1400 410 cognita
1419 346 1446 396 ει
1465 345 1605 410 comperta
1628 341 1722 400 fuisse.
1746 347 1828 417 utqui
1847 361 1883 404 ne

197 410 341 480 sciplinam
365 408 554 478 pertinereut;
580 409 614 466 ad
634 425 714 481 quam
733 411 828 481 ulique
843 412 1016 483 disciplinam
1060 411 1113 466 boe
1133 410 1243 480 quidem
1259 415 1351 466 ιιιιιιιε
1369 411 1500 467 Ecclesiae
1524 411 1668 469 catholicae
1688 415 1787 473 doctor
1801 419 1882 490 igno-

198 480 354 552 pcrtinebat
368 492 457 535 canon
472 479 529 548 ille,
551 495 606 553 quo
625 483 712 538 sacris
726 481 780 537 illis
795 484 927 540 ministris
946 486 1017 539 veti·
1061 495 1122 536 rare
1138 487 1246 549 proterat
1265 481 1339 549 quod
1354 481 1477 550 ejusdem
1501 483 1631 539 Ecclesiae
1658 485 1752 541 Patres
1766 503 1797 544 ac
1811 491 1883 544 sacri

198 561 255 608 tum
275 549 359 606 fuisse
374 551 495 620 conjugii
510 565 587 606 usum
603 553 711 609 abunde
727 554 782 622 jam
798 555 982 625 probavimus.
1060 552 1182 622 theologi
1206 552 1306 620 passim
1326 558 1354 606 et
1376 555 1514 608 communi
1538 567 1674 611 consensu
1699 556 1809 623 docent,
1830 559 1883 616 buc

234 623 322 678 xliv.
342 620 460 676 bitende
479 635 562 688 nnnc,
587 637 667 692 quam
686 623 795 680 idoneis
819 632 847 680 et
865 625 898 680 ad
914 623 1020 681 intelli·
1061 630 1113 690 est,
1134 623 1329 678 continentiam
1346 636 1406 679 esse
1420 623 1531 693 quidem
1546 625 1685 694 peculiare
1700 627 1747 683 liei
1763 628 1882 697 donum;

196 693 316 762 gentiam
340 690 491 747 commodis
517 693 609 749 balius
636 695 727 750 uerbis
755 697 925 766 expresserit
957 709 1016 752 eam
1061 693 1109 748 sed
1126 707 1184 748 eam
1199 692 1380 749 nibilominus
1399 693 1426 748 in
1442 694 1561 751 bominis
1575 697 1690 753 arbitrio
1706 705 1733 754 et
1749 706 1883 767 potestate

197 764 295 834 legem,
316 776 397 832 quam
416 763 597 818 somniabata
617 773 713 822 sancto
728 779 788 822 esse
807 766 951 823 Ambrosio
967 779 1018 836 pro
1062 763 1178 833 positam
1198 777 1269 830 esse,
1289 765 1312 818 si
1333 771 1423 819 tamen
1443 766 1503 835 ipse
1522 766 1652 822 remediis
1667 769 1699 824 ad
1715 783 1774 824 cam
1790 783 1885 828 neces·

198 834 390 890 saccrdotibus
422 836 546 890 uxoratis
577 837 789 904 pronuntiatam.
828 839 893 908 Ejus
925 838 1020 907 utique
1062 835 1152 902 seriis,
1168 847 1201 890 ae
1216 834 1347 890 divinitus
1367 837 1510 904 institutis,
1527 842 1554 892 et
1573 837 1606 892 ad
1623 853 1689 893 usus
1703 849 1814 897 nostros
1833 855 1884 911 pa·

197 905 281 960 verba
296 903 463 960 baecerant:
477 905 1020 964 nldcolexconceditsacerdotessemel
1062 906 1129 961 ratis
1153 906 1192 960 uti
1220 905 1294 961 velit.
1319 905 1376 972 Qua
1398 906 1432 963 dc
1456 921 1486 962 re
1510 921 1567 978 pree
1591 910 1700 965 caeteris
1724 913 1772 966 aeri
1797 913 1884 968 nostri

196 975 330 1044 uirginem
344 988 458 1030 uxorem
473 974 584 1042 ducere,
600 977 649 1032 sed
662 978 819 1048 coniugium
834 993 889 1034 non
905 981 1016 1034 iterare.
1062 975 1200 1046 tbeologis
1214 989 1265 1045 ego
1281 977 1413 1032 suaserim
1433 983 1463 1032 ut
1479 978 1629 1034 cardinalis
1652 981 1811 1038 consulatur
1825 984 1886 1039 Bel-

196 1046 224 1102 sl
238 1052 340 1111 autem,
356 1053 462 1102 mortua
478 1047 564 1115 prima
579 1061 674 1114 uxore,
693 1049 823 1105 sacerdos
836 1050 917 1105 aliam
932 1050 1022 1105 duxe-
1061 1045 1275 1102 larminuslibro
1287 1047 1375 1115 primo
1386 1049 1423 1102 lle
1434 1048 1554 1116 clericis,
1566 1051 1655 1119 capite
1670 1050 1715 1117 21,
1728 1053 1755 1107 in
1773 1067 1885 1123 respon·

197 1116 244 1184 rit,
264 1115 449 1172 sacerdotium
468 1117 578 1172 amittit.
599 1135 613 1170 u
634 1119 698 1174 llaec
718 1119 802 1190 igitur
820 1127 850 1175 ut
869 1120 902 1175 ad
923 1134 1020 1190 purum
1062 1119 1140 1172 sione
1155 1118 1189 1173 ad
1205 1124 1331 1185 quartum
1346 1118 1565 1175 adversariorum
1580 1130 1779 1192 argumentum,
1797 1133 1823 1180 et
1838 1125 1886 1179 ali-

197 1193 226 1243 ει
243 1187 381 1243 ειιιεειιιιε
401 1186 599 1258 intelligantur,
624 1189 697 1245 bunc
717 1203 768 1260 ego
788 1191 816 1246 in
835 1192 945 1247 modum
966 1191 1022 1246 dis-
1062 1195 1166 1257 quanto
1199 1187 1358 1256 copiosius,
1393 1188 1465 1244 libro
1497 1191 1620 1248 secundo
1652 1193 1690 1248 lle
1723 1195 1884 1261 monacbis,

196 1257 341 1314 seruerim.
370 1258 602 1324 Quemadmodum
624 1259 699 1315 aliud
725 1265 767 1316 est
786 1261 857 1317 filios
876 1262 904 1316 in
924 1275 1019 1317 sacer·
1062 1259 1153 1329 eapite
1185 1255 1239 1324 31,
1274 1258 1321 1314 ubi
1355 1259 1436 1314 etiam
1469 1260 1543 1316 iuter
1574 1262 1626 1317 alia
1660 1262 1743 1319 multa
1776 1267 1884 1320 latrum

197 1327 274 1384 detio
294 1326 396 1393 facere,
412 1329 486 1384 alind
506 1329 618 1397 babere,
632 1336 661 1385 ul
676 1331 746 1386 bene
765 1332 924 1388 Ambrosius
939 1333 1021 1388 etiarn
1062 1330 1230 1396 testimonia,
1246 1329 1347 1398 quibus
1371 1331 1505 1401 probatur
1528 1331 1684 1388 eaelibatum
1708 1349 1769 1390 esse
1789 1337 1816 1392 in
1833 1350 1885 1406 po·

195 1399 287 1465 nobis,
308 1412 423 1456 numere
445 1398 487 1466 18,
508 1400 536 1454 in
555 1400 675 1469 apostoli
695 1402 772 1457 Pauli
786 1403 909 1472 Epistola
924 1403 1020 1458 obser·
1062 1405 1161 1456 testate
1185 1406 1289 1465 nostra,
1315 1399 1415 1456 divinae
1440 1402 1536 1471 gratiae
1554 1403 1657 1459 auxillo
1671 1405 1775 1474 innixa,
1791 1407 1884 1462 ridere

196 1470 294 1534 rabat,
323 1470 364 1526 sic
392 1470 474 1524 etiam
503 1471 563 1526 sine
591 1471 676 1527 dubio
696 1472 771 1527 aliud
796 1479 838 1528 cst
857 1486 970 1529 uxorem
991 1475 1020 1529 in
1062 1470 1131 1526 licet
1144 1471 1280 1527 Ambrosii
1298 1485 1409 1542 quoque
1433 1473 1564 1529 antistitis
1585 1475 1672 1530 nostri
1688 1478 1884 1542 testimonium,

197 1539 354 1596 sacerdotio
365 1539 478 1607 ducere,
493 1540 567 1598 aliud
584 1541 695 1598 babere.
712 1544 789 1599 lianc
804 1543 875 1600 enim
891 1544 1022 1600 sacerdos
1063 1553 1091 1597 ει
1113 1541 1156 1596 bis
1170 1542 1262 1596 verbis
1286 1543 1534 1611 comprehensum:
1552 1562 1566 1594 ιι
1581 1547 1752 1614 Ambrosius,
1767 1549 1838 1604 libro
1854 1565 1884 1603 ιιι

196 1611 298 1666 babere
319 1616 410 1680 potest
428 1611 537 1666 ductam
558 1614 634 1681 prius
653 1627 733 1682 qnam
748 1615 905 1670 sacerdotio
925 1614 1019 1670 initia·
1065 1613 1102 1667 lle
1127 1613 1287 1683 uirginibus,
1314 1612 1445 1668 Dominus
1464 1614 1572 1685 linquitl
1597 1619 1644 1685 qui
1669 1619 1762 1683 sciret,
1787 1619 1886 1689 praedi·

197 1689 283 1748 retur,
303 1695 335 1736 ac
355 1687 489 1750 praeterea
503 1683 543 1738 sic
558 1683 660 1739 babere
675 1690 705 1739 ut
724 1683 765 1739 vel
780 1699 813 1740 ea
832 1686 941 1741 interim
956 1691 1019 1741 ula·
1030 1657 1054 1714 Β
1064 1682 1178 1738 calidam
1188 1684 1317 1738 omuibus
1330 1683 1527 1754 integritatem,
1539 1685 1696 1741 imitandam
1713 1689 1818 1757 paucis,
1830 1703 1885 1745 non

197 1757 261 1817 fur,
285 1752 328 1808 uel
352 1754 379 1807 in
404 1759 567 1823 perpetuum
588 1768 642 1810 non
662 1761 764 1811 utatur.
785 1757 919 1822 Quocirca
938 1757 1020 1812 ctiam
1062 1766 1158 1808 omnes
1167 1753 1273 1824 linquit)
1284 1753 1519 1823 capiuntveroum
1530 1755 1613 1811 istud.
1623 1757 1769 1814 Etlibrode
1780 1760 1884 1815 viduis:

195 1823 282 1878 Graeci
303 1821 344 1892 (ut
358 1823 522 1892 explicatum
536 1826 590 1894 lam
606 1831 658 1891 εει,
675 1838 790 1881 numero
804 1825 850 1898 24)
869 1826 1020 1882 secundum
1062 1825 1130 1880 Sunt
1154 1823 1270 1894 (iuquit)
1292 1826 1431 1893 spadones
1449 1827 1497 1894 qui
1516 1840 1546 1882 se
1566 1835 1753 1886 castraverunt
1773 1837 1887 1900 propter

196 1894 350 1949 Trullanam
370 1893 503 1964 synodum
524 1895 756 1964 permittebantur
773 1910 886 1952 uxorem
907 1897 935 1952 ιιι
955 1912 1021 1953 ιιειιε
1062 1908 1176 1965 regnum
1195 1894 1347 1960 coelorum;
1368 1896 1417 1952 sed
1438 1895 1490 1952 bec
1505 1910 1561 1953 non
1579 1900 1707 1955 omnibus
1721 1901 1883 1970 imperatur,

197 1964 278 2019 etiarn
293 1965 454 2034 conjugales
468 1965 570 2022 babere
589 1966 711 2036 quidem,
732 1967 755 2022 si
779 1981 849 2034 eam,
870 1981 925 2023 non
945 1974 1018 2039 post,
1061 1965 1110 2021 sed
1125 1966 1159 2020 ab
1175 1967 1302 2023 erunibus
1317 1967 1465 2036 flagitatur.
1483 1985 1497 2018 u
1512 1969 1546 2023 Et
1562 1968 1650 2024 infra:
1668 1989 1682 2021 u
1702 1971 1759 2027 Scit
1773 1973 1887 2028 Creator
1975 1963 1977 1972 ⁴

197 2035 321 2090 sedante
337 2036 552 2092 subdiaconatus
571 2037 696 2093 ordinem
712 2037 855 2093 duxissent
870 2039 1021 2108 eademque
1062 2036 1203 2102 omnium,
1224 2036 1338 2091 affectus
1362 2051 1422 2092 esse
1446 2039 1538 2094 uarios
1562 2041 1752 2110 singulorum,
1775 2051 1803 2098 et
1822 2044 1885 2099 ideo

198 2105 369 2161 consuetudo
391 2106 518 2162 similiter
545 2121 560 2162 a
589 2108 664 2164 clero
692 2108 889 2165 Mediolanensi
912 2107 1021 2164 demunt
1062 2107 1183 2175 praemiis
1202 2106 1329 2161 virtutem
1346 2110 1523 2175 provocarit,
1548 2123 1603 2165 nou
1624 2111 1808 2168 infirmitatem
1828 2115 1888 2168 ritr-

195 2177 355 2231 scrrabatur
373 2177 476 2231 Arieldi
495 2185 630 2246 tempore,
648 2183 677 2233 ut
692 2179 745 2234 boc
759 2179 820 2248 ipsu
835 2179 907 2234 libro
922 2185 1020 2248 quarto
1062 2176 1132 2230 culis
1154 2175 1284 2245 alligauit.
1302 2194 1317 2226 u
1343 2178 1481 2232 llactenus
1499 2180 1637 2235 Ambrosii
1661 2183 1752 2237 rerba.
1778 2184 1883 2250 Quibus

193 2247 248 2315 jam
263 2246 381 2300 vidimus
395 2247 485 2315 capite
501 2247 527 2301 3.
543 2248 621 2303 Nune
633 2247 719 2318 igitur
732 2263 784 2318 ego
800 2263 895 2318 quaero
910 2250 1020 2319 quinam
1061 2245 1137 2301 illico
1152 2247 1333 2302 bellarminus
1347 2247 1459 2303 subdit:
1478 2265 1492 2299 u
1503 2251 1568 2305 llaec
1583 2251 1649 2306 ille:
1667 2252 1717 2306 Ubi
1728 2253 1805 2308 rides
1819 2269 1886 2309 con·

195 2316 422 2385 essetgenuimus
436 2329 467 2372 ac
482 2315 621 2386 legitimus
636 2321 695 2387 ejus
716 2318 785 2388 legis
799 2333 905 2374 sensus.
918 2321 1020 2374 Exuna
1062 2316 1206 2372 tinentiam
1230 2318 1358 2372 omnibus
1379 2318 1535 2386 praedicari,
1554 2320 1588 2374 ab
1608 2322 1736 2377 omnibus
1758 2323 1885 2394 flagitari,

195 2387 268 2440 enim
294 2390 370 2454 parte
394 2385 503 2442 videtur
520 2401 552 2442 ea
571 2388 763 2444 sacerdotibus
787 2390 969 2456 concessisse,
991 2397 1021 2444 ut
1062 2388 1200 2454 nimirum,
1217 2388 1239 2442 ει
1256 2388 1308 2456 ipsi
1324 2387 1409 2444 velint
1424 2392 1535 2457 praemia
1551 2392 1611 2461 ejus
1630 2394 1772 2462 consequi.
1792 2413 1805 2445 u

197 2463 260 2524 post
287 2455 472 2511 sacerdotium
499 2457 580 2512 etiam
604 2466 762 2527 susceptum
786 2459 888 2516 ducere
907 2465 1021 2529 possent
1096 2459 1353 2514 illiteratorum
1381 2461 1409 2514 in
1438 2474 1471 2516 eo
1500 2475 1610 2531 quoque
1638 2464 1816 2533 landulphus
1839 2464 1885 2520 ille

196 2540 320 2582 uxorem.
348 2527 423 2582 Sicut
446 2528 519 2583 enim
542 2543 573 2583 ea
593 2529 653 2599 ipsa
672 2530 731 2600 lege
746 2531 903 2600 coniugium
919 2533 1020 2586 iterare
1062 2527 1161 2584 Senior
1185 2529 1295 2584 errabat
1313 2529 1399 2599 quod,
1423 2533 1579 2587 Graecorum
1605 2534 1746 2602 explicans
1764 2536 1885 2590 nubendi

196 2596 365 2666 alteramque
382 2603 444 2666 post
463 2599 568 2654 obitum
585 2599 680 2668 primae
699 2601 801 2656 ducere
816 2602 961 2657 vetabatur
979 2615 1021 2656 sa·
1061 2599 1300 2666 cousuetudinem,
1321 2600 1365 2654 lris
1387 2614 1446 2656 eant
1462 2603 1553 2658 verbis
1568 2603 1734 2675 descripsit:
1757 2624 1771 2656 ιι
1791 2607 1886 2676 ltaque

197 2667 358 2723 cerdotlbus
377 2668 423 2736 qul
444 2671 600 2725 sacerdotio
617 2672 674 2739 jam
696 2668 896 2742 fungerentur,
916 2673 1020 2742 quique
1060 2671 1148 2726 Graeci
1163 2669 1334 2737 secerdotes,
1345 2671 1552 2728 ambrosianam
1568 2681 1695 2730 tenentes
1708 2678 1884 2743 senteutiam,

196 2744 343 2807 propterea
358 2739 590 2796 contrafacientes
604 2741 738 2797 deberent
752 2743 876 2798 amittere
891 2743 1020 2798 sacerdo·
1061 2753 1148 2808 usque
1165 2739 1247 2795 bodie
1261 2746 1384 2796 sanctum
1402 2750 1430 2798 et
1450 2756 1501 2811 pro
1517 2742 1576 2814 lege
1592 2744 1695 2801 babent
1713 2754 1753 2811 ut,
1774 2747 1885 2816 quando

196 2813 274 2874 llum,
290 2821 344 2863 non
359 2810 454 2878 utiquc
470 2811 621 2880 ceteroqui
636 2812 833 2882 acquirendum
849 2819 954 2882 postea,
970 2814 1019 2868 scd
1061 2810 1089 2865 iu
1104 2811 1261 2866 sacerdotio
1281 2818 1432 2882 unguntur,
1448 2819 1495 2868 aut
1509 2815 1693 2884 virginitatem
1709 2817 1807 2872 exinde
1823 2831 1887 2887 pro·

196 2879 273 2948 prius
296 2879 471 2948 acquisitum,
491 2883 530 2936 ita
554 2885 636 2937 etlam
655 2883 714 2938 rice
732 2897 810 2938 uersa
829 2883 1021 2939 sacerdotibus
1062 2881 1181 2946 mittant,
1198 2889 1244 2936 aut
1260 2895 1360 2937 uxores
1382 2883 1411 2938 ιιι
1436 2885 1594 2941 ιεειιιιιοιιιο
1611 2886 1746 2943 bonorum
1766 2888 1885 2943 virorum

196 2949 230 3005 ad
249 2950 435 3005 sacerdotium
452 2953 507 3019 jam
532 2953 667 3020 promotis
690 2966 852 3009 concessum
874 2951 1114 3032 ridebaturcsibi
1140 2953 1257 3007 socient.
1283 2971 1297 3003 ι
1328 2953 1357 3007 ln
1383 2953 1446 3019 boc,
1471 2956 1593 3024 inquam,
1614 2956 1660 3012 ille
1685 2958 1753 3012 citra
1773 2958 1886 3014 dubium

197 3027 227 3075 ιιι
241 3021 326 3076 εειιιει
346 3035 459 3076 ιιιειειιι
479 3023 581 3079 ducere
600 3024 732 3094 virginem
757 3029 881 3094 possent.
903 3024 1020 3092 Quodsi
1062 3021 1187 3104 errabat,¹
1207 3028 1234 3077 et
1259 3022 1382 3147 ipsismet
1401 3023 1537 3080 Trullanae
1561 3029 1659 3096 synodi
1687 3030 1848 3096 canonibus,
1872 3045 1886 3084 ιι

196 3091 388 3147 sacerdotibus
405 3092 458 3148 boc
477 3093 515 3148 ita
531 3094 736 3150 concedebatur
750 3095 846 3164 quidni
864 3095 950 3150 multo
964 3109 1022 3150 ma·
1061 3091 1259 3148 Bellarmrnod
1281 3093 1400 3149 elisslme
1416 3095 1567 3164 propositis
1586 3096 1629 3168 (ul
1647 3111 1662 3152 a
1689 3096 1769 3154 nobis
1791 3103 1888 3156 recita-

196 3162 239 3232 gis
260 3162 465 3218 concedebatur
482 3164 608 3221 diaconis
623 3170 651 3220 et
665 3164 865 3222 subdiacontst
882 3167 921 3220 En
937 3165 1022 3236 igitur
1061 3171 1118 3218 tum
1135 3164 1191 3232 jam
1211 3171 1253 3218 est
1267 3177 1382 3220 nurnero
1402 3162 1451 3235 24)
1476 3167 1649 3234 apertissime
1665 3167 1809 3225 refellitur.
1825 3173 1885 3227 llon

195 3238 226 3287 ut
239 3233 399 3288 Ambrosius
413 3233 499 3289 sacris
516 3235 571 3291 illis
586 3235 719 3290 ministris
736 3233 891 3291 facultatem
908 3250 1021 3292 eonces-
1062 3235 1135 3288 enim
1154 3247 1186 3289 ea
1201 3241 1266 3290 tunc
1287 3235 1454 3305 peragebant
1472 3237 1551 3302 (sicut
1571 3251 1604 3292 uc
1624 3237 1759 3295 bodierna
1774 3242 1885 3310 quidem

195 3303 277 3359 sisset
295 3304 376 3375 lenge
390 3303 535 3372 diversam,
552 3307 687 3376 longeque
702 3307 861 3376 ampliorem
877 3307 1019 3377 illaquam
1062 3311 1196 3374 peragunt
1212 3304 1266 3363 dict
1282 3307 1380 3369 Graeci,
1398 3306 1508 3374 quande
1524 3307 1551 3361 in
1571 3307 1727 3364 sacerdotio
1747 3313 1886 3381 ungeban-

195 3373 248 3443 ipsi
268 3381 363 3443 postea
378 3377 524 3431 usiterunt.
549 3377 627 3443 Quod
645 3384 735 3432 tamen
760 3378 822 3446 quis
841 3377 958 3433 credati
972 3379 1019 3433 sin
1061 3381 1117 3440 tur,
1135 3374 1184 3429 sed
1199 3380 1344 3443 antequam
1361 3375 1561 3432 subdiaconatu
1578 3378 1764 3435 initiarentur.

195 3451 285 3500 autem
307 3447 383 3501 ilatio
404 3447 496 3514 potius
511 3446 611 3516 placet,
628 3453 658 3502 ut
673 3446 827 3513 credamus,
844 3462 875 3503 ea
896 3449 955 3518 lege
972 3462 1020 3503 sa-
1096 3444 1207 3499 llLvlll.
1223 3445 1276 3500 Sed
1301 3458 1335 3500 ne
1354 3444 1382 3499 in
1406 3447 1566 3515 ecquidem
1590 3448 1718 3504 immunis
1736 3451 1771 3505 ab
1791 3466 1885 3508 errore

196 3515 357 3571 cerdotlbus
371 3516 405 3570 ab
420 3518 564 3573 Ambrosio
579 3530 742 3572 concessum
755 3518 840 3573 luisse
859 3524 889 3572 ut
905 3531 1018 3574 uxorem
1060 3514 1169 3569 videtur
1183 3513 1369 3584 bandulpbus,
1382 3516 1456 3584 quod
1472 3529 1567 3572 omnes
1581 3518 1609 3572 in
1625 3520 1781 3576 universum
1796 3536 1887 3579 sacer·

195 3585 297 3642 ducere
316 3587 489 3644 solummodo
509 3595 622 3658 possent
640 3593 704 3643 ante
723 3588 971 3656 subdiaconatum,
992 3595 1020 3644 et
1060 3583 1140 3640 dotes
1154 3597 1331 3654 monogamos
1346 3585 1542 3643 existimaverit
1557 3601 1611 3644 non
1627 3590 1717 3646 uivere
1737 3593 1788 3647 sub
1803 3595 1886 3648 casti·

195 3670 228 3712 co
249 3671 363 3726 prorsus
386 3657 483 3714 ordine
509 3673 590 3728 quem
610 3659 729 3728 denique
744 3659 869 3715 nouimus
883 3667 1019 3714 servatum
1060 3662 1126 3721 tate,
1151 3654 1200 3710 sed
1225 3668 1325 3711 uxores
1344 3657 1381 3711 ita
1405 3671 1498 3712 secum
1517 3659 1649 3732 deinceps
1669 3661 1827 3729 baberent
1851 3665 1886 3720 iis

194 3729 571 3798 aGraecispnstTrullanam
596 3729 742 3800 synodum,
764 3731 1018 3785 etanostrislle·
1060 3727 1141 3781 etiam
1171 3731 1334 3790 uterentur;
1364 3728 1439 3796 quod
1462 3735 1554 3786 tamen
1577 3729 1674 3786 falsum
1694 3739 1746 3790 esl.
1777 3735 1885 3790 Etenim

195 3797 402 3855 dinianensibus
416 3800 519 3856 Arialdi
543 3806 677 3869 tempore,
703 3801 797 3870 negari
818 3799 942 3868 profecto
962 3813 1018 3856 nen
1061 3795 1214 3852 secundum
1231 3811 1329 3852 ·sacrns
1349 3811 1480 3866 canones,
1506 3805 1535 3857 et
1556 3803 1706 3858 secundnm
1723 3804 1885 3861 catbulieam

193 3875 285 3939 potest
303 3871 369 3939 quin
390 3883 421 3924 ea
441 3871 494 3937 lex,
519 3869 621 3927 talibus
640 3877 775 3941 concepta
799 3870 900 3938 verbis,
922 3885 1017 3940 parurn
1060 3874 1089 3923 et
1102 3868 1190 3923 sancti
1206 3868 1343 3952 Ambrosii
1362 3869 1527 3938 doctrinam,
1548 3871 1574 3926 in
1597 3875 1788 3944 superioribus
1802 3877 1887 3949 expli-

193 3939 340 3996 admodum
364 3948 499 4012 congruat
522 3942 556 3997 ad
580 3941 738 4010 hujusmodi
758 3953 880 4010 sensum,
901 3950 929 3997 ct
947 3941 1019 3997 banc
1061 3946 1159 4004 eatam,
1177 3939 1229 3995 boc
1245 3939 1301 3993 rllrs
1316 3940 1468 3996 vetabatur.
1787 3967 1792 3974 ·

195 4010 276 4067 etiam
296 4011 332 4068 ob
347 4025 456 4067 caumm
476 4012 614 4069 censenda
633 4011 758 4068 uideatur
776 4012 938 4069 doctissimo
957 4016 1019 4068 dm·
1096 4010 1185 4065 llLlll.
1210 4007 1253 4092 lid¹
1269 4010 1416 4066 Gualvanei
1442 4011 1570 4069 Tlammae
1593 4016 1810 4084 attestationem,
1835 4032 1886 4075 nu·

195 4081 289 4138 hensio
304 4081 362 4138 indi
401 4097 426 4138 a,
1060 4079 1181 4146 merob,
1198 4086 1352 4147 recitatam,
1368 4095 1441 4138 nunc
1466 4085 1639 4152 revertimur,
1657 4093 1684 4142 el
1708 4090 1820 4157 propria
1840 4104 1888 4159 pa·

229 4154 305 4208 xlv.
322 4097 502 4210 Etffictenus
512 4153 622 4224 quidem
633 4153 725 4210 salisa
740 4154 821 4212 nobis
834 4155 1017 4210 examinatum
1061 4153 1129 4206 riter
1143 4149 1335 4234 ipsiuserrata
1350 4163 1606 4211 commonstramus.
1632 4158 1661 4211 ln
1677 4171 1710 4214 eo
1725 4166 1815 4215 autem
1830 4161 1888 4229 pri-

195 4223 353 4294 singillatim
368 4224 404 4281 sit
420 4226 577 4296 primarium
593 4225 660 4280 illud
680 4226 751 4280 balli
766 4225 963 4282 testimouium.
976 4224 1016 4281 dd
1060 4235 1132 4278 mum
1157 4229 1268 4289 erravit,
1291 4222 1365 4292 quod
1390 4237 1421 4278 ea
1446 4227 1535 4280 saneti
1555 4226 1631 4281 Pauli
1655 4228 1689 4281 ad
1715 4228 1885 4284 Timotheum

196 4293 264 4350 illud
286 4309 370 4364 porro
393 4295 547 4365 landulphi
567 4295 700 4360 senioris,
716 4297 791 4366 quod
810 4296 933 4351 secundo
953 4289 1089 4352 loeoDet
1108 4292 1141 4347 ad
1162 4293 1250 4347 Titum
1273 4293 1376 4350 monita
1400 4293 1470 4349 male
1503 4296 1701 4364 interpretatus
1729 4304 1771 4353 est
1789 4306 1886 4354 contra

193 4365 378 4434 sequebatur,
408 4367 464 4421 sive
492 4366 527 4422 ad
546 4366 621 4422 illius
644 4367 779 4435 potiorem
812 4373 937 4436 partem,
960 4368 1016 4436 lam
1059 4368 1222 4434 perpetuam
1245 4369 1272 4418 ct
1291 4377 1463 4420 communem
1487 4365 1561 4419 lllam
1585 4364 1716 4423 Ecclesiae
1738 4368 1882 4426 catholicae

192 4435 386 4504 respondimus
409 4449 523 4492 numero
542 4435 583 4490 ll.
603 4437 681 4491 Nunc
695 4436 814 4491 libenter
828 4438 862 4491 ab
877 4437 938 4506 ipso
954 4451 1017 4506 per·
1057 4434 1233 4500 sententiam,
1259 4447 1339 4503 quam
1362 4448 1413 4489 nos
1432 4447 1485 4490 una
1510 4449 1571 4490 cum
1591 4436 1755 4493 bellarmino
1774 4439 1875 4495 indica-

193 4513 385 4563 cunctaremur
403 4521 529 4577 quaenam
552 4504 635 4562 fuerit
649 4507 695 4560 illa
715 4506 846 4576 synodus,
861 4520 941 4576 quam
956 4507 1016 4576 ipse
1058 4504 1164 4575 bamus,
1192 4517 1307 4561 numero
1330 4505 1376 4571 23,
1402 4520 1462 4562 eum
1486 4506 1591 4576 alioqui
1615 4509 1768 4564 certissima
1792 4511 1828 4566 sil
1851 4525 1882 4566 ιιι

193 4577 335 4634 innuebat.
356 4578 384 4633 Si
398 4580 471 4634 enim
486 4577 816 4646 constantinopolitanam
836 4578 1018 4647 responderet
1058 4587 1169 4644 quoque
1189 4575 1350 4630 Tertulliani
1367 4577 1471 4646 regula,
1487 4576 1559 4633 libro
1574 4579 1611 4633 lle
1627 4581 1883 4649 praescripliunibus

194 4647 278 4704 fnisse
290 4649 364 4704 illam
379 4663 460 4718 quam
484 4649 578 4704 lintius
597 4662 725 4718 expresse
741 4648 918 4714 nominabat;
939 4662 1016 4718 ergo,
1058 4645 1195 4727 adversus,
1213 4645 1373 4712 baereticos,
1399 4649 1490 4718 capite
1508 4647 1553 4714 l'l,
1580 4650 1739 4720 consignata
1756 4670 1763 4706 ι
1780 4668 1794 4703 ιι
1810 4652 1883 4706 Tau·

194 4719 266 4774 sicut
289 4721 394 4783 llatius,
413 4721 452 4775 ita
475 4719 556 4776 etiam
579 4720 639 4789 ipse
655 4719 758 4788 pariter
769 4719 799 4774 ιιι
815 4718 868 4774 boc
879 4720 936 4788 jam
951 4733 1017 4775 con·
1058 4723 1115 4772 lum
1139 4717 1247 4771 veritati
1267 4718 1403 4787 obstrepit
1427 4716 1536 4773 adulter
1559 4732 1675 4786 seusus,
1705 4727 1836 4790 quantum
1856 4728 1884 4777 cl

193 4789 283 4844 rictus
309 4792 413 4847 erroris
438 4797 557 4846 tenetur.
587 4790 615 4846 Si
643 4790 777 4845 diversam
801 4787 905 4856 fuissc3
924 4803 1016 4846 nenne
1058 4793 1207 4856 corruptor
1220 4787 1348 4857 stylus.»
1375 4789 1441 4844 lude
1465 4789 1550 4859 igitur
1567 4791 1737 4848 Guelvaneus
1752 4800 1883 4862 corrupte

193 4859 300 4915 betium
320 4861 379 4931 ipse
399 4861 427 4916 in
444 4861 497 4918 boc
517 4875 624 4917 errasse
644 4859 785 4926 fateretur,
805 4859 921 4929 ipseque
936 4861 1018 4917 nobis
1058 4872 1090 4913 ac
1104 4857 1263 4927 depravate,
1275 4859 1342 4928 quin
1357 4859 1439 4914 etiam
1450 4866 1547 4916 contra
1563 4874 1683 4917 canones
1698 4863 1761 4918 ilios
1773 4870 1884 4933 aposto·

195 4931 299 5000 primus
311 4931 469 4988 ostenderet
485 4946 566 5002 quam
582 4932 656 5002 parvi
672 4930 796 4987 facienda
807 4930 844 4985 slt
853 4932 913 4998 ejus
923 4940 1018 4988 aneto·
1057 4928 1138 4994 lices,
1164 4941 1235 4998 qnos
1260 4943 1374 4984 numero
1397 4929 1433 4983 35
1456 4930 1655 4994 iudicabamus.
1670 4933 1813 5001 judicavit,
1826 4936 1881 5004 jam

193 5003 261 5056 ritas
274 5010 302 5058 et
315 5003 446 5059 historica
461 5003 551 5059 idest
563 5003 659 5058 Nonne
675 5004 778 5070 pariter
792 5000 907 5057 diversae
918 5001 1016 5073 synodi
1058 4999 1123 5055 inde
1137 4999 1171 5054 ab
1191 4999 1278 5054 initiis
1292 4999 1423 5056 Ecclesia
1438 5001 1596 5058 christianae
1616 5004 1727 5060 licuisse
1746 5005 1882 5068 diaconis,

193 5079 344 5141 praetcxtus
366 5072 463 5129 iisdem
486 5073 571 5129 ferme
595 5072 722 5128 omnibus
741 5070 914 5128 refelleretur
932 5087 1019 5144 argu·
1057 5068 1259 5135 sacerdotibus,
1291 5080 1318 5125 et
1346 5072 1486 5141 episcopis
1511 5073 1612 5129 babere
1635 5089 1755 5142 rixerrs;
1782 5077 1883 5145 quibus

195 5144 306 5210 mentis,
318 5145 418 5214 quibus
427 5143 740 5214 constantinopolitane
753 5143 827 5199 illius
839 5143 936 5213 synodi
949 5158 1017 5214 prae·
1058 5141 1153 5210 utique
1168 5142 1274 5223 interea
1289 5147 1442 5200 uterentur.
1455 5143 1504 5199 llic
1519 5144 1590 5199 enirn
1607 5145 1710 5215 absque
1726 5145 1811 5202 dublo
1822 5153 1882 5202 erat

194 5219 285 5269 textus
301 5214 497 5272 refellebaturr
1057 5212 1204 5268 cuatvaner
1224 5225 1333 5267 sensus.

229 5285 317 5340 llblll.
333 5288 435 5342 sensns
449 5286 583 5341 bumanos
598 5285 631 5341 ad
649 5286 817 5354 peccandum
828 5299 889 5341 esse
902 5297 1016 5353 pronos,
1094 5283 1124 5338 ll.
1153 5281 1231 5349 Quod
1261 5284 1326 5339 item
1355 5282 1402 5340 ille
1431 5287 1447 5338 a
1475 5285 1624 5351 Zacharia,
1653 5288 1742 5344 sancti
1769 5291 1883 5346 loannis

195 5359 222 5409 ει
242 5359 395 5426 praesertim
419 5364 533 5428 propter
563 5357 811 5422 incontinentiam
842 5362 869 5412 et
895 5356 1016 5426 itemque
1057 5352 1187 5422 Baptistae
1212 5353 1349 5478 genitore,
1370 5369 1402 5409 ae
1417 5357 1525 5438 'veteris
1539 5357 1704 5413 Testamenti
1727 5361 1882 5426 sacerdote,

193 5424 378 5496 uirginitatem
389 5432 471 5498 atque
481 5427 635 5484 castitatem
648 5440 704 5483 nou
717 5426 827 5483 aliunde
842 5439 922 5496 quem
935 5429 1016 5483 alico
1058 5430 1216 5494 argumenta
1238 5431 1301 5480 atur
1319 5425 1353 5480 ad
1377 5426 1446 5481 Νοιι
1470 5427 1635 5484 Testamenti
1659 5431 1836 5498 sacerdotes;
1855 5434 1881 5488 ln

194 5493 290 5554 baberi
314 5512 414 5569 posse;
440 5499 513 5556 absit
533 5511 549 5554 a
573 5512 615 5554 me
638 5504 668 5555 ut
687 5497 747 5553 baec
761 5511 857 5568 negem
872 5496 1016 5554 Ambrosio
1058 5494 1111 5550 boc
1125 5493 1221 5552 itidem
1237 5494 1342 5565 absque
1357 5495 1443 5553 dubio
1458 5497 1586 5563 errabat;
1607 5507 1634 5555 et
1650 5501 1677 5555 iu
1693 5501 1746 5558 lroe
1761 5503 1795 5558 ab
1810 5504 1885 5573 ipso-
