<?xml version="1.0" encoding="UTF-8"?>
<!DOCTYPE html PUBLIC "-//W3C//DTD XHTML 1.0 Transitional//EN"
    "http://www.w3.org/TR/xhtml1/DTD/xhtml1-transitional.dtd">
<html xmlns="http://www.w3.org/1999/xhtml" xml:lang="en" lang="en">
 <head>
  <title>
</title>
<meta http-equiv="Content-Type" content="text/html;charset=utf-8" />
  <meta name='ocr-system' content='tesseract 3.04.00' />
  <meta name='ocr-capabilities' content='ocr_page ocr_carea ocr_par ocr_line ocrx_word'/>
</head>
<body>
  <div class='ocr_page' id='page_1' title='image "./patrologiaecurs128unkngoog_0575.png"; bbox 0 0 4106 6178; ppageno 0'>
   <div class='ocr_carea' id='block_1_1' title="bbox 591 293 1358 356">
    <p class='ocr_par' dir='ltr' id='par_1_1' title="bbox 591 293 1358 356">
     <span class='ocr_line' id='line_1_1' title="bbox 591 293 1358 356; baseline 0.009 -8"><span class='ocrx_word' id='word_1_1' title='bbox 591 293 635 348; x_wconf 82' lang='lat' dir='ltr'><em>DE</em></span> <span class='ocrx_word' id='word_1_2' title='bbox 653 295 857 354; x_wconf 67' lang='lat' dir='ltr'><em>inventionis</em></span> <span class='ocrx_word' id='word_1_3' title='bbox 876 298 918 354; x_wconf 82' lang='grc' dir='ltr'><em>ΕΤ</em></span> <span class='ocrx_word' id='word_1_4' title='bbox 937 298 1146 355; x_wconf 71' lang='lat' dir='ltr'><em>mutatione</em></span> <span class='ocrx_word' id='word_1_5' title='bbox 1165 300 1192 355; x_wconf 94' lang='lat' dir='ltr'><em>S.</em></span> <span class='ocrx_word' id='word_1_6' title='bbox 1213 299 1358 356; x_wconf 77' lang='lat' dir='ltr'><em>sunium.</em></span> 
     </span>
    </p>
   </div>
   <div class='ocr_carea' id='block_1_2' title="bbox 566 569 1379 917">
    <p class='ocr_par' dir='ltr' id='par_1_2' title="bbox 566 569 1379 917">
     <span class='ocr_line' id='line_1_2' title="bbox 823 569 1121 686; baseline 0.007 -2"><span class='ocrx_word' id='word_1_7' title='bbox 823 569 1121 686; x_wconf 67' lang='lat' dir='ltr'><em>abablio</em></span> 
     </span>
     <span class='ocr_line' id='line_1_3' title="bbox 566 805 1379 917; baseline 0.006 -6"><span class='ocrx_word' id='word_1_8' title='bbox 566 805 625 912; x_wconf 81' lang='lat' dir='ltr'><em>bl</em></span> <span class='ocrx_word' id='word_1_9' title='bbox 661 805 947 917; x_wconf 82' lang='lat' dir='ltr'><em>ldtbdllodb</em></span> <span class='ocrx_word' id='word_1_10' title='bbox 982 809 1040 916; x_wconf 81' lang='lat' dir='ltr'><em>bl</em></span> <span class='ocrx_word' id='word_1_11' title='bbox 1076 807 1379 916; x_wconf 72' lang='lat' dir='ltr'><em>baudillii</em></span> 
     </span>
    </p>
   </div>
   <div class='ocr_carea' id='block_1_3' title="bbox 486 1001 1454 1233">
    <p class='ocr_par' dir='ltr' id='par_1_3' title="bbox 486 1001 1454 1233">
     <span class='ocr_line' id='line_1_4' title="bbox 771 1001 1173 1066; baseline 0.007 -5"><span class='ocrx_word' id='word_1_12' title='bbox 771 1001 802 1066; x_wconf 90' lang='lat' dir='ltr'><em>S.</em></span> <span class='ocrx_word' id='word_1_13' title='bbox 824 1003 987 1064; x_wconf 83' lang='lat' dir='ltr'>BERTINI</span> <span class='ocrx_word' id='word_1_14' title='bbox 1007 1003 1173 1065; x_wconf 75' lang='lat' dir='ltr'><strong>ABBATIS</strong></span> 
     </span>
     <span class='ocr_line' id='line_1_5' title="bbox 486 1162 1454 1233; baseline 0.002 -16"><span class='ocrx_word' id='word_1_15' title='bbox 486 1162 564 1230; x_wconf 78' lang='lat' dir='ltr'><em>QUAE</em></span> <span class='ocrx_word' id='word_1_16' title='bbox 592 1162 698 1218; x_wconf 73' lang='lat' dir='ltr'>FACTA</span> <span class='ocrx_word' id='word_1_17' title='bbox 725 1163 785 1218; x_wconf 85' lang='lat' dir='ltr'><em>EST</em></span> <span class='ocrx_word' id='word_1_18' title='bbox 816 1163 908 1220; x_wconf 78' lang='lat' dir='ltr'><em>buno</em></span> <span class='ocrx_word' id='word_1_19' title='bbox 939 1163 1198 1221; x_wconf 70' lang='lat' dir='ltr'><em>luctuabundus</em></span> <span class='ocrx_word' id='word_1_20' title='bbox 1228 1162 1345 1222; x_wconf 79' lang='lat' dir='ltr'><em>bodini</em></span> <span class='ocrx_word' id='word_1_21' title='bbox 1375 1162 1454 1233; x_wconf 78' lang='lat' dir='ltr'><em>lost,</em></span> 
     </span>
    </p>
   </div>
   <div class='ocr_carea' id='block_1_4' title="bbox 618 1315 1318 1405">
    <p class='ocr_par' dir='ltr' id='par_1_4' title="bbox 618 1315 1318 1405">
     <span class='ocr_line' id='line_1_6' title="bbox 618 1315 1318 1405; baseline 0.003 -23"><span class='ocrx_word' id='word_1_22' title='bbox 618 1316 658 1382; x_wconf 84' lang='lat' dir='ltr'><em>A.</em></span> <span class='ocrx_word' id='word_1_23' title='bbox 680 1317 818 1383; x_wconf 81' lang='lat' dir='ltr'><em>Bovonn</em></span> <span class='ocrx_word' id='word_1_24' title='bbox 843 1315 952 1383; x_wconf 79' lang='lat' dir='ltr'><em>abbate</em></span> <span class='ocrx_word' id='word_1_25' title='bbox 975 1317 1159 1384; x_wconf 70' lang='lat' dir='ltr'><em>sithivensi</em></span> <span class='ocrx_word' id='word_1_26' title='bbox 1181 1319 1318 1405; x_wconf 85' lang='lat' dir='ltr'><em>dipeato.</em></span> 
     </span>
    </p>
   </div>
   <div class='ocr_carea' id='block_1_5' title="bbox 187 1479 1756 1558">
    <p class='ocr_par' dir='ltr' id='par_1_5' title="bbox 187 1479 1756 1558">
     <span class='ocr_line' id='line_1_7' title="bbox 187 1479 1756 1558; baseline 0.003 -21"><span class='ocrx_word' id='word_1_27' title='bbox 187 1479 315 1552; x_wconf 74' lang='grc' dir='ltr'>(Μιιιιι,</span> <span class='ocrx_word' id='word_1_28' title='bbox 330 1483 399 1542; x_wconf 76' lang='lat' dir='ltr'><em>Aeto</em></span> <span class='ocrx_word' id='word_1_29' title='bbox 412 1485 467 1544; x_wconf 87' lang='lat' dir='ltr'><em>SS.</em></span> <span class='ocrx_word' id='word_1_30' title='bbox 487 1485 586 1542; x_wconf 73' lang='grc' dir='ltr'>Βοιαὶ.</span> <span class='ocrx_word' id='word_1_31' title='bbox 606 1486 676 1543; x_wconf 86' lang='lat' dir='ltr'><em>Saec.</em></span> <span class='ocrx_word' id='word_1_32' title='bbox 692 1487 738 1554; x_wconf 90' lang='lat' dir='ltr'><em>lll,</em></span> <span class='ocrx_word' id='word_1_33' title='bbox 753 1492 831 1557; x_wconf 88' lang='lat' dir='ltr'><em>parte</em></span> <span class='ocrx_word' id='word_1_34' title='bbox 844 1502 885 1556; x_wconf 93' lang='grc' dir='ltr'>ιιι,</span> <span class='ocrx_word' id='word_1_35' title='bbox 901 1500 963 1558; x_wconf 85' lang='lat' dir='ltr'><em>pag.</em></span> <span class='ocrx_word' id='word_1_36' title='bbox 983 1485 1043 1541; x_wconf 87' lang='lat'><strong>153.</strong></span> <span class='ocrx_word' id='word_1_37' title='bbox 1059 1500 1093 1546; x_wconf 85' lang='lat' dir='ltr'><em>ex</em></span> <span class='ocrx_word' id='word_1_38' title='bbox 1107 1502 1172 1544; x_wconf 90' lang='lat' dir='ltr'><em>mss.</em></span> <span class='ocrx_word' id='word_1_39' title='bbox 1189 1487 1271 1546; x_wconf 84' lang='lat' dir='ltr'>codd.</span> <span class='ocrx_word' id='word_1_40' title='bbox 1288 1487 1435 1545; x_wconf 79' lang='lat' dir='ltr'><em>sithivensi</em></span> <span class='ocrx_word' id='word_1_41' title='bbox 1450 1491 1478 1545; x_wconf 91' lang='lat' dir='ltr'><em>et</em></span> <span class='ocrx_word' id='word_1_42' title='bbox 1491 1485 1756 1550; x_wconf 79' lang='lat' dir='ltr'><em>Claromariscensi.i</em></span> 
     </span>
    </p>
   </div>
   <div class='ocr_carea' id='block_1_6' title="bbox 228 1731 1815 1896">
    <p class='ocr_par' dir='ltr' id='par_1_6' title="bbox 228 1731 1815 1896">
     <span class='ocr_line' id='line_1_8' title="bbox 228 1731 1815 1808; baseline 0.001 -21"><span class='ocrx_word' id='word_1_43' title='bbox 228 1731 350 1802; x_wconf 77' lang='lat' dir='ltr'><em>Epistola</em></span> <span class='ocrx_word' id='word_1_44' title='bbox 367 1733 482 1788; x_wconf 79' lang='lat' dir='ltr'><em>unone</em></span> <span class='ocrx_word' id='word_1_45' title='bbox 500 1733 536 1790; x_wconf 86' lang='lat' dir='ltr'><em>od</em></span> <span class='ocrx_word' id='word_1_46' title='bbox 559 1734 696 1790; x_wconf 86' lang='lat' dir='ltr'><em>Widonem</em></span> <span class='ocrx_word' id='word_1_47' title='bbox 713 1736 854 1791; x_wconf 75' lang='lat' dir='ltr'><strong><em>Remorum</em></strong></span> <span class='ocrx_word' id='word_1_48' title='bbox 959 1734 1087 1794; x_wconf 78' lang='lat' dir='ltr'><em>Avandis</em></span> <span class='ocrx_word' id='word_1_49' title='bbox 1114 1736 1201 1792; x_wconf 91' lang='lat' dir='ltr'><em>sacris</em></span> <span class='ocrx_word' id='word_1_50' title='bbox 1227 1737 1343 1794; x_wconf 92' lang='lat' dir='ltr'><em>artubus</em></span> <span class='ocrx_word' id='word_1_51' title='bbox 1366 1737 1426 1808; x_wconf 88' lang='lat' dir='ltr'><em>ipse</em></span> <span class='ocrx_word' id='word_1_52' title='bbox 1444 1738 1512 1793; x_wconf 89' lang='lat' dir='ltr'><em>satis</em></span> <span class='ocrx_word' id='word_1_53' title='bbox 1539 1736 1637 1794; x_wconf 89' lang='lat' dir='ltr'><em>devote</em></span> <span class='ocrx_word' id='word_1_54' title='bbox 1665 1733 1815 1791; x_wconf 80' lang='lat' dir='ltr'><em>inservires</em></span> 
     </span>
     <span class='ocr_line' id='line_1_9' title="bbox 424 1803 1814 1896; baseline -0.003 -16"><span class='ocrx_word' id='word_1_55' title='bbox 424 1803 655 1878; x_wconf 42' lang='lat' dir='ltr'><em>“similimum</em></span> <span class='ocrx_word' id='word_1_56' title='bbox 991 1837 1072 1892; x_wconf 88' lang='lat' dir='ltr'><em>quam</em></span> <span class='ocrx_word' id='word_1_57' title='bbox 1103 1823 1254 1882; x_wconf 89' lang='lat' dir='ltr'><em>honorilice</em></span> <span class='ocrx_word' id='word_1_58' title='bbox 1287 1809 1423 1896; x_wconf 61' lang='lat' dir='ltr'><em>q‘namqne</em></span> <span class='ocrx_word' id='word_1_59' title='bbox 1456 1823 1571 1881; x_wconf 84' lang='lat' dir='ltr'><em>mirifice</em></span> <span class='ocrx_word' id='word_1_60' title='bbox 1602 1824 1663 1894; x_wconf 90' lang='lat' dir='ltr'><em>ipsa</em></span> <span class='ocrx_word' id='word_1_61' title='bbox 1695 1821 1814 1878; x_wconf 91' lang='lat' dir='ltr'><em>celebris</em></span> 
     </span>
    </p>
   </div>
   <div class='ocr_carea' id='block_1_7' title="bbox 164 1907 1815 1985">
    <p class='ocr_par' dir='ltr' id='par_1_7' title="bbox 164 1907 1815 1985">
     <span class='ocr_line' id='line_1_10' title="bbox 164 1907 1815 1985; baseline 0.002 -22"><span class='ocrx_word' id='word_1_62' title='bbox 164 1907 280 1964; x_wconf 84' lang='lat' dir='ltr'><em>nomino</em></span> <span class='ocrx_word' id='word_1_63' title='bbox 324 1910 552 1980; x_wconf 68' lang='lat' dir='ltr'><em>praestantissimo</em></span> <span class='ocrx_word' id='word_1_64' title='bbox 593 1912 803 1982; x_wconf 89' lang='lat' dir='ltr'><em>archiepiscopo</em></span> <span class='ocrx_word' id='word_1_65' title='bbox 841 1913 950 1968; x_wconf 84' lang='lat' dir='ltr'><em>Wroom</em></span> <span class='ocrx_word' id='word_1_66' title='bbox 990 1915 1078 1969; x_wconf 90' lang='lat' dir='ltr'><em>sancti</em></span> <span class='ocrx_word' id='word_1_67' title='bbox 1101 1914 1218 1970; x_wconf 90' lang='lat' dir='ltr'><em>elevatio</em></span> <span class='ocrx_word' id='word_1_68' title='bbox 1242 1920 1352 1985; x_wconf 89' lang='lat' dir='ltr'><em>peracta</em></span> <span class='ocrx_word' id='word_1_69' title='bbox 1375 1915 1422 1982; x_wconf 88' lang='lat' dir='ltr'><em>sit,</em></span> <span class='ocrx_word' id='word_1_70' title='bbox 1447 1913 1540 1970; x_wconf 89' lang='lat' dir='ltr'><em>nullus</em></span> <span class='ocrx_word' id='word_1_71' title='bbox 1566 1917 1614 1968; x_wconf 91' lang='lat' dir='ltr'><em>tua</em></span> <span class='ocrx_word' id='word_1_72' title='bbox 1642 1912 1815 1982; x_wconf 77' lang='lat' dir='ltr'><em>experientia</em></span> 
     </span>
    </p>
   </div>
   <div class='ocr_carea' id='block_1_8' title="bbox 10 1992 1815 2160">
    <p class='ocr_par' dir='ltr' id='par_1_8' title="bbox 10 1992 1815 2160">
     <span class='ocr_line' id='line_1_11' title="bbox 10 1992 1815 2074; baseline 0.005 -25"><span class='ocrx_word' id='word_1_73' title='bbox 10 2054 16 2066; x_wconf 49' lang='grc'><strong><em>,</em></strong></span> <span class='ocrx_word' id='word_1_74' title='bbox 128 1992 213 2052; x_wconf 88' lang='lat' dir='ltr'><em>frater</em></span> <span class='ocrx_word' id='word_1_75' title='bbox 245 1997 320 2054; x_wconf 86' lang='lat' dir='ltr'><em>Bovo</em></span> <span class='ocrx_word' id='word_1_76' title='bbox 353 1997 482 2070; x_wconf 91' lang='lat' dir='ltr'><em>indignus</em></span> <span class='ocrx_word' id='word_1_77' title='bbox 514 2000 599 2056; x_wconf 90' lang='lat' dir='ltr'><em>abbas</em></span> <span class='ocrx_word' id='word_1_78' title='bbox 631 2000 778 2056; x_wconf 87' lang='lat' dir='ltr'><em>Sitbiensis</em></span> <span class='ocrx_word' id='word_1_79' title='bbox 808 2000 947 2066; x_wconf 84' lang='lat' dir='ltr'><em>coenobii,</em></span> <span class='ocrx_word' id='word_1_80' title='bbox 991 2001 1116 2070; x_wconf 89' lang='lat' dir='ltr'><em>prolecto</em></span> <span class='ocrx_word' id='word_1_81' title='bbox 1138 2003 1237 2060; x_wconf 88' lang='lat' dir='ltr'><em>melius</em></span> <span class='ocrx_word' id='word_1_82' title='bbox 1255 2004 1353 2060; x_wconf 90' lang='lat' dir='ltr'><em>norit:</em></span> <span class='ocrx_word' id='word_1_83' title='bbox 1374 2004 1478 2074; x_wconf 90' lang='lat' dir='ltr'><em>quippe</em></span> <span class='ocrx_word' id='word_1_84' title='bbox 1493 2017 1555 2074; x_wconf 80' lang='lat' dir='ltr'><em>qua</em></span> <span class='ocrx_word' id='word_1_85' title='bbox 1569 2000 1745 2057; x_wconf 90' lang='lat' dir='ltr'><em>celsitudinis</em></span> <span class='ocrx_word' id='word_1_86' title='bbox 1759 2005 1815 2058; x_wconf 86' lang='lat' dir='ltr'><em>tuae</em></span> 
     </span>
     <span class='ocr_line' id='line_1_12' title="bbox 13 2084 1814 2160; baseline 0.004 -22"><span class='ocrx_word' id='word_1_87' title='bbox 13 2137 18 2147; x_wconf 86' lang='grc'>,</span> <span class='ocrx_word' id='word_1_88' title='bbox 126 2084 201 2142; x_wconf 91' lang='lat' dir='ltr'><em>inter</em></span> <span class='ocrx_word' id='word_1_89' title='bbox 223 2085 385 2144; x_wconf 87' lang='lat' dir='ltr'><em>benedictos</em></span> <span class='ocrx_word' id='word_1_90' title='bbox 411 2089 560 2145; x_wconf 85' lang='lat' dir='ltr'><em>benedicit.</em></span> <span class='ocrx_word' id='word_1_91' title='bbox 991 2093 1114 2160; x_wconf 89' lang='lat' dir='ltr'><em>potentia</em></span> <span class='ocrx_word' id='word_1_92' title='bbox 1143 2092 1299 2159; x_wconf 86' lang='lat' dir='ltr'><em>sublimata,</em></span> <span class='ocrx_word' id='word_1_93' title='bbox 1328 2093 1493 2149; x_wconf 91' lang='lat' dir='ltr'><em>anctoritate</em></span> <span class='ocrx_word' id='word_1_94' title='bbox 1526 2091 1654 2148; x_wconf 91' lang='lat' dir='ltr'><em>consistit</em></span> <span class='ocrx_word' id='word_1_95' title='bbox 1685 2089 1814 2146; x_wconf 86' lang='lat' dir='ltr'><em>subnixa.</em></span> 
     </span>
    </p>
   </div>
   <div class='ocr_carea' id='block_1_9' title="bbox 14 2174 1815 2427">
    <p class='ocr_par' dir='ltr' id='par_1_9' title="bbox 14 2174 1815 2427">
     <span class='ocr_line' id='line_1_13' title="bbox 14 2174 1815 2248; baseline 0.001 -18"><span class='ocrx_word' id='word_1_96' title='bbox 14 2227 19 2243; x_wconf 92' lang='grc'>,</span> <span class='ocrx_word' id='word_1_97' title='bbox 162 2174 229 2231; x_wconf 80' lang='lat' dir='ltr'><em>llum</em></span> <span class='ocrx_word' id='word_1_98' title='bbox 254 2177 281 2232; x_wconf 92' lang='lat' dir='ltr'><em>in</em></span> <span class='ocrx_word' id='word_1_99' title='bbox 305 2190 423 2248; x_wconf 89' lang='lat' dir='ltr'><em>corpore</em></span> <span class='ocrx_word' id='word_1_100' title='bbox 439 2186 541 2235; x_wconf 82' lang='lat' dir='ltr'><em>sanctae</em></span> <span class='ocrx_word' id='word_1_101' title='bbox 560 2178 608 2234; x_wconf 88' lang='lat' dir='ltr'><em>bei</em></span> <span class='ocrx_word' id='word_1_102' title='bbox 628 2179 759 2236; x_wconf 77' lang='lat' dir='ltr'><em>Ecclesiae</em></span> <span class='ocrx_word' id='word_1_103' title='bbox 773 2179 825 2234; x_wconf 91' lang='lat' dir='ltr'><em>snb</em></span> <span class='ocrx_word' id='word_1_104' title='bbox 839 2179 948 2236; x_wconf 85' lang='lat' dir='ltr'><em>Cbristo</em></span> <span class='ocrx_word' id='word_1_105' title='bbox 989 2180 1067 2246; x_wconf 81' lang='lat' dir='ltr'><em>Quod</em></span> <span class='ocrx_word' id='word_1_106' title='bbox 1097 2194 1158 2235; x_wconf 91' lang='lat' dir='ltr'><em>cum</em></span> <span class='ocrx_word' id='word_1_107' title='bbox 1184 2182 1222 2235; x_wconf 89' lang='lat' dir='ltr'><em>ita</em></span> <span class='ocrx_word' id='word_1_108' title='bbox 1249 2182 1295 2248; x_wconf 90' lang='lat' dir='ltr'><em>sit,</em></span> <span class='ocrx_word' id='word_1_109' title='bbox 1325 2180 1360 2236; x_wconf 90' lang='lat' dir='ltr'><em>ad</em></span> <span class='ocrx_word' id='word_1_110' title='bbox 1392 2180 1605 2237; x_wconf 88' lang='lat' dir='ltr'><em>describendum</em></span> <span class='ocrx_word' id='word_1_111' title='bbox 1633 2178 1754 2248; x_wconf 90' lang='lat' dir='ltr'><em>idipsum</em></span> <span class='ocrx_word' id='word_1_112' title='bbox 1782 2191 1815 2233; x_wconf 91' lang='lat' dir='ltr'><em>ac</em></span> 
     </span>
     <span class='ocr_line' id='line_1_14' title="bbox 14 2265 1814 2338; baseline -0.003 -12"><span class='ocrx_word' id='word_1_113' title='bbox 14 2321 16 2326; x_wconf 81' lang='grc'>,</span> <span class='ocrx_word' id='word_1_114' title='bbox 125 2278 231 2322; x_wconf 77' lang='lat' dir='ltr'><em>mmmo</em></span> <span class='ocrx_word' id='word_1_115' title='bbox 246 2267 336 2336; x_wconf 88' lang='lat' dir='ltr'><em>capite</em></span> <span class='ocrx_word' id='word_1_116' title='bbox 358 2267 525 2325; x_wconf 88' lang='lat' dir='ltr'><em>eminentius</em></span> <span class='ocrx_word' id='word_1_117' title='bbox 543 2269 705 2335; x_wconf 86' lang='lat' dir='ltr'><em>membrum,</em></span> <span class='ocrx_word' id='word_1_118' title='bbox 726 2269 837 2325; x_wconf 91' lang='lat' dir='ltr'><em>domine</em></span> <span class='ocrx_word' id='word_1_119' title='bbox 856 2270 946 2337; x_wconf 88' lang='lat' dir='ltr'><em>Pater,</em></span> <span class='ocrx_word' id='word_1_120' title='bbox 989 2269 1108 2338; x_wconf 89' lang='lat' dir='ltr'><em>posteris</em></span> <span class='ocrx_word' id='word_1_121' title='bbox 1130 2268 1326 2325; x_wconf 86' lang='lat' dir='ltr'><em>notificandum</em></span> <span class='ocrx_word' id='word_1_122' title='bbox 1351 2282 1419 2324; x_wconf 77' lang='lat' dir='ltr'><em>meae</em></span> <span class='ocrx_word' id='word_1_123' title='bbox 1437 2267 1586 2336; x_wconf 81' lang='lat' dir='ltr'><em>imperitiae</em></span> <span class='ocrx_word' id='word_1_124' title='bbox 1609 2280 1718 2322; x_wconf 87' lang='lat' dir='ltr'><em>manum</em></span> <span class='ocrx_word' id='word_1_125' title='bbox 1744 2265 1814 2321; x_wconf 91' lang='lat' dir='ltr'><em>cba-</em></span> 
     </span>
     <span class='ocr_line' id='line_1_15' title="bbox 124 2354 1811 2427; baseline 0.001 -18"><span class='ocrx_word' id='word_1_126' title='bbox 124 2354 165 2409; x_wconf 91' lang='lat' dir='ltr'><em>sis</em></span> <span class='ocrx_word' id='word_1_127' title='bbox 187 2355 364 2423; x_wconf 88' lang='lat' dir='ltr'><em>constitutus,</em></span> <span class='ocrx_word' id='word_1_128' title='bbox 389 2363 426 2422; x_wconf 92' lang='lat' dir='ltr'><em>et,</em></span> <span class='ocrx_word' id='word_1_129' title='bbox 451 2362 481 2413; x_wconf 91' lang='lat' dir='ltr'><em>nt</em></span> <span class='ocrx_word' id='word_1_130' title='bbox 505 2357 542 2414; x_wconf 86' lang='lat' dir='ltr'><em>ita</em></span> <span class='ocrx_word' id='word_1_131' title='bbox 565 2357 665 2425; x_wconf 90' lang='lat' dir='ltr'><em>dicam,</em></span> <span class='ocrx_word' id='word_1_132' title='bbox 690 2357 790 2413; x_wconf 89' lang='lat' dir='ltr'><em>collum</em></span> <span class='ocrx_word' id='word_1_133' title='bbox 816 2363 843 2414; x_wconf 92' lang='lat' dir='ltr'><em>te</em></span> <span class='ocrx_word' id='word_1_134' title='bbox 862 2358 947 2427; x_wconf 90' lang='lat' dir='ltr'><em>capiti</em></span> <span class='ocrx_word' id='word_1_135' title='bbox 989 2357 1097 2413; x_wconf 89' lang='lat' dir='ltr'><em>ritativa</em></span> <span class='ocrx_word' id='word_1_136' title='bbox 1124 2355 1238 2414; x_wconf 85' lang='lat' dir='ltr'><em>fratrum</em></span> <span class='ocrx_word' id='word_1_137' title='bbox 1268 2363 1425 2414; x_wconf 90' lang='lat' dir='ltr'><em>nostrorum</em></span> <span class='ocrx_word' id='word_1_138' title='bbox 1458 2357 1565 2414; x_wconf 82' lang='lat' dir='ltr'><em>exactio</em></span> <span class='ocrx_word' id='word_1_139' title='bbox 1593 2354 1726 2427; x_wconf 75' lang='lat' dir='ltr'><em>suggerit,</em></span> <span class='ocrx_word' id='word_1_140' title='bbox 1756 2368 1811 2411; x_wconf 92' lang='lat' dir='ltr'><em>non</em></span> 
     </span>
    </p>
   </div>
   <div class='ocr_carea' id='block_1_10' title="bbox 8 2441 1811 4114">
    <p class='ocr_par' dir='ltr' id='par_1_10' title="bbox 8 2441 1811 4114">
     <span class='ocr_line' id='line_1_16' title="bbox 8 2441 1810 2516; baseline 0.001 -19"><span class='ocrx_word' id='word_1_141' title='bbox 8 2441 12 2510; x_wconf 76' lang='grc' dir='ltr'><strong>Ῐ</strong></span> <span class='ocrx_word' id='word_1_142' title='bbox 122 2450 253 2512; x_wconf 89' lang='lat' dir='ltr'><em>oporteat</em></span> <span class='ocrx_word' id='word_1_143' title='bbox 280 2443 353 2500; x_wconf 92' lang='lat' dir='ltr'><em>uniri</em></span> <span class='ocrx_word' id='word_1_144' title='bbox 382 2453 463 2516; x_wconf 91' lang='lat' dir='ltr'><em>atque</em></span> <span class='ocrx_word' id='word_1_145' title='bbox 488 2446 624 2502; x_wconf 86' lang='lat' dir='ltr'><em>inbaercre</em></span> <span class='ocrx_word' id='word_1_146' title='bbox 648 2446 775 2511; x_wconf 88' lang='lat' dir='ltr'><em>vicinius,</em></span> <span class='ocrx_word' id='word_1_147' title='bbox 803 2447 946 2515; x_wconf 91' lang='lat' dir='ltr'><em>utriusque</em></span> <span class='ocrx_word' id='word_1_148' title='bbox 988 2446 1052 2515; x_wconf 87' lang='lat' dir='ltr'><em>qnia</em></span> <span class='ocrx_word' id='word_1_149' title='bbox 1068 2446 1124 2502; x_wconf 91' lang='lat' dir='ltr'><em>illis</em></span> <span class='ocrx_word' id='word_1_150' title='bbox 1143 2447 1238 2515; x_wconf 89' lang='lat' dir='ltr'><em>quavis</em></span> <span class='ocrx_word' id='word_1_151' title='bbox 1267 2453 1395 2516; x_wconf 76' lang='lat' dir='ltr'><em>praestem</em></span> <span class='ocrx_word' id='word_1_152' title='bbox 1423 2445 1631 2511; x_wconf 67' lang='lat' dir='ltr'><em>salentiacum</em></span> <span class='ocrx_word' id='word_1_153' title='bbox 1655 2443 1810 2500; x_wconf 90' lang='lat' dir='ltr'><em>cunctime</em></span> 
     </span>
     <span class='ocr_line' id='line_1_17' title="bbox 8 2532 1811 2614; baseline 0.001 -28"><span class='ocrx_word' id='word_1_154' title='bbox 8 2534 15 2614; x_wconf 54' lang='lat' dir='ltr'>s</span> <span class='ocrx_word' id='word_1_155' title='bbox 122 2533 221 2601; x_wconf 88' lang='lat' dir='ltr'><em>partis,</em></span> <span class='ocrx_word' id='word_1_156' title='bbox 237 2533 336 2590; x_wconf 85' lang='lat' dir='ltr'><em>animas</em></span> <span class='ocrx_word' id='word_1_157' title='bbox 347 2533 519 2590; x_wconf 88' lang='lat' dir='ltr'><em>videlicetet</em></span> <span class='ocrx_word' id='word_1_158' title='bbox 537 2535 673 2605; x_wconf 88' lang='lat' dir='ltr'><em>corporis.</em></span> <span class='ocrx_word' id='word_1_159' title='bbox 690 2534 839 2590; x_wconf 89' lang='lat' dir='ltr'><em>valitudine</em></span> <span class='ocrx_word' id='word_1_160' title='bbox 860 2535 947 2591; x_wconf 91' lang='lat' dir='ltr'><em>omni·</em></span> <span class='ocrx_word' id='word_1_161' title='bbox 988 2537 1135 2604; x_wconf 86' lang='lat' dir='ltr'><em>probitate,</em></span> <span class='ocrx_word' id='word_1_162' title='bbox 1173 2537 1299 2593; x_wconf 90' lang='lat' dir='ltr'><em>nonnulli</em></span> <span class='ocrx_word' id='word_1_163' title='bbox 1336 2536 1417 2592; x_wconf 90' lang='lat' dir='ltr'><em>etiam</em></span> <span class='ocrx_word' id='word_1_164' title='bbox 1455 2535 1613 2592; x_wconf 89' lang='lat' dir='ltr'><em>intellectus</em></span> <span class='ocrx_word' id='word_1_165' title='bbox 1649 2532 1811 2605; x_wconf 80' lang='lat' dir='ltr'><em>praecellant</em></span> 
     </span>
     <span class='ocr_line' id='line_1_18' title="bbox 8 2620 1811 2701; baseline 0.002 -26"><span class='ocrx_word' id='word_1_166' title='bbox 8 2627 15 2701; x_wconf 30' lang='grc' dir='ltr'>ἠ</span> <span class='ocrx_word' id='word_1_167' title='bbox 121 2620 214 2676; x_wconf 89' lang='lat' dir='ltr'><em>modis</em></span> <span class='ocrx_word' id='word_1_168' title='bbox 237 2625 311 2676; x_wconf 91' lang='lat' dir='ltr'><em>tuam</em></span> <span class='ocrx_word' id='word_1_169' title='bbox 331 2623 510 2680; x_wconf 90' lang='lat' dir='ltr'><em>reverentiam</em></span> <span class='ocrx_word' id='word_1_170' title='bbox 530 2623 635 2694; x_wconf 87' lang='lat' dir='ltr'><em>pollere</em></span> <span class='ocrx_word' id='word_1_171' title='bbox 654 2623 794 2687; x_wconf 88' lang='lat' dir='ltr'><em>desidero,</em></span> <span class='ocrx_word' id='word_1_172' title='bbox 811 2630 946 2692; x_wconf 89' lang='lat' dir='ltr'><em>quatenus</em></span> <span class='ocrx_word' id='word_1_173' title='bbox 987 2625 1177 2694; x_wconf 88' lang='lat' dir='ltr'><em>perspicacia;</em></span> <span class='ocrx_word' id='word_1_174' title='bbox 1193 2640 1286 2682; x_wconf 89' lang='lat' dir='ltr'><em>verum</em></span> <span class='ocrx_word' id='word_1_175' title='bbox 1303 2633 1334 2682; x_wconf 91' lang='lat' dir='ltr'><em>ut</em></span> <span class='ocrx_word' id='word_1_176' title='bbox 1348 2626 1407 2696; x_wconf 87' lang='lat' dir='ltr'><em>ipsa</em></span> <span class='ocrx_word' id='word_1_177' title='bbox 1422 2633 1524 2682; x_wconf 84' lang='lat' dir='ltr'><em>sanctae</em></span> <span class='ocrx_word' id='word_1_178' title='bbox 1543 2623 1705 2681; x_wconf 81' lang='lat' dir='ltr'><em>elevationis</em></span> <span class='ocrx_word' id='word_1_179' title='bbox 1722 2623 1811 2679; x_wconf 87' lang='lat' dir='ltr'><em>series</em></span> 
     </span>
     <span class='ocr_line' id='line_1_19' title="bbox 8 2705 1811 2784; baseline 0.002 -19"><span class='ocrx_word' id='word_1_180' title='bbox 8 2705 15 2784; x_wconf 49' lang='grc' dir='ltr'><strong>ᾗ</strong></span> <span class='ocrx_word' id='word_1_181' title='bbox 121 2722 179 2766; x_wconf 87' lang='grc' dir='ltr'><em>ιιι</em></span> <span class='ocrx_word' id='word_1_182' title='bbox 203 2725 331 2780; x_wconf 89' lang='lat' dir='ltr'><em>suprema</em></span> <span class='ocrx_word' id='word_1_183' title='bbox 350 2718 433 2783; x_wconf 89' lang='lat' dir='ltr'><em>atque</em></span> <span class='ocrx_word' id='word_1_184' title='bbox 456 2711 558 2768; x_wconf 89' lang='lat' dir='ltr'><em>debilia</em></span> <span class='ocrx_word' id='word_1_185' title='bbox 582 2711 713 2778; x_wconf 89' lang='lat' dir='ltr'><em>membra,</em></span> <span class='ocrx_word' id='word_1_186' title='bbox 744 2719 771 2767; x_wconf 92' lang='lat' dir='ltr'><em>te</em></span> <span class='ocrx_word' id='word_1_187' title='bbox 799 2712 946 2768; x_wconf 82' lang='lat' dir='ltr'><em>salubriter</em></span> <span class='ocrx_word' id='word_1_188' title='bbox 986 2714 1098 2783; x_wconf 82' lang='lat' dir='ltr'><em>dignior</em></span> <span class='ocrx_word' id='word_1_189' title='bbox 1115 2720 1270 2777; x_wconf 89' lang='lat' dir='ltr'><em>censeatur,</em></span> <span class='ocrx_word' id='word_1_190' title='bbox 1290 2713 1315 2768; x_wconf 92' lang='lat' dir='ltr'><em>si</em></span> <span class='ocrx_word' id='word_1_191' title='bbox 1330 2714 1442 2783; x_wconf 83' lang='lat' dir='ltr'><em>majoris</em></span> <span class='ocrx_word' id='word_1_192' title='bbox 1456 2713 1577 2768; x_wconf 91' lang='lat' dir='ltr'><em>nominis</em></span> <span class='ocrx_word' id='word_1_193' title='bbox 1595 2710 1686 2778; x_wconf 90' lang='lat' dir='ltr'><em>titulo,</em></span> <span class='ocrx_word' id='word_1_194' title='bbox 1702 2710 1811 2768; x_wconf 90' lang='lat' dir='ltr'><em>scilicet</em></span> 
     </span>
     <span class='ocr_line' id='line_1_20' title="bbox 120 2799 1811 2874; baseline 0.002 -20.814"><span class='ocrx_word' id='word_1_195' title='bbox 120 2799 342 2865; x_wconf 72' lang='lat' dir='ltr'><em>mediaetatem</em></span> <span class='ocrx_word' id='word_1_196' title='bbox 361 2815 429 2858; x_wconf 91' lang='lat' dir='ltr'><em>sano</em></span> <span class='ocrx_word' id='word_1_197' title='bbox 445 2801 528 2870; x_wconf 87' lang='lat' dir='ltr'><em>capiti</em></span> <span class='ocrx_word' id='word_1_198' title='bbox 552 2802 667 2858; x_wconf 82' lang='lat' dir='ltr'><em>Domino</em></span> <span class='ocrx_word' id='word_1_199' title='bbox 687 2807 783 2858; x_wconf 90' lang='lat' dir='ltr'><em>nostro</em></span> <span class='ocrx_word' id='word_1_200' title='bbox 808 2801 946 2870; x_wconf 86' lang='lat' dir='ltr'><em>possimos</em></span> <span class='ocrx_word' id='word_1_201' title='bbox 986 2801 1093 2858; x_wconf 90' lang='lat' dir='ltr'><em>abbatis</em></span> <span class='ocrx_word' id='word_1_202' title='bbox 1111 2803 1223 2859; x_wconf 89' lang='lat' dir='ltr'><em>nomine</em></span> <span class='ocrx_word' id='word_1_203' title='bbox 1247 2802 1423 2874; x_wconf 84' lang='lat' dir='ltr'><em>insigniatur.</em></span> <span class='ocrx_word' id='word_1_204' title='bbox 1446 2804 1567 2868; x_wconf 86' lang='lat' dir='ltr'><em>Quorum</em></span> <span class='ocrx_word' id='word_1_205' title='bbox 1586 2808 1678 2865; x_wconf 87' lang='lat' dir='ltr'><em>tamen</em></span> <span class='ocrx_word' id='word_1_206' title='bbox 1699 2801 1811 2856; x_wconf 90' lang='lat' dir='ltr'><em>conati-</em></span> 
     </span>
     <span class='ocr_line' id='line_1_21' title="bbox 8 2887 1808 2974; baseline -0.001 -30"><span class='ocrx_word' id='word_1_207' title='bbox 8 2899 16 2974; x_wconf 41' lang='lat'><em>‚⁵</em></span> <span class='ocrx_word' id='word_1_208' title='bbox 119 2890 342 2959; x_wconf 87' lang='lat' dir='ltr'><em>concorporari:</em></span> <span class='ocrx_word' id='word_1_209' title='bbox 363 2903 398 2946; x_wconf 90' lang='lat' dir='ltr'><em>ne</em></span> <span class='ocrx_word' id='word_1_210' title='bbox 416 2891 499 2962; x_wconf 86' lang='lat' dir='ltr'><em>[qnod</em></span> <span class='ocrx_word' id='word_1_211' title='bbox 514 2889 613 2961; x_wconf 82' lang='lat' dir='ltr'><em>obsiti)</em></span> <span class='ocrx_word' id='word_1_212' title='bbox 627 2904 709 2946; x_wconf 90' lang='lat' dir='ltr'><em>secus</em></span> <span class='ocrx_word' id='word_1_213' title='bbox 723 2897 846 2962; x_wconf 88' lang='lat' dir='ltr'><em>agentes,</em></span> <span class='ocrx_word' id='word_1_214' title='bbox 863 2905 945 2961; x_wconf 90' lang='lat' dir='ltr'><em>pene-</em></span> <span class='ocrx_word' id='word_1_215' title='bbox 985 2891 1037 2946; x_wconf 90' lang='lat' dir='ltr'><em>bns</em></span> <span class='ocrx_word' id='word_1_216' title='bbox 1060 2904 1111 2946; x_wconf 93' lang='lat' dir='ltr'><em>nec</em></span> <span class='ocrx_word' id='word_1_217' title='bbox 1136 2891 1164 2946; x_wconf 93' lang='lat' dir='ltr'><em>in</em></span> <span class='ocrx_word' id='word_1_218' title='bbox 1189 2895 1275 2947; x_wconf 88' lang='lat' dir='ltr'><em>toturn</em></span> <span class='ocrx_word' id='word_1_219' title='bbox 1300 2889 1434 2954; x_wconf 88' lang='lat' dir='ltr'><em>renitens,</em></span> <span class='ocrx_word' id='word_1_220' title='bbox 1459 2902 1511 2946; x_wconf 92' lang='lat' dir='ltr'><em>nec</em></span> <span class='ocrx_word' id='word_1_221' title='bbox 1534 2890 1563 2945; x_wconf 91' lang='lat' dir='ltr'><em>in</em></span> <span class='ocrx_word' id='word_1_222' title='bbox 1588 2895 1675 2945; x_wconf 91' lang='lat' dir='ltr'><em>totum</em></span> <span class='ocrx_word' id='word_1_223' title='bbox 1695 2887 1808 2955; x_wconf 82' lang='lat' dir='ltr'><em>cedens,</em></span> 
     </span>
     <span class='ocr_line' id='line_1_22' title="bbox 8 2975 1809 3050; baseline 0.001 -20"><span class='ocrx_word' id='word_1_224' title='bbox 8 2979 15 2998; x_wconf 69' lang='lat'>²</span> <span class='ocrx_word' id='word_1_225' title='bbox 119 2975 264 3034; x_wconf 90' lang='lat' dir='ltr'><em>trabiliore</em></span> <span class='ocrx_word' id='word_1_226' title='bbox 283 2977 344 3048; x_wconf 84' lang='lat' dir='ltr'><em>eius</em></span> <span class='ocrx_word' id='word_1_227' title='bbox 365 2979 459 3049; x_wconf 89' lang='lat' dir='ltr'><em>gladio</em></span> <span class='ocrx_word' id='word_1_228' title='bbox 481 2978 639 3035; x_wconf 82' lang='lat' dir='ltr'><em>scindamur</em></span> <span class='ocrx_word' id='word_1_229' title='bbox 659 2981 737 3049; x_wconf 83' lang='lat' dir='ltr'><em>juxta</em></span> <span class='ocrx_word' id='word_1_230' title='bbox 761 2978 829 3034; x_wconf 91' lang='lat' dir='ltr'><em>illud</em></span> <span class='ocrx_word' id='word_1_231' title='bbox 853 2980 943 3035; x_wconf 82' lang='lat' dir='ltr'><em>Evan-</em></span> <span class='ocrx_word' id='word_1_232' title='bbox 985 2986 1040 3035; x_wconf 80' lang='lat' dir='ltr'><em>tua</em></span> <span class='ocrx_word' id='word_1_233' title='bbox 1063 2980 1150 3050; x_wconf 84' lang='lat' dir='ltr'><em>magis</em></span> <span class='ocrx_word' id='word_1_234' title='bbox 1169 2978 1295 3049; x_wconf 81' lang='lat' dir='ltr'><em>iudiciali</em></span> <span class='ocrx_word' id='word_1_235' title='bbox 1318 2979 1466 3034; x_wconf 77' lang='lat' dir='ltr'><em>sententia</em></span> <span class='ocrx_word' id='word_1_236' title='bbox 1489 2977 1627 3049; x_wconf 90' lang='lat' dir='ltr'><em>relinquo,</em></span> <span class='ocrx_word' id='word_1_237' title='bbox 1648 2990 1746 3047; x_wconf 87' lang='lat' dir='ltr'><em>meque</em></span> <span class='ocrx_word' id='word_1_238' title='bbox 1761 2989 1809 3032; x_wconf 90' lang='lat' dir='ltr'><em>se·</em></span> 
     </span>
     <span class='ocr_line' id='line_1_23' title="bbox 8 3055 1808 3138; baseline -0.001 -18"><span class='ocrx_word' id='word_1_239' title='bbox 8 3064 14 3072; x_wconf 87' lang='lat'>&#39;</span> <span class='ocrx_word' id='word_1_240' title='bbox 117 3064 209 3134; x_wconf 88' lang='lat' dir='ltr'><em>gelli:</em></span> <span class='ocrx_word' id='word_1_241' title='bbox 230 3067 292 3122; x_wconf 86' lang='lat' dir='ltr'><em>Non</em></span> <span class='ocrx_word' id='word_1_242' title='bbox 314 3068 382 3133; x_wconf 75' lang='lat' dir='ltr'><em>omn,</em></span> <span class='ocrx_word' id='word_1_243' title='bbox 402 3067 502 3137; x_wconf 90' lang='lat' dir='ltr'><em>inquit,</em></span> <span class='ocrx_word' id='word_1_244' title='bbox 523 3068 623 3123; x_wconf 84' lang='lat' dir='ltr'><em>mittere</em></span> <span class='ocrx_word' id='word_1_245' title='bbox 645 3081 745 3138; x_wconf 84' lang='lat' dir='ltr'><em>potent,</em></span> <span class='ocrx_word' id='word_1_246' title='bbox 761 3067 809 3122; x_wconf 86' lang='lat' dir='ltr'><em>sed</em></span> <span class='ocrx_word' id='word_1_247' title='bbox 826 3055 1125 3137; x_wconf 80' lang='lat' dir='ltr'><em>pleutoanuendnm</em></span> <span class='ocrx_word' id='word_1_248' title='bbox 1150 3067 1283 3137; x_wconf 85' lang='lat' dir='ltr'><em>profiteor</em></span> <span class='ocrx_word' id='word_1_249' title='bbox 1306 3066 1440 3137; x_wconf 90' lang='lat' dir='ltr'><em>quidquid</em></span> <span class='ocrx_word' id='word_1_250' title='bbox 1461 3080 1545 3134; x_wconf 90' lang='lat' dir='ltr'><em>snper</em></span> <span class='ocrx_word' id='word_1_251' title='bbox 1563 3065 1617 3121; x_wconf 88' lang='lat' dir='ltr'><em>boc</em></span> <span class='ocrx_word' id='word_1_252' title='bbox 1636 3063 1808 3134; x_wconf 87' lang='lat' dir='ltr'><em>potissimum</em></span> 
     </span>
     <span class='ocr_line' id='line_1_24' title="bbox 8 3143 1807 3225; baseline -0.002 -16"><span class='ocrx_word' id='word_1_253' title='bbox 8 3143 13 3163; x_wconf 75' lang='lat'><em>&#39;‘</em></span> <span class='ocrx_word' id='word_1_254' title='bbox 120 3152 232 3224; x_wconf 85' lang='lat' dir='ltr'><em>(dlottlt.</em></span> <span class='ocrx_word' id='word_1_255' title='bbox 262 3169 289 3218; x_wconf 87' lang='lat' dir='ltr'><em>x,</em></span> <span class='ocrx_word' id='word_1_256' title='bbox 318 3153 379 3225; x_wconf 83' lang='grc'><strong>34).</strong></span> <span class='ocrx_word' id='word_1_257' title='bbox 408 3155 486 3223; x_wconf 87' lang='lat' dir='ltr'><em>Quod</em></span> <span class='ocrx_word' id='word_1_258' title='bbox 518 3162 609 3212; x_wconf 91' lang='lat' dir='ltr'><em>antem</em></span> <span class='ocrx_word' id='word_1_259' title='bbox 641 3155 836 3212; x_wconf 85' lang='lat' dir='ltr'><em>sublimitatem</em></span> <span class='ocrx_word' id='word_1_260' title='bbox 869 3164 943 3213; x_wconf 89' lang='lat' dir='ltr'><em>tuam</em></span> <span class='ocrx_word' id='word_1_261' title='bbox 980 3155 1145 3224; x_wconf 84' lang='lat' dir='ltr'><em>judicaverit</em></span> <span class='ocrx_word' id='word_1_262' title='bbox 1169 3155 1341 3225; x_wconf 78' lang='lat' dir='ltr'><em>paternitatis</em></span> <span class='ocrx_word' id='word_1_263' title='bbox 1356 3162 1411 3212; x_wconf 79' lang='lat' dir='ltr'><em>tna</em></span> <span class='ocrx_word' id='word_1_264' title='bbox 1430 3154 1585 3221; x_wconf 90' lang='lat' dir='ltr'><em>celsitudo;</em></span> <span class='ocrx_word' id='word_1_265' title='bbox 1606 3154 1644 3210; x_wconf 92' lang='lat' dir='ltr'><em>ita</em></span> <span class='ocrx_word' id='word_1_266' title='bbox 1659 3159 1751 3208; x_wconf 87' lang='lat' dir='ltr'><em>tamen</em></span> <span class='ocrx_word' id='word_1_267' title='bbox 1765 3157 1807 3216; x_wconf 91' lang='lat' dir='ltr'><em>ut,</em></span> 
     </span>
     <span class='ocr_line' id='line_1_25' title="bbox 11 3242 1806 3317; baseline 0 -22"><span class='ocrx_word' id='word_1_268' title='bbox 11 3247 14 3268; x_wconf 82' lang='lat'>³</span> <span class='ocrx_word' id='word_1_269' title='bbox 117 3242 221 3298; x_wconf 90' lang='lat' dir='ltr'><em>talibus</em></span> <span class='ocrx_word' id='word_1_270' title='bbox 254 3244 400 3313; x_wconf 79' lang='lat' dir='ltr'><em>imperitia</em></span> <span class='ocrx_word' id='word_1_271' title='bbox 432 3258 507 3300; x_wconf 81' lang='lat' dir='ltr'><em>meae</em></span> <span class='ocrx_word' id='word_1_272' title='bbox 533 3245 709 3300; x_wconf 86' lang='lat' dir='ltr'><em>convenerim</em></span> <span class='ocrx_word' id='word_1_273' title='bbox 735 3245 836 3312; x_wconf 84' lang='lat' dir='ltr'><em>verbis,</em></span> <span class='ocrx_word' id='word_1_274' title='bbox 870 3245 942 3301; x_wconf 91' lang='lat' dir='ltr'><em>baud</em></span> <span class='ocrx_word' id='word_1_275' title='bbox 982 3246 1005 3299; x_wconf 89' lang='lat' dir='ltr'><em>si</em></span> <span class='ocrx_word' id='word_1_276' title='bbox 1034 3245 1122 3301; x_wconf 90' lang='lat' dir='ltr'><em>relatu</em></span> <span class='ocrx_word' id='word_1_277' title='bbox 1151 3244 1262 3317; x_wconf 88' lang='lat' dir='ltr'><em>dignum</em></span> <span class='ocrx_word' id='word_1_278' title='bbox 1295 3245 1427 3313; x_wconf 85' lang='lat' dir='ltr'><em>duxeris,</em></span> <span class='ocrx_word' id='word_1_279' title='bbox 1456 3257 1599 3315; x_wconf 85' lang='lat' dir='ltr'><em>meamque</em></span> <span class='ocrx_word' id='word_1_280' title='bbox 1631 3242 1806 3314; x_wconf 85' lang='lat' dir='ltr'><em>exiguitatem</em></span> 
     </span>
     <span class='ocr_line' id='line_1_26' title="bbox 8 3323 1805 3405; baseline 0.001 -20"><span class='ocrx_word' id='word_1_281' title='bbox 8 3323 17 3358; x_wconf 92' lang='lat'><em>&#39;·</em></span> <span class='ocrx_word' id='word_1_282' title='bbox 117 3335 224 3386; x_wconf 89' lang='lat' dir='ltr'><em>tantum</em></span> <span class='ocrx_word' id='word_1_283' title='bbox 253 3332 417 3388; x_wconf 88' lang='lat' dir='ltr'><em>temeritatis</em></span> <span class='ocrx_word' id='word_1_284' title='bbox 444 3341 576 3403; x_wconf 89' lang='lat' dir='ltr'><em>qnantum</em></span> <span class='ocrx_word' id='word_1_285' title='bbox 601 3333 735 3389; x_wconf 88' lang='lat' dir='ltr'><em>instinctu</em></span> <span class='ocrx_word' id='word_1_286' title='bbox 760 3333 851 3405; x_wconf 89' lang='lat' dir='ltr'><em>agitur</em></span> <span class='ocrx_word' id='word_1_287' title='bbox 873 3334 943 3390; x_wconf 90' lang='lat' dir='ltr'><em>cba·</em></span> <span class='ocrx_word' id='word_1_288' title='bbox 982 3334 1131 3404; x_wconf 89' lang='lat' dir='ltr'><em>imperiosa</em></span> <span class='ocrx_word' id='word_1_289' title='bbox 1149 3335 1323 3391; x_wconf 86' lang='lat' dir='ltr'><em>auctoritatis</em></span> <span class='ocrx_word' id='word_1_290' title='bbox 1347 3341 1401 3390; x_wconf 85' lang='lat' dir='ltr'><em>taae</em></span> <span class='ocrx_word' id='word_1_291' title='bbox 1427 3334 1549 3404; x_wconf 88' lang='lat' dir='ltr'><em>potentia</em></span> <span class='ocrx_word' id='word_1_292' title='bbox 1573 3331 1608 3388; x_wconf 90' lang='lat' dir='ltr'><em>ad</em></span> <span class='ocrx_word' id='word_1_293' title='bbox 1622 3330 1650 3386; x_wconf 89' lang='lat' dir='ltr'><em>id</em></span> <span class='ocrx_word' id='word_1_294' title='bbox 1667 3330 1805 3387; x_wconf 90' lang='lat' dir='ltr'><em>denotan-</em></span> 
     </span>
     <span class='ocr_line' id='line_1_27' title="bbox 8 3417 1804 3494; baseline 0.001 -20"><span class='ocrx_word' id='word_1_295' title='bbox 8 3417 10 3420; x_wconf 80' lang='grc'><strong>’</strong></span> <span class='ocrx_word' id='word_1_296' title='bbox 116 3419 218 3486; x_wconf 79' lang='lat' dir='ltr'><em>nitatis,</em></span> <span class='ocrx_word' id='word_1_297' title='bbox 242 3435 305 3490; x_wconf 85' lang='lat' dir='ltr'><em>quae</em></span> <span class='ocrx_word' id='word_1_298' title='bbox 325 3423 404 3490; x_wconf 84' lang='lat' dir='ltr'><em>juxta</em></span> <span class='ocrx_word' id='word_1_299' title='bbox 427 3423 588 3490; x_wconf 80' lang='lat' dir='ltr'><em>Apostolum</em></span> <span class='ocrx_word' id='word_1_300' title='bbox 613 3425 702 3477; x_wconf 74' lang='lat' dir='ltr'><em>omilin</em></span> <span class='ocrx_word' id='word_1_301' title='bbox 724 3427 824 3494; x_wconf 86' lang='lat' dir='ltr'><em>sperat.</em></span> <span class='ocrx_word' id='word_1_302' title='bbox 856 3423 943 3478; x_wconf 84' lang='lat' dir='ltr'><em>omnin</em></span> <span class='ocrx_word' id='word_1_303' title='bbox 981 3423 1046 3479; x_wconf 92' lang='lat' dir='ltr'><em>dum</em></span> <span class='ocrx_word' id='word_1_304' title='bbox 1061 3422 1214 3492; x_wconf 88' lang='lat' dir='ltr'><em>impuleris,</em></span> <span class='ocrx_word' id='word_1_305' title='bbox 1231 3436 1291 3478; x_wconf 91' lang='lat' dir='ltr'><em>cum</em></span> <span class='ocrx_word' id='word_1_306' title='bbox 1308 3423 1363 3478; x_wconf 90' lang='lat' dir='ltr'><em>tuis</em></span> <span class='ocrx_word' id='word_1_307' title='bbox 1379 3421 1483 3478; x_wconf 89' lang='lat' dir='ltr'><em>sanctis</em></span> <span class='ocrx_word' id='word_1_308' title='bbox 1497 3426 1642 3492; x_wconf 90' lang='lat' dir='ltr'><em>promptus</em></span> <span class='ocrx_word' id='word_1_309' title='bbox 1655 3431 1707 3490; x_wconf 93' lang='lat' dir='ltr'><em>pro</em></span> <span class='ocrx_word' id='word_1_310' title='bbox 1723 3432 1804 3488; x_wconf 86' lang='lat' dir='ltr'><em>posse</em></span> 
     </span>
     <span class='ocr_line' id='line_1_28' title="bbox 8 3506 1803 3582; baseline 0.001 -19"><span class='ocrx_word' id='word_1_311' title='bbox 8 3536 13 3544; x_wconf 80' lang='lat'><em>,</em></span> <span class='ocrx_word' id='word_1_312' title='bbox 116 3508 210 3576; x_wconf 85' lang='lat' dir='ltr'><em>eredit,</em></span> <span class='ocrx_word' id='word_1_313' title='bbox 235 3511 323 3566; x_wconf 87' lang='lat' dir='ltr'><em>omnio</em></span> <span class='ocrx_word' id='word_1_314' title='bbox 345 3511 454 3566; x_wconf 84' lang='lat' dir='ltr'><em>sustinet</em></span> <span class='ocrx_word' id='word_1_315' title='bbox 480 3510 507 3581; x_wconf 84' lang='lat' dir='ltr'><em>(l</em></span> <span class='ocrx_word' id='word_1_316' title='bbox 520 3513 581 3568; x_wconf 80' lang='lat' dir='ltr'><em>Gor.</em></span> <span class='ocrx_word' id='word_1_317' title='bbox 601 3527 661 3576; x_wconf 88' lang='grc' dir='ltr'>ιιιι,</span> <span class='ocrx_word' id='word_1_318' title='bbox 676 3511 715 3582; x_wconf 78' lang='grc'><em>7).</em></span> <span class='ocrx_word' id='word_1_319' title='bbox 740 3511 819 3567; x_wconf 86' lang='lat' dir='ltr'><em>Salus</em></span> <span class='ocrx_word' id='word_1_320' title='bbox 840 3511 942 3566; x_wconf 88' lang='lat' dir='ltr'><em>etenim</em></span> <span class='ocrx_word' id='word_1_321' title='bbox 982 3525 1099 3580; x_wconf 88' lang='lat' dir='ltr'><em>paruero</em></span> <span class='ocrx_word' id='word_1_322' title='bbox 1130 3511 1312 3579; x_wconf 79' lang='lat' dir='ltr'><em>iussionibus,</em></span> <span class='ocrx_word' id='word_1_323' title='bbox 1341 3517 1397 3566; x_wconf 77' lang='lat' dir='ltr'><em>tuae</em></span> <span class='ocrx_word' id='word_1_324' title='bbox 1427 3508 1601 3580; x_wconf 87' lang='lat' dir='ltr'><em>paternitatis</em></span> <span class='ocrx_word' id='word_1_325' title='bbox 1631 3506 1803 3564; x_wconf 75' lang='lat' dir='ltr'><em>excellentia</em></span> 
     </span>
     <span class='ocr_line' id='line_1_29' title="bbox 8 3596 1803 3672; baseline 0 -20"><span class='ocrx_word' id='word_1_326' title='bbox 8 3598 13 3636; x_wconf 68' lang='lat'><em>³</em></span> <span class='ocrx_word' id='word_1_327' title='bbox 117 3599 236 3666; x_wconf 86' lang='lat' dir='ltr'><em>pastoris</em></span> <span class='ocrx_word' id='word_1_328' title='bbox 256 3606 314 3655; x_wconf 89' lang='lat' dir='ltr'><em>tuta</em></span> <span class='ocrx_word' id='word_1_329' title='bbox 337 3615 402 3670; x_wconf 90' lang='lat' dir='ltr'><em>spes</em></span> <span class='ocrx_word' id='word_1_330' title='bbox 424 3606 467 3657; x_wconf 88' lang='lat' dir='ltr'><em>est</em></span> <span class='ocrx_word' id='word_1_331' title='bbox 492 3603 593 3672; x_wconf 84' lang='lat' dir='ltr'><em>gregis.</em></span> <span class='ocrx_word' id='word_1_332' title='bbox 621 3603 687 3656; x_wconf 86' lang='lat' dir='ltr'><em>Nam</em></span> <span class='ocrx_word' id='word_1_333' title='bbox 708 3606 852 3672; x_wconf 88' lang='lat' dir='ltr'><em>postquam</em></span> <span class='ocrx_word' id='word_1_334' title='bbox 872 3613 940 3670; x_wconf 84' lang='lat' dir='ltr'><em>pro·</em></span> <span class='ocrx_word' id='word_1_335' title='bbox 981 3605 1120 3668; x_wconf 89' lang='lat' dir='ltr'><em>utcunque</em></span> <span class='ocrx_word' id='word_1_336' title='bbox 1139 3605 1298 3667; x_wconf 89' lang='lat' dir='ltr'><em>congestum</em></span> <span class='ocrx_word' id='word_1_337' title='bbox 1314 3598 1419 3654; x_wconf 90' lang='lat' dir='ltr'><em>venerit</em></span> <span class='ocrx_word' id='word_1_338' title='bbox 1438 3596 1472 3652; x_wconf 91' lang='lat' dir='ltr'><em>ad</em></span> <span class='ocrx_word' id='word_1_339' title='bbox 1488 3610 1594 3662; x_wconf 89' lang='lat' dir='ltr'><em>manus,</em></span> <span class='ocrx_word' id='word_1_340' title='bbox 1612 3610 1729 3666; x_wconf 77' lang='lat' dir='ltr'><em>quaque</em></span> <span class='ocrx_word' id='word_1_341' title='bbox 1744 3596 1803 3664; x_wconf 82' lang='lat' dir='ltr'><em>eins</em></span> 
     </span>
     <span class='ocr_line' id='line_1_30' title="bbox 8 3679 1801 3761; baseline -0.003 -19"><span class='ocrx_word' id='word_1_342' title='bbox 8 3679 12 3728; x_wconf 77' lang='lat'><em>&#39;²</em></span> <span class='ocrx_word' id='word_1_343' title='bbox 116 3687 203 3743; x_wconf 89' lang='lat' dir='ltr'><em>merui</em></span> <span class='ocrx_word' id='word_1_344' title='bbox 219 3688 253 3744; x_wconf 95' lang='lat' dir='ltr'><em>ad</em></span> <span class='ocrx_word' id='word_1_345' title='bbox 276 3695 332 3746; x_wconf 75' lang='lat' dir='ltr'><em>tute</em></span> <span class='ocrx_word' id='word_1_346' title='bbox 352 3696 475 3759; x_wconf 85' lang='lat' dir='ltr'><em>paternae</em></span> <span class='ocrx_word' id='word_1_347' title='bbox 494 3690 637 3746; x_wconf 82' lang='lat' dir='ltr'><em>charitatis</em></span> <span class='ocrx_word' id='word_1_348' title='bbox 652 3689 848 3761; x_wconf 85' lang='lat' dir='ltr'><em>benignitatem</em></span> <span class='ocrx_word' id='word_1_349' title='bbox 865 3690 939 3744; x_wconf 90' lang='lat' dir='ltr'><em>noti·</em></span> <span class='ocrx_word' id='word_1_350' title='bbox 980 3687 1117 3756; x_wconf 88' lang='lat' dir='ltr'><em>superflua</em></span> <span class='ocrx_word' id='word_1_351' title='bbox 1136 3686 1297 3757; x_wconf 76' lang='lat' dir='ltr'><em>apostolicae</em></span> <span class='ocrx_word' id='word_1_352' title='bbox 1321 3685 1495 3742; x_wconf 89' lang='lat' dir='ltr'><em>auctoritatis</em></span> <span class='ocrx_word' id='word_1_353' title='bbox 1513 3683 1688 3742; x_wconf 79' lang='lat' dir='ltr'><em>confodiatur</em></span> <span class='ocrx_word' id='word_1_354' title='bbox 1702 3681 1801 3748; x_wconf 89' lang='lat' dir='ltr'><em>obelis,</em></span> 
     </span>
     <span class='ocr_line' id='line_1_31' title="bbox 11 3773 1803 3848; baseline -0.002 -17"><span class='ocrx_word' id='word_1_355' title='bbox 11 3784 18 3797; x_wconf 92' lang='grc'><strong><em>·</em></strong></span> <span class='ocrx_word' id='word_1_356' title='bbox 115 3775 203 3843; x_wconf 88' lang='lat' dir='ltr'><em>ficari,</em></span> <span class='ocrx_word' id='word_1_357' title='bbox 232 3778 341 3833; x_wconf 83' lang='lat' dir='ltr'><em>mmetsi</em></span> <span class='ocrx_word' id='word_1_358' title='bbox 370 3778 511 3835; x_wconf 90' lang='lat' dir='ltr'><em>minimum</em></span> <span class='ocrx_word' id='word_1_359' title='bbox 540 3778 685 3848; x_wconf 80' lang='lat' dir='ltr'><em>profuerit,</em></span> <span class='ocrx_word' id='word_1_360' title='bbox 712 3791 821 3848; x_wconf 90' lang='lat' dir='ltr'><em>sempor</em></span> <span class='ocrx_word' id='word_1_361' title='bbox 848 3783 939 3833; x_wconf 88' lang='lat' dir='ltr'><em>tamen</em></span> <span class='ocrx_word' id='word_1_362' title='bbox 980 3777 1070 3832; x_wconf 89' lang='lat' dir='ltr'><em>minus</em></span> <span class='ocrx_word' id='word_1_363' title='bbox 1089 3775 1162 3832; x_wconf 91' lang='lat' dir='ltr'><em>dicta</em></span> <span class='ocrx_word' id='word_1_364' title='bbox 1186 3775 1374 3832; x_wconf 89' lang='lat' dir='ltr'><em>dilucidentur</em></span> <span class='ocrx_word' id='word_1_365' title='bbox 1397 3775 1557 3842; x_wconf 86' lang='lat' dir='ltr'><em>asteriscis;</em></span> <span class='ocrx_word' id='word_1_366' title='bbox 1577 3779 1713 3845; x_wconf 91' lang='lat' dir='ltr'><em>quatenus</em></span> <span class='ocrx_word' id='word_1_367' title='bbox 1731 3773 1803 3828; x_wconf 92' lang='lat' dir='ltr'><em>sicut</em></span> 
     </span>
     <span class='ocr_line' id='line_1_32' title="bbox 8 3861 1804 3937; baseline -0.002 -17"><span class='ocrx_word' id='word_1_368' title='bbox 8 3901 10 3908; x_wconf 42' lang='grc' dir='ltr'>ι</span> <span class='ocrx_word' id='word_1_369' title='bbox 115 3871 171 3920; x_wconf 83' lang='lat' dir='ltr'><em>tuae</em></span> <span class='ocrx_word' id='word_1_370' title='bbox 185 3864 281 3922; x_wconf 89' lang='lat' dir='ltr'><em>salutis</em></span> <span class='ocrx_word' id='word_1_371' title='bbox 304 3864 441 3922; x_wconf 89' lang='lat' dir='ltr'><em>sollicitus</em></span> <span class='ocrx_word' id='word_1_372' title='bbox 454 3864 503 3934; x_wconf 89' lang='lat' dir='ltr'><em>lui,</em></span> <span class='ocrx_word' id='word_1_373' title='bbox 520 3873 549 3923; x_wconf 90' lang='lat' dir='ltr'><em>el</em></span> <span class='ocrx_word' id='word_1_374' title='bbox 566 3881 692 3937; x_wconf 89' lang='lat' dir='ltr'><em>quosque</em></span> <span class='ocrx_word' id='word_1_375' title='bbox 712 3867 745 3922; x_wconf 92' lang='lat' dir='ltr'><em>ad</em></span> <span class='ocrx_word' id='word_1_376' title='bbox 766 3879 819 3922; x_wconf 92' lang='lat' dir='ltr'><em>nos</em></span> <span class='ocrx_word' id='word_1_377' title='bbox 834 3865 869 3922; x_wconf 93' lang='lat' dir='ltr'><em>de</em></span> <span class='ocrx_word' id='word_1_378' title='bbox 883 3865 939 3921; x_wconf 90' lang='lat' dir='ltr'><em>illis</em></span> <span class='ocrx_word' id='word_1_379' title='bbox 979 3873 1025 3921; x_wconf 91' lang='lat' dir='ltr'><em>tna</em></span> <span class='ocrx_word' id='word_1_380' title='bbox 1045 3864 1243 3937; x_wconf 89' lang='lat' dir='ltr'><em>gloriosissima</em></span> <span class='ocrx_word' id='word_1_381' title='bbox 1267 3871 1295 3920; x_wconf 90' lang='lat' dir='ltr'><em>el</em></span> <span class='ocrx_word' id='word_1_382' title='bbox 1313 3871 1471 3935; x_wconf 84' lang='lat' dir='ltr'><em>exspectata</em></span> <span class='ocrx_word' id='word_1_383' title='bbox 1498 3871 1601 3920; x_wconf 89' lang='lat' dir='ltr'><em>sanetae</em></span> <span class='ocrx_word' id='word_1_384' title='bbox 1629 3861 1804 3924; x_wconf 84' lang='lat' dir='ltr'><em>auctoritatis</em></span> 
     </span>
     <span class='ocr_line' id='line_1_33' title="bbox 8 3952 1801 4025; baseline 0 -18"><span class='ocrx_word' id='word_1_385' title='bbox 8 3961 16 4000; x_wconf 76' lang='lat'><em>1-</em></span> <span class='ocrx_word' id='word_1_386' title='bbox 114 3955 240 4022; x_wconf 89' lang='lat' dir='ltr'><em>partibus</em></span> <span class='ocrx_word' id='word_1_387' title='bbox 257 3957 482 4024; x_wconf 86' lang='lat' dir='ltr'><em>supervenientes</em></span> <span class='ocrx_word' id='word_1_388' title='bbox 501 3955 536 4012; x_wconf 92' lang='lat' dir='ltr'><em>de</em></span> <span class='ocrx_word' id='word_1_389' title='bbox 560 3955 670 4013; x_wconf 89' lang='lat' dir='ltr'><em>fortuna</em></span> <span class='ocrx_word' id='word_1_390' title='bbox 695 3956 735 4012; x_wconf 91' lang='lat' dir='ltr'><em>tui</em></span> <span class='ocrx_word' id='word_1_391' title='bbox 762 3954 937 4024; x_wconf 89' lang='lat' dir='ltr'><em>percunctari</em></span> <span class='ocrx_word' id='word_1_392' title='bbox 979 3955 1126 4025; x_wconf 77' lang='lat' dir='ltr'><em>praesentia</em></span> <span class='ocrx_word' id='word_1_393' title='bbox 1146 3954 1241 4011; x_wconf 90' lang='lat' dir='ltr'><em>eadem</em></span> <span class='ocrx_word' id='word_1_394' title='bbox 1266 3968 1344 4010; x_wconf 90' lang='lat' dir='ltr'><em>sacra</em></span> <span class='ocrx_word' id='word_1_395' title='bbox 1367 3954 1483 4011; x_wconf 90' lang='lat' dir='ltr'><em>elevatio</em></span> <span class='ocrx_word' id='word_1_396' title='bbox 1507 3953 1650 4025; x_wconf 86' lang='lat' dir='ltr'><em>magnilica</em></span> <span class='ocrx_word' id='word_1_397' title='bbox 1673 3952 1801 4019; x_wconf 89' lang='lat' dir='ltr'><em>babetur,</em></span> 
     </span>
     <span class='ocr_line' id='line_1_34' title="bbox 8 4040 1802 4114; baseline -0.001 -16"><span class='ocrx_word' id='word_1_398' title='bbox 8 4081 10 4090; x_wconf 68' lang='lat'><em>,</em></span> <span class='ocrx_word' id='word_1_399' title='bbox 113 4042 225 4110; x_wconf 90' lang='lat' dir='ltr'><em>solitus,</em></span> <span class='ocrx_word' id='word_1_400' title='bbox 249 4043 313 4099; x_wconf 91' lang='lat' dir='ltr'><em>dnm</em></span> <span class='ocrx_word' id='word_1_401' title='bbox 342 4044 507 4101; x_wconf 90' lang='lat' dir='ltr'><em>incolumem</em></span> <span class='ocrx_word' id='word_1_402' title='bbox 533 4058 565 4100; x_wconf 94' lang='lat' dir='ltr'><em>ac</em></span> <span class='ocrx_word' id='word_1_403' title='bbox 589 4043 725 4100; x_wconf 88' lang='lat' dir='ltr'><em>valentem</em></span> <span class='ocrx_word' id='word_1_404' title='bbox 744 4051 817 4100; x_wconf 90' lang='lat' dir='ltr'><em>tuam</em></span> <span class='ocrx_word' id='word_1_405' title='bbox 841 4042 937 4098; x_wconf 87' lang='lat' dir='ltr'><em>baberi</em></span> <span class='ocrx_word' id='word_1_406' title='bbox 977 4045 1018 4100; x_wconf 92' lang='lat' dir='ltr'><em>sic</em></span> <span class='ocrx_word' id='word_1_407' title='bbox 1032 4043 1155 4114; x_wconf 76' lang='lat' dir='ltr'><em>eiusdem</em></span> <span class='ocrx_word' id='word_1_408' title='bbox 1170 4044 1313 4100; x_wconf 90' lang='lat' dir='ltr'><em>denotatio</em></span> <span class='ocrx_word' id='word_1_409' title='bbox 1328 4043 1425 4100; x_wconf 88' lang='lat' dir='ltr'><em>eodem</em></span> <span class='ocrx_word' id='word_1_410' title='bbox 1440 4043 1620 4114; x_wconf 85' lang='lat' dir='ltr'><em>astipulatore</em></span> <span class='ocrx_word' id='word_1_411' title='bbox 1634 4055 1667 4098; x_wconf 91' lang='lat' dir='ltr'><em>ac</em></span> <span class='ocrx_word' id='word_1_412' title='bbox 1683 4040 1802 4114; x_wconf 84' lang='lat' dir='ltr'><em>praeside</em></span> 
     </span>
    </p>
   </div>
   <div class='ocr_carea' id='block_1_11' title="bbox 112 4131 1185 4292">
    <p class='ocr_par' dir='ltr' id='par_1_11' title="bbox 112 4131 1185 4292">
     <span class='ocr_line' id='line_1_35' title="bbox 114 4131 1185 4205; baseline 0.001 -19"><span class='ocrx_word' id='word_1_413' title='bbox 114 4131 286 4188; x_wconf 89' lang='lat' dir='ltr'><em>nobilitatem</em></span> <span class='ocrx_word' id='word_1_414' title='bbox 298 4133 512 4203; x_wconf 88' lang='lat' dir='ltr'><em>comperiebam,</em></span> <span class='ocrx_word' id='word_1_415' title='bbox 526 4132 695 4205; x_wconf 68' lang='lat' dir='ltr'><em>gaudebam</em></span> <span class='ocrx_word' id='word_1_416' title='bbox 723 4133 795 4190; x_wconf 89' lang='lat' dir='ltr'><em>sient</em></span> <span class='ocrx_word' id='word_1_417' title='bbox 809 4147 825 4188; x_wconf 89' lang='lat' dir='ltr'><em>c</em></span> <span class='ocrx_word' id='word_1_418' title='bbox 841 4137 938 4187; x_wconf 92' lang='lat' dir='ltr'><em>contra</em></span> <span class='ocrx_word' id='word_1_419' title='bbox 977 4133 1185 4190; x_wconf 88' lang='lat' dir='ltr'><em>corroboretur.</em></span> 
     </span>
     <span class='ocr_line' id='line_1_36' title="bbox 112 4218 937 4292; baseline 0.001 -17"><span class='ocrx_word' id='word_1_420' title='bbox 112 4218 178 4276; x_wconf 91' lang='lat' dir='ltr'><em>dum</em></span> <span class='ocrx_word' id='word_1_421' title='bbox 196 4234 307 4292; x_wconf 80' lang='lat' dir='ltr'><em>aegram,</em></span> <span class='ocrx_word' id='word_1_422' title='bbox 328 4221 533 4278; x_wconf 89' lang='lat' dir='ltr'><em>condolebam:</em></span> <span class='ocrx_word' id='word_1_423' title='bbox 554 4223 658 4292; x_wconf 91' lang='lat' dir='ltr'><em>qnippe</em></span> <span class='ocrx_word' id='word_1_424' title='bbox 677 4221 724 4292; x_wconf 90' lang='lat' dir='ltr'><em>qui</em></span> <span class='ocrx_word' id='word_1_425' title='bbox 744 4223 824 4277; x_wconf 87' lang='lat' dir='ltr'><em>Pater</em></span> <span class='ocrx_word' id='word_1_426' title='bbox 843 4227 937 4277; x_wconf 88' lang='lat' dir='ltr'><em>noster</em></span> 
     </span>
    </p>
   </div>
   <div class='ocr_carea' id='block_1_12' title="bbox 112 4275 1539 4381">
    <p class='ocr_par' dir='ltr' id='par_1_12' title="bbox 112 4275 1539 4381">
     <span class='ocr_line' id='line_1_37' title="bbox 112 4275 1539 4381; baseline -0.011 -18"><span class='ocrx_word' id='word_1_427' title='bbox 112 4309 246 4378; x_wconf 89' lang='lat' dir='ltr'><em>spiritalis</em></span> <span class='ocrx_word' id='word_1_428' title='bbox 267 4324 300 4366; x_wconf 89' lang='lat' dir='ltr'><em>ae</em></span> <span class='ocrx_word' id='word_1_429' title='bbox 318 4325 440 4367; x_wconf 90' lang='lat' dir='ltr'><em>summus</em></span> <span class='ocrx_word' id='word_1_430' title='bbox 455 4317 566 4381; x_wconf 88' lang='lat' dir='ltr'><em>pastore</em></span> <span class='ocrx_word' id='word_1_431' title='bbox 583 4311 704 4368; x_wconf 89' lang='lat' dir='ltr'><em>baberis.</em></span> <span class='ocrx_word' id='word_1_432' title='bbox 728 4312 864 4367; x_wconf 84' lang='lat' dir='ltr'><em>Praetsrea</em></span> <span class='ocrx_word' id='word_1_433' title='bbox 884 4309 935 4365; x_wconf 90' lang='lat' dir='ltr'><em>de·</em></span> <span class='ocrx_word' id='word_1_434' title='bbox 1235 4275 1355 4331; x_wconf 51' lang='lat' dir='ltr'><em>Wffl‘lmi</em></span> <span class='ocrx_word' id='word_1_435' title='bbox 1373 4275 1539 4344; x_wconf 56' lang='lat' dir='ltr'><em>&#39;milim-</em></span> 
     </span>
    </p>
   </div>
   <div class='ocr_carea' id='block_1_13' title="bbox 8 4377 1797 4558">
    <p class='ocr_par' dir='ltr' id='par_1_13' title="bbox 8 4377 1797 4558">
     <span class='ocr_line' id='line_1_38' title="bbox 8 4377 1797 4470; baseline -0.001 -16"><span class='ocrx_word' id='word_1_436' title='bbox 8 4429 10 4454; x_wconf 56' lang='grc' dir='ltr'>ι</span> <span class='ocrx_word' id='word_1_437' title='bbox 111 4397 188 4452; x_wconf 91' lang='lat' dir='ltr'><em>votio</em></span> <span class='ocrx_word' id='word_1_438' title='bbox 216 4399 389 4468; x_wconf 88' lang='lat' dir='ltr'><em>paternitatis</em></span> <span class='ocrx_word' id='word_1_439' title='bbox 418 4407 566 4470; x_wconf 68' lang='lat' dir='ltr'><em>tuaequae</em></span> <span class='ocrx_word' id='word_1_440' title='bbox 594 4398 718 4455; x_wconf 90' lang='lat' dir='ltr'><em>elevandi</em></span> <span class='ocrx_word' id='word_1_441' title='bbox 746 4397 873 4467; x_wconf 89' lang='lat' dir='ltr'><em>corporis</em></span> <span class='ocrx_word' id='word_1_442' title='bbox 905 4377 965 4453; x_wconf 66' lang='lat' dir='ltr'><em>&amp;C</em></span> <span class='ocrx_word' id='word_1_443' title='bbox 1014 4401 1092 4456; x_wconf 87' lang='lat' dir='ltr'><em>W1n0</em></span> <span class='ocrx_word' id='word_1_444' title='bbox 1116 4401 1262 4456; x_wconf 79' lang='lat' dir='ltr'><em>Remorum</em></span> <span class='ocrx_word' id='word_1_445' title='bbox 1286 4397 1512 4468; x_wconf 85' lang='lat' dir='ltr'><em>archiepiscopus</em></span> <span class='ocrx_word' id='word_1_446' title='bbox 1531 4394 1680 4453; x_wconf 88' lang='lat' dir='ltr'><em>venerabili</em></span> <span class='ocrx_word' id='word_1_447' title='bbox 1704 4394 1797 4452; x_wconf 89' lang='lat' dir='ltr'><em>abbati</em></span> 
     </span>
     <span class='ocr_line' id='line_1_39' title="bbox 8 4485 1089 4558; baseline -0.001 -17"><span class='ocrx_word' id='word_1_448' title='bbox 8 4505 10 4532; x_wconf 72' lang='grc' dir='ltr'><em>ι</em></span> <span class='ocrx_word' id='word_1_449' title='bbox 111 4486 215 4542; x_wconf 88' lang='lat' dir='ltr'><em>Bertini</em></span> <span class='ocrx_word' id='word_1_450' title='bbox 235 4487 325 4542; x_wconf 90' lang='lat' dir='ltr'><em>causis</em></span> <span class='ocrx_word' id='word_1_451' title='bbox 350 4487 452 4544; x_wconf 91' lang='lat' dir='ltr'><em>dudum</em></span> <span class='ocrx_word' id='word_1_452' title='bbox 476 4494 531 4543; x_wconf 91' lang='lat' dir='ltr'><em>tam</em></span> <span class='ocrx_word' id='word_1_453' title='bbox 555 4493 682 4558; x_wconf 88' lang='lat' dir='ltr'><em>prompte</em></span> <span class='ocrx_word' id='word_1_454' title='bbox 705 4493 815 4556; x_wconf 90' lang='lat' dir='ltr'><em>tamque</em></span> <span class='ocrx_word' id='word_1_455' title='bbox 834 4485 933 4542; x_wconf 91' lang='lat' dir='ltr'><em>devote</em></span> <span class='ocrx_word' id='word_1_456' title='bbox 975 4489 1089 4543; x_wconf 75' lang='lat' dir='ltr'><em>bovoni.</em></span> 
     </span>
    </p>
   </div>
   <div class='ocr_carea' id='block_1_14' title="bbox 111 4571 1793 4647">
    <p class='ocr_par' dir='ltr' id='par_1_14' title="bbox 111 4571 1793 4647">
     <span class='ocr_line' id='line_1_40' title="bbox 111 4571 1793 4647; baseline -0.002 -17"><span class='ocrx_word' id='word_1_457' title='bbox 111 4574 268 4638; x_wconf 87' lang='lat' dir='ltr'><em>deservivit.</em></span> <span class='ocrx_word' id='word_1_458' title='bbox 294 4588 346 4632; x_wconf 93' lang='lat' dir='ltr'><em>nos</em></span> <span class='ocrx_word' id='word_1_459' title='bbox 374 4576 500 4633; x_wconf 80' lang='lat' dir='ltr'><em>fidelitati</em></span> <span class='ocrx_word' id='word_1_460' title='bbox 523 4580 579 4632; x_wconf 81' lang='lat' dir='ltr'><em>tna</em></span> <span class='ocrx_word' id='word_1_461' title='bbox 606 4575 740 4647; x_wconf 85' lang='lat' dir='ltr'><em>gravioris</em></span> <span class='ocrx_word' id='word_1_462' title='bbox 767 4574 854 4630; x_wconf 91' lang='lat' dir='ltr'><em>debiti</em></span> <span class='ocrx_word' id='word_1_463' title='bbox 878 4572 931 4629; x_wconf 93' lang='lat' dir='ltr'><em>ob·</em></span> <span class='ocrx_word' id='word_1_464' title='bbox 1009 4575 1142 4643; x_wconf 85' lang='lat' dir='ltr'><em>Quoniam</em></span> <span class='ocrx_word' id='word_1_465' title='bbox 1167 4589 1251 4644; x_wconf 88' lang='lat' dir='ltr'><em>opera</em></span> <span class='ocrx_word' id='word_1_466' title='bbox 1269 4575 1377 4631; x_wconf 84' lang='lat' dir='ltr'><em>Domini</em></span> <span class='ocrx_word' id='word_1_467' title='bbox 1400 4587 1513 4630; x_wconf 84' lang='lat' dir='ltr'><em>narrare</em></span> <span class='ocrx_word' id='word_1_468' title='bbox 1536 4571 1717 4628; x_wconf 88' lang='lat' dir='ltr'><em>bonoridcum</em></span> <span class='ocrx_word' id='word_1_469' title='bbox 1741 4576 1793 4640; x_wconf 91' lang='lat' dir='ltr'><em>est,</em></span> 
     </span>
    </p>
   </div>
   <div class='ocr_carea' id='block_1_15' title="bbox 8 4655 1794 4737">
    <p class='ocr_par' dir='ltr' id='par_1_15' title="bbox 8 4655 1794 4737">
     <span class='ocr_line' id='line_1_41' title="bbox 8 4655 1794 4737; baseline -0.002 -19"><span class='ocrx_word' id='word_1_470' title='bbox 8 4655 9 4678; x_wconf 75' lang='lat'><em>³</em></span> <span class='ocrx_word' id='word_1_471' title='bbox 111 4663 211 4720; x_wconf 86' lang='lat' dir='ltr'><em>noxios</em></span> <span class='ocrx_word' id='word_1_472' title='bbox 229 4664 361 4732; x_wconf 90' lang='lat' dir='ltr'><em>reddidit,</em></span> <span class='ocrx_word' id='word_1_473' title='bbox 378 4672 409 4722; x_wconf 92' lang='lat' dir='ltr'><em>nt</em></span> <span class='ocrx_word' id='word_1_474' title='bbox 427 4667 531 4737; x_wconf 81' lang='lat' dir='ltr'><em>iugiter</em></span> <span class='ocrx_word' id='word_1_475' title='bbox 549 4665 664 4721; x_wconf 90' lang='lat' dir='ltr'><em>salutem</em></span> <span class='ocrx_word' id='word_1_476' title='bbox 684 4671 757 4720; x_wconf 88' lang='lat' dir='ltr'><em>tuam</em></span> <span class='ocrx_word' id='word_1_477' title='bbox 781 4663 931 4732; x_wconf 89' lang='lat' dir='ltr'><em>suspirare,</em></span> <span class='ocrx_word' id='word_1_478' title='bbox 974 4664 1086 4736; x_wconf 87' lang='lat' dir='ltr'><em>dignum</em></span> <span class='ocrx_word' id='word_1_479' title='bbox 1109 4664 1236 4721; x_wconf 89' lang='lat' dir='ltr'><em>ducimus</em></span> <span class='ocrx_word' id='word_1_480' title='bbox 1259 4672 1314 4721; x_wconf 84' lang='lat' dir='ltr'><em>tuae</em></span> <span class='ocrx_word' id='word_1_481' title='bbox 1333 4663 1478 4720; x_wconf 91' lang='lat' dir='ltr'><em>consulere</em></span> <span class='ocrx_word' id='word_1_482' title='bbox 1503 4660 1686 4732; x_wconf 88' lang='lat' dir='ltr'><em>inquisitioni,</em></span> <span class='ocrx_word' id='word_1_483' title='bbox 1711 4673 1794 4729; x_wconf 88' lang='lat' dir='ltr'><em>quam</em></span> 
     </span>
    </p>
   </div>
   <div class='ocr_carea' id='block_1_16' title="bbox 104 4749 1795 5625">
    <p class='ocr_par' dir='ltr' id='par_1_16' title="bbox 104 4749 1795 5625">
     <span class='ocr_line' id='line_1_42' title="bbox 109 4749 1793 4822; baseline -0.002 -12"><span class='ocrx_word' id='word_1_484' title='bbox 109 4752 261 4822; x_wconf 88' lang='lat' dir='ltr'><em>eademque</em></span> <span class='ocrx_word' id='word_1_485' title='bbox 298 4755 428 4810; x_wconf 90' lang='lat' dir='ltr'><em>continua</em></span> <span class='ocrx_word' id='word_1_486' title='bbox 464 4755 694 4812; x_wconf 87' lang='lat' dir='ltr'><em>intercessionum</em></span> <span class='ocrx_word' id='word_1_487' title='bbox 733 4761 795 4809; x_wconf 87' lang='lat' dir='ltr'><em>vota</em></span> <span class='ocrx_word' id='word_1_488' title='bbox 831 4752 932 4807; x_wconf 90' lang='lat' dir='ltr'><em>divinis</em></span> <span class='ocrx_word' id='word_1_489' title='bbox 974 4767 1024 4822; x_wconf 89' lang='lat' dir='ltr'><em>pro</em></span> <span class='ocrx_word' id='word_1_490' title='bbox 1052 4753 1235 4810; x_wconf 88' lang='lat' dir='ltr'><em>describenda</em></span> <span class='ocrx_word' id='word_1_491' title='bbox 1263 4753 1421 4810; x_wconf 88' lang='lat' dir='ltr'><em>inventione</em></span> <span class='ocrx_word' id='word_1_492' title='bbox 1449 4751 1554 4822; x_wconf 86' lang='lat' dir='ltr'><em>pariter</em></span> <span class='ocrx_word' id='word_1_493' title='bbox 1584 4756 1613 4806; x_wconf 87' lang='lat' dir='ltr'><em>et</em></span> <span class='ocrx_word' id='word_1_494' title='bbox 1640 4749 1793 4806; x_wconf 88' lang='lat' dir='ltr'><em>elevatione</em></span> 
     </span>
     <span class='ocr_line' id='line_1_43' title="bbox 108 4837 1793 4912; baseline -0.001 -14"><span class='ocrx_word' id='word_1_495' title='bbox 108 4842 224 4899; x_wconf 91' lang='lat' dir='ltr'><em>auribus</em></span> <span class='ocrx_word' id='word_1_496' title='bbox 255 4843 388 4900; x_wconf 89' lang='lat' dir='ltr'><em>debemus</em></span> <span class='ocrx_word' id='word_1_497' title='bbox 419 4843 575 4900; x_wconf 80' lang='lat' dir='ltr'><em>infundere.</em></span> <span class='ocrx_word' id='word_1_498' title='bbox 609 4846 675 4912; x_wconf 86' lang='lat' dir='ltr'><em>Quae</em></span> <span class='ocrx_word' id='word_1_499' title='bbox 703 4857 748 4899; x_wconf 89' lang='lat' dir='ltr'><em>res</em></span> <span class='ocrx_word' id='word_1_500' title='bbox 780 4841 873 4908; x_wconf 91' lang='lat' dir='ltr'><em>etiam,</em></span> <span class='ocrx_word' id='word_1_501' title='bbox 901 4848 933 4897; x_wconf 88' lang='lat' dir='ltr'><em>ut</em></span> <span class='ocrx_word' id='word_1_502' title='bbox 973 4843 1099 4912; x_wconf 89' lang='lat' dir='ltr'><em>corporis</em></span> <span class='ocrx_word' id='word_1_503' title='bbox 1122 4843 1149 4898; x_wconf 90' lang='lat' dir='ltr'><em>S.</em></span> <span class='ocrx_word' id='word_1_504' title='bbox 1165 4843 1269 4899; x_wconf 79' lang='lat' dir='ltr'><em>bertini</em></span> <span class='ocrx_word' id='word_1_505' title='bbox 1294 4841 1375 4898; x_wconf 90' lang='lat' dir='ltr'><em>nobis</em></span> <span class='ocrx_word' id='word_1_506' title='bbox 1393 4840 1523 4898; x_wconf 78' lang='lat' dir='ltr'><em>effudisti.</em></span> <span class='ocrx_word' id='word_1_507' title='bbox 1545 4837 1700 4896; x_wconf 86' lang='lat' dir='ltr'><em>Gandemus</em></span> <span class='ocrx_word' id='word_1_508' title='bbox 1717 4840 1793 4896; x_wconf 86' lang='lat' dir='ltr'><em>enim</em></span> 
     </span>
     <span class='ocr_line' id='line_1_44' title="bbox 108 4927 1793 5004; baseline -0.002 -18"><span class='ocrx_word' id='word_1_509' title='bbox 108 4930 230 4987; x_wconf 87' lang='lat' dir='ltr'><em>ebaritas</em></span> <span class='ocrx_word' id='word_1_510' title='bbox 252 4937 298 4987; x_wconf 91' lang='lat' dir='ltr'><em>tua</em></span> <span class='ocrx_word' id='word_1_511' title='bbox 317 4933 450 4999; x_wconf 87' lang='lat' dir='ltr'><em>meminit,</em></span> <span class='ocrx_word' id='word_1_512' title='bbox 470 4933 624 5004; x_wconf 89' lang='lat' dir='ltr'><em>apprimum</em></span> <span class='ocrx_word' id='word_1_513' title='bbox 645 4946 732 4990; x_wconf 89' lang='lat' dir='ltr'><em>meam</em></span> <span class='ocrx_word' id='word_1_514' title='bbox 755 4931 930 5002; x_wconf 84' lang='lat' dir='ltr'><em>exiguitatem</em></span> <span class='ocrx_word' id='word_1_515' title='bbox 972 4939 1000 4987; x_wconf 91' lang='lat' dir='ltr'><em>et</em></span> <span class='ocrx_word' id='word_1_516' title='bbox 1020 4930 1175 5000; x_wconf 85' lang='lat' dir='ltr'><em>judicamus</em></span> <span class='ocrx_word' id='word_1_517' title='bbox 1197 4931 1317 4999; x_wconf 91' lang='lat' dir='ltr'><em>idipsum</em></span> <span class='ocrx_word' id='word_1_518' title='bbox 1335 4928 1421 5001; x_wconf 89' lang='lat' dir='ltr'><em>gestis</em></span> <span class='ocrx_word' id='word_1_519' title='bbox 1443 4927 1610 4985; x_wconf 87' lang='lat' dir='ltr'><em>litteralibus</em></span> <span class='ocrx_word' id='word_1_520' title='bbox 1630 4927 1793 4997; x_wconf 89' lang='lat' dir='ltr'><em>mancipari,</em></span> 
     </span>
     <span class='ocr_line' id='line_1_45' title="bbox 109 5014 1795 5092; baseline -0.001 -17"><span class='ocrx_word' id='word_1_521' title='bbox 109 5025 164 5076; x_wconf 76' lang='lat' dir='ltr'><em>tuae</em></span> <span class='ocrx_word' id='word_1_522' title='bbox 197 5020 407 5092; x_wconf 76' lang='lat' dir='ltr'><em>magnificentiae</em></span> <span class='ocrx_word' id='word_1_523' title='bbox 441 5021 577 5078; x_wconf 83' lang='lat' dir='ltr'><em>notificari</em></span> <span class='ocrx_word' id='word_1_524' title='bbox 609 5020 752 5092; x_wconf 86' lang='lat' dir='ltr'><em>compulit.</em></span> <span class='ocrx_word' id='word_1_525' title='bbox 779 5021 862 5089; x_wconf 88' lang='lat' dir='ltr'><em>cujus</em></span> <span class='ocrx_word' id='word_1_526' title='bbox 890 5019 930 5074; x_wconf 90' lang='lat' dir='ltr'><em>rei</em></span> <span class='ocrx_word' id='word_1_527' title='bbox 972 5019 1045 5076; x_wconf 90' lang='lat' dir='ltr'><em>unde</em></span> <span class='ocrx_word' id='word_1_528' title='bbox 1064 5021 1120 5076; x_wconf 89' lang='lat' dir='ltr'><em>lteo</em></span> <span class='ocrx_word' id='word_1_529' title='bbox 1140 5019 1243 5090; x_wconf 85' lang='lat' dir='ltr'><em>placuit</em></span> <span class='ocrx_word' id='word_1_530' title='bbox 1261 5019 1411 5076; x_wconf 84' lang='lat' dir='ltr'><em>Ecclesiam</em></span> <span class='ocrx_word' id='word_1_531' title='bbox 1430 5023 1547 5075; x_wconf 87' lang='lat' dir='ltr'><em>vestram</em></span> <span class='ocrx_word' id='word_1_532' title='bbox 1566 5023 1620 5073; x_wconf 89' lang='lat' dir='ltr'><em>tam</em></span> <span class='ocrx_word' id='word_1_533' title='bbox 1639 5014 1795 5074; x_wconf 89' lang='lat' dir='ltr'><em>sublimiter</em></span> 
     </span>
     <span class='ocr_line' id='line_1_46' title="bbox 108 5104 1792 5182; baseline -0.001 -18"><span class='ocrx_word' id='word_1_534' title='bbox 108 5108 197 5180; x_wconf 89' lang='lat' dir='ltr'><em>gratia</em></span> <span class='ocrx_word' id='word_1_535' title='bbox 221 5123 283 5166; x_wconf 90' lang='lat' dir='ltr'><em>cnm</em></span> <span class='ocrx_word' id='word_1_536' title='bbox 308 5116 381 5166; x_wconf 87' lang='lat' dir='ltr'><em>tuam</em></span> <span class='ocrx_word' id='word_1_537' title='bbox 401 5110 519 5166; x_wconf 89' lang='lat' dir='ltr'><em>adissem</em></span> <span class='ocrx_word' id='word_1_538' title='bbox 548 5110 750 5182; x_wconf 86' lang='lat' dir='ltr'><em>paternitatem,</em></span> <span class='ocrx_word' id='word_1_539' title='bbox 770 5123 854 5178; x_wconf 84' lang='lat' dir='ltr'><em>snper</em></span> <span class='ocrx_word' id='word_1_540' title='bbox 877 5108 930 5164; x_wconf 90' lang='lat' dir='ltr'><em>boc</em></span> <span class='ocrx_word' id='word_1_541' title='bbox 970 5109 1109 5180; x_wconf 89' lang='lat' dir='ltr'><em>insigniri.</em></span> <span class='ocrx_word' id='word_1_542' title='bbox 1134 5111 1167 5165; x_wconf 86' lang='lat' dir='ltr'><em>Et</em></span> <span class='ocrx_word' id='word_1_543' title='bbox 1191 5115 1221 5164; x_wconf 91' lang='lat' dir='ltr'><em>ut</em></span> <span class='ocrx_word' id='word_1_544' title='bbox 1249 5108 1303 5164; x_wconf 89' lang='lat' dir='ltr'><em>tuis</em></span> <span class='ocrx_word' id='word_1_545' title='bbox 1326 5108 1452 5178; x_wconf 89' lang='lat' dir='ltr'><em>apicibus</em></span> <span class='ocrx_word' id='word_1_546' title='bbox 1475 5106 1625 5174; x_wconf 86' lang='lat' dir='ltr'><em>denotasti,</em></span> <span class='ocrx_word' id='word_1_547' title='bbox 1649 5120 1712 5163; x_wconf 90' lang='lat' dir='ltr'><em>cum</em></span> <span class='ocrx_word' id='word_1_548' title='bbox 1732 5104 1792 5163; x_wconf 74' lang='lat' dir='ltr'><em>baec</em></span> 
     </span>
     <span class='ocr_line' id='line_1_47' title="bbox 108 5194 1790 5270; baseline -0.002 -18"><span class='ocrx_word' id='word_1_549' title='bbox 108 5204 164 5254; x_wconf 82' lang='lat' dir='ltr'><em>tnta</em></span> <span class='ocrx_word' id='word_1_550' title='bbox 178 5197 334 5254; x_wconf 90' lang='lat' dir='ltr'><em>consultum</em></span> <span class='ocrx_word' id='word_1_551' title='bbox 354 5200 530 5270; x_wconf 80' lang='lat' dir='ltr'><em>quaesiturus,</em></span> <span class='ocrx_word' id='word_1_552' title='bbox 547 5213 603 5256; x_wconf 88' lang='grc' dir='ltr'><em>ιιι</em></span> <span class='ocrx_word' id='word_1_553' title='bbox 626 5198 758 5256; x_wconf 89' lang='lat' dir='ltr'><em>modoad</em></span> <span class='ocrx_word' id='word_1_554' title='bbox 780 5198 930 5268; x_wconf 85' lang='lat' dir='ltr'><em>investiga·</em></span> <span class='ocrx_word' id='word_1_555' title='bbox 971 5206 1019 5256; x_wconf 89' lang='lat' dir='ltr'><em>tuo</em></span> <span class='ocrx_word' id='word_1_556' title='bbox 1041 5197 1112 5269; x_wconf 82' lang='lat' dir='ltr'><em>stylo</em></span> <span class='ocrx_word' id='word_1_557' title='bbox 1126 5197 1265 5268; x_wconf 89' lang='lat' dir='ltr'><em>descripta</em></span> <span class='ocrx_word' id='word_1_558' title='bbox 1284 5197 1398 5265; x_wconf 89' lang='lat' dir='ltr'><em>luerint,</em></span> <span class='ocrx_word' id='word_1_559' title='bbox 1414 5196 1495 5254; x_wconf 90' lang='lat' dir='ltr'><em>nobis</em></span> <span class='ocrx_word' id='word_1_560' title='bbox 1511 5194 1655 5253; x_wconf 88' lang='lat' dir='ltr'><em>referenda</em></span> <span class='ocrx_word' id='word_1_561' title='bbox 1674 5194 1790 5250; x_wconf 87' lang='lat' dir='ltr'><em>manda·</em></span> 
     </span>
     <span class='ocr_line' id='line_1_48' title="bbox 107 5284 1789 5359; baseline 0 -17"><span class='ocrx_word' id='word_1_562' title='bbox 107 5287 212 5342; x_wconf 81' lang='lat' dir='ltr'><em>donem</em></span> <span class='ocrx_word' id='word_1_563' title='bbox 235 5301 322 5344; x_wconf 90' lang='lat' dir='ltr'><em>meam</em></span> <span class='ocrx_word' id='word_1_564' title='bbox 345 5288 413 5344; x_wconf 89' lang='lat' dir='ltr'><em>satis</em></span> <span class='ocrx_word' id='word_1_565' title='bbox 435 5288 497 5346; x_wconf 90' lang='lat' dir='ltr'><em>utili</em></span> <span class='ocrx_word' id='word_1_566' title='bbox 516 5288 633 5346; x_wconf 90' lang='lat' dir='ltr'><em>oonsilio</em></span> <span class='ocrx_word' id='word_1_567' title='bbox 657 5290 819 5353; x_wconf 91' lang='lat' dir='ltr'><em>instructus,</em></span> <span class='ocrx_word' id='word_1_568' title='bbox 835 5301 928 5343; x_wconf 87' lang='lat' dir='ltr'><em>vemm</em></span> <span class='ocrx_word' id='word_1_569' title='bbox 970 5301 1046 5355; x_wconf 90' lang='lat' dir='ltr'><em>mus,</em></span> <span class='ocrx_word' id='word_1_570' title='bbox 1077 5293 1131 5342; x_wconf 78' lang='lat' dir='ltr'><em>tna</em></span> <span class='ocrx_word' id='word_1_571' title='bbox 1158 5286 1316 5357; x_wconf 89' lang='lat' dir='ltr'><em>paternitati</em></span> <span class='ocrx_word' id='word_1_572' title='bbox 1348 5287 1540 5359; x_wconf 82' lang='lat' dir='ltr'><em>injungentes,</em></span> <span class='ocrx_word' id='word_1_573' title='bbox 1569 5293 1600 5341; x_wconf 93' lang='lat' dir='ltr'><em>nt</em></span> <span class='ocrx_word' id='word_1_574' title='bbox 1627 5284 1699 5341; x_wconf 83' lang='lat' dir='ltr'><em>siem</em></span> <span class='ocrx_word' id='word_1_575' title='bbox 1726 5298 1789 5342; x_wconf 89' lang='lat' dir='ltr'><em>vere</em></span> 
     </span>
     <span class='ocr_line' id='line_1_49' title="bbox 106 5373 1787 5448; baseline -0.003 -14"><span class='ocrx_word' id='word_1_576' title='bbox 106 5376 189 5434; x_wconf 86' lang='lat' dir='ltr'><em>etiam</em></span> <span class='ocrx_word' id='word_1_577' title='bbox 217 5383 375 5448; x_wconf 85' lang='lat' dir='ltr'><em>exspectata</em></span> <span class='ocrx_word' id='word_1_578' title='bbox 406 5377 540 5434; x_wconf 85' lang='lat' dir='ltr'><em>adventus</em></span> <span class='ocrx_word' id='word_1_579' title='bbox 567 5377 607 5434; x_wconf 90' lang='lat' dir='ltr'><em>tui</em></span> <span class='ocrx_word' id='word_1_580' title='bbox 639 5377 789 5448; x_wconf 90' lang='lat' dir='ltr'><em>sponsione</em></span> <span class='ocrx_word' id='word_1_581' title='bbox 817 5376 927 5434; x_wconf 90' lang='lat' dir='ltr'><em>domum</em></span> <span class='ocrx_word' id='word_1_582' title='bbox 969 5376 1070 5432; x_wconf 90' lang='lat' dir='ltr'><em>lactum</em></span> <span class='ocrx_word' id='word_1_583' title='bbox 1093 5383 1136 5432; x_wconf 91' lang='lat' dir='ltr'><em>est</em></span> <span class='ocrx_word' id='word_1_584' title='bbox 1159 5375 1327 5432; x_wconf 85' lang='lat' dir='ltr'><em>describas:</em></span> <span class='ocrx_word' id='word_1_585' title='bbox 1358 5381 1494 5447; x_wconf 90' lang='lat' dir='ltr'><em>quatenus</em></span> <span class='ocrx_word' id='word_1_586' title='bbox 1517 5373 1698 5445; x_wconf 89' lang='lat' dir='ltr'><em>descriptioni</em></span> <span class='ocrx_word' id='word_1_587' title='bbox 1721 5377 1787 5440; x_wconf 71' lang='grc' dir='ltr'>ιιι,</span> 
     </span>
     <span class='ocr_line' id='line_1_50' title="bbox 105 5461 1786 5534; baseline -0.002 -10"><span class='ocrx_word' id='word_1_588' title='bbox 105 5465 177 5524; x_wconf 88' lang='lat' dir='ltr'><em>redii</em></span> <span class='ocrx_word' id='word_1_589' title='bbox 198 5465 286 5523; x_wconf 74' lang='lat' dir='ltr'><em>laetus.</em></span> <span class='ocrx_word' id='word_1_590' title='bbox 313 5466 375 5530; x_wconf 87' lang='lat' dir='ltr'><em>Ubi,</em></span> <span class='ocrx_word' id='word_1_591' title='bbox 400 5467 511 5523; x_wconf 88' lang='lat' dir='ltr'><em>domine</em></span> <span class='ocrx_word' id='word_1_592' title='bbox 531 5468 620 5534; x_wconf 84' lang='lat' dir='ltr'><em>Pater,</em></span> <span class='ocrx_word' id='word_1_593' title='bbox 636 5481 698 5524; x_wconf 90' lang='lat' dir='ltr'><em>cum</em></span> <span class='ocrx_word' id='word_1_594' title='bbox 713 5467 788 5524; x_wconf 91' lang='lat' dir='ltr'><em>dicto</em></span> <span class='ocrx_word' id='word_1_595' title='bbox 807 5465 853 5523; x_wconf 92' lang='lat' dir='ltr'><em>die</em></span> <span class='ocrx_word' id='word_1_596' title='bbox 873 5479 926 5522; x_wconf 91' lang='lat' dir='ltr'><em>una</em></span> <span class='ocrx_word' id='word_1_597' title='bbox 968 5478 1030 5522; x_wconf 91' lang='lat' dir='ltr'><em>cnm</em></span> <span class='ocrx_word' id='word_1_598' title='bbox 1054 5465 1082 5522; x_wconf 92' lang='lat' dir='ltr'><em>in</em></span> <span class='ocrx_word' id='word_1_599' title='bbox 1110 5464 1236 5522; x_wconf 91' lang='lat' dir='ltr'><em>manibus</em></span> <span class='ocrx_word' id='word_1_600' title='bbox 1261 5465 1364 5521; x_wconf 88' lang='lat' dir='ltr'><em>nostris</em></span> <span class='ocrx_word' id='word_1_601' title='bbox 1388 5465 1504 5533; x_wconf 90' lang='lat' dir='ltr'><em>venerit,</em></span> <span class='ocrx_word' id='word_1_602' title='bbox 1528 5462 1597 5520; x_wconf 91' lang='lat' dir='ltr'><em>nibil</em></span> <span class='ocrx_word' id='word_1_603' title='bbox 1624 5464 1662 5520; x_wconf 92' lang='lat' dir='ltr'><em>sit</em></span> <span class='ocrx_word' id='word_1_604' title='bbox 1683 5461 1786 5520; x_wconf 88' lang='lat' dir='ltr'><em>addere</em></span> 
     </span>
     <span class='ocr_line' id='line_1_51' title="bbox 104 5551 1784 5625; baseline -0.001 -15"><span class='ocrx_word' id='word_1_605' title='bbox 104 5567 167 5610; x_wconf 87' lang='lat' dir='ltr'><em>curn</em></span> <span class='ocrx_word' id='word_1_606' title='bbox 186 5561 282 5611; x_wconf 87' lang='lat' dir='ltr'><em>sancto</em></span> <span class='ocrx_word' id='word_1_607' title='bbox 304 5554 372 5612; x_wconf 89' lang='lat' dir='ltr'><em>cleri</em></span> <span class='ocrx_word' id='word_1_608' title='bbox 395 5554 435 5612; x_wconf 90' lang='lat' dir='ltr'><em>tui</em></span> <span class='ocrx_word' id='word_1_609' title='bbox 460 5560 596 5612; x_wconf 90' lang='lat' dir='ltr'><em>conventu</em></span> <span class='ocrx_word' id='word_1_610' title='bbox 620 5555 741 5623; x_wconf 89' lang='lat' dir='ltr'><em>adesses,</em></span> <span class='ocrx_word' id='word_1_611' title='bbox 767 5560 849 5625; x_wconf 88' lang='lat' dir='ltr'><em>atque</em></span> <span class='ocrx_word' id='word_1_612' title='bbox 867 5553 925 5611; x_wconf 91' lang='lat' dir='ltr'><em>cle·</em></span> <span class='ocrx_word' id='word_1_613' title='bbox 967 5553 1150 5610; x_wconf 86' lang='lat' dir='ltr'><em>necessarium</em></span> <span class='ocrx_word' id='word_1_614' title='bbox 1165 5553 1207 5609; x_wconf 89' lang='lat' dir='ltr'><em>vel</em></span> <span class='ocrx_word' id='word_1_615' title='bbox 1221 5551 1340 5610; x_wconf 90' lang='lat' dir='ltr'><em>aulemc.</em></span> <span class='ocrx_word' id='word_1_616' title='bbox 1355 5551 1488 5610; x_wconf 84' lang='lat' dir='ltr'><em>Fidelitcr</em></span> <span class='ocrx_word' id='word_1_617' title='bbox 1501 5552 1581 5624; x_wconf 88' lang='lat' dir='ltr'><em>plane</em></span> <span class='ocrx_word' id='word_1_618' title='bbox 1594 5553 1784 5624; x_wconf 88' lang='lat' dir='ltr'><em>veraciterque</em></span> 
     </span>
    </p>
   </div>
   <div class='ocr_carea' id='block_1_17' title="bbox 0 0 2058 6178">
    <p class='ocr_par' dir='ltr' id='par_1_17' title="bbox 0 0 2058 6178">
     <span class='ocr_line' id='line_1_52' title="bbox 0 0 2058 6178; baseline 0 11"><span class='ocrx_word' id='word_1_619' title='bbox 0 0 2058 6178; x_wconf 95' lang='lat' dir='ltr'><em> </em></span> 
     </span>
    </p>
   </div>
  </div>
 </body>
</html>
