4034 6152
259 311 313 366 uit
878 309 1046 366 APPENDlX
1063 311 1107 368 ab
1125 307 1329 370 mouerunt
1898 303 1955 360 wa

261 443 325 507 post
338 435 428 505 ipsum
447 433 504 499 alii,
520 431 567 502 qui
585 433 645 488 siue
664 430 749 486 dubio
768 433 919 501 ceteroqui
934 432 998 488 talia
1013 431 1323 502 cieriAarchiepiscopi
1343 429 1430 485 nostri
1458 428 1544 482 vitani
1567 426 1783 493 conscriberem,
1799 429 1953 498 statimque

261 507 389 578 conjngia
408 504 583 567 damnabant,
609 502 836 571 meritissimcque
860 505 942 559 vetita
971 505 1081 560 demum
1124 521 1173 575 per
1183 513 1276 575 partes
1286 501 1440 558 festinatam
1450 497 1622 580 typographo
1632 498 1769 580 traderem
1783 499 1857 581 intra
1868 497 1954 554 ierias

261 593 323 635 csse
338 577 557 648 protitebautur?
573 575 611 627 lin
631 581 660 627 ut
682 572 728 628 ilie
753 574 868 641 primam
887 588 982 630 eorum
997 577 1083 647 origi·
1123 575 1303 638 autumnales,
1320 585 1411 641 neque
1426 576 1492 625 tunc
1511 569 1636 624 codicem
1651 568 1726 624 iilum
1745 571 1837 652 (sicuti
1860 584 1953 652 neque

262 664 324 705 nem
336 651 391 718 jam
413 647 477 702 inde
501 645 534 698 ab
557 643 718 713 apostolicis
745 644 915 712 temporibus
938 658 1082 715 perperam
1123 647 1241 703 Tristani
1264 644 1358 700 Chalci
1378 641 1589 711 autographum,
1614 639 1649 695 de
1674 654 1729 710 quo
1757 651 1824 696 rtem
1860 642 1952 696 diuam

262 721 376 776 traxerit
390 739 398 781 ;
414 715 541 773 Chroniei
564 715 636 768 euim
663 715 716 780 sui,
738 714 819 782 paulo
842 722 905 771 ante
926 719 1080 784 memorati,
1124 716 1229 788 postea)
1245 717 1273 770 in
1289 721 1427 784 promptu,
1448 717 1476 767 ct
1491 710 1525 766 ad
1543 711 1749 767 manusbabere
1764 726 1879 782 possem
1892 733 1900 776 ;
1912 715 1952 766 sic

262 797 344 862 caput
362 789 414 842 226
436 789 476 841 sic
499 785 662 854 inscripsit:
688 785 882 842 uSacsrdotes
905 793 933 844 ct
956 789 1082 860 episcopi
1124 787 1286 854 existimari,
1303 792 1332 842 ut
1342 787 1403 856 ejus
1417 783 1547 840 chronici
1565 789 1673 848 auctor,
1689 797 1739 852 per
1748 784 1843 838 omnia
1866 783 1952 838 ieriue

262 860 400 917 habebam
414 871 532 922 uxores;
555 875 568 906 u
585 868 702 924 moxque
717 855 757 912 sic
772 855 853 912 etlam
867 853 936 913 iilud
952 867 1082 928 prosectis
1123 858 1222 916 solitus
1244 857 1397 913 Gualraneo
1423 853 1549 910 flammae
1572 853 1740 919 consentire,
1756 856 1785 909 in
1810 867 1846 909 eo
1869 855 1953 909 etiarn

263 938 307 988 tus
325 935 377 994 est,
392 936 421 984 et
438 927 607 996 argumentis
630 926 799 982 confirmarit
815 948 821 983 :
840 945 854 978 ιι
874 931 966 985 Potuit
986 931 1083 990 beatus
1124 931 1310 988 consensisset
1333 927 1406 998 quod
1426 926 1472 981 ille
1496 925 1532 981 de
1559 925 1742 980 matrimoniis
1768 925 1953 1006 sacerdotum

261 999 397 1057 Barnabas
406 1011 593 1054 successorem
603 998 748 1053 instituere
758 1005 785 1054 et
796 999 932 1055 Ecclesiae
941 999 1080 1068 ordinare,
1124 1005 1221 1057 sancto
1240 999 1383 1055 Ambrosio
1405 997 1579 1066 ascripserat.
1600 997 1696 1064 ltaque
1714 996 1806 1064 rapite
1826 996 1887 1051 illic
1907 995 1952 1063 20,

261 1081 289 1128 et
313 1070 431 1127 ordinati
461 1075 609 1138 potuerunt
639 1082 739 1123 uxores
768 1069 881 1126 habere.
911 1072 986 1126 Unde
1015 1074 1083 1128 dicit
1124 1084 1238 1128 numero
1253 1067 1297 1136 16ss
1310 1069 1428 1138 idipsum
1443 1066 1584 1122 aillrmari.
1601 1067 1654 1122 Sed
1671 1067 1698 1121 in
1712 1066 1767 1122 hoc
1782 1073 1880 1122 umen
1900 1082 1955 1124 nie·

260 1142 418 1211 apostolus,
435 1141 530 1210 primae
545 1137 580 1193 ud
599 1139 770 1194 Timotheum
786 1153 817 1195 m
835 1159 841 1194 :
858 1142 966 1222 Oportet
979 1145 1083 1212 spineo*
1124 1144 1210 1198 moria
1230 1155 1272 1197 me
1293 1139 1400 1203 leiellit,
1426 1145 1456 1194 ut
1483 1144 1610 1193 recenter
1624 1137 1816 1192 animaduerti.
1844 1139 1954 1193 Etenim

258 1228 320 1285 puin
333 1207 583 1282 irreprehensibilem
592 1224 659 1276 esse,
671 1210 746 1264 unius
755 1212 849 1266 acoris
863 1226 955 1266 uirum.
968 1214 1001 1267 Et
1010 1214 1082 1270 idem
1124 1219 1204 1270 autor
1219 1212 1264 1268 iile
1275 1211 1414 1274 Chronici,
1423 1208 1607 1334 fuairaueum
1618 1213 1739 1264 sectatus
1748 1209 1917 1290 Flammam,
1927 1210 1954 1263 in

260 1283 418 1353 apostulus,
434 1281 469 1336 de
484 1280 646 1336 diaconibus
658 1280 775 1349 loquens
789 1282 816 1336 iti
833 1277 928 1337 eadem
940 1281 1079 1352 Epistulas
1124 1279 1267 1340 Ambrosio
1283 1282 1414 1352 episcopo
1435 1292 1505 1350 ongc
1520 1278 1632 1348 quidem
1643 1277 1751 1348 iateque
1762 1279 1954 1336 describendo

261 1355 392 1410 Diaconos
414 1352 465 1406 siut
488 1351 565 1405 unius
579 1351 671 1404 unone
696 1352 755 1418 uiri,
784 1352 827 1422 qui
849 1351 912 1422 filiis
937 1355 992 1408 suis
1017 1355 1083 1410 irene
1125 1356 1302 1438 prosequitur
1317 1366 1412 1408 omnes
1427 1351 1490 1406 illos
1505 1350 1691 1432 ministrorum
1704 1350 1822 1405 ordines
1843 1351 1882 1404 ab
1898 1351 1954 1419 ipsc

259 1425 378 1495 proedid,
394 1427 418 1477 et
432 1421 550 1476 dontibus
563 1421 628 1474 suis.
654 1422 687 1475 Et
711 1421 783 1477 idem
802 1424 950 1491 apostolus
966 1425 1034 1481 dicit
1048 1425 1082 1482 ad
1123 1427 1265 1482 institutos
1276 1444 1283 1488 ;
1295 1425 1370 1492 atqui
1381 1423 1416 1477 de
1432 1423 1562 1490 conjugio
1578 1420 1675 1475 iisdem
1690 1421 1830 1489 permisso
1841 1435 1881 1475 ne
1897 1437 1955 1476 rer-

263 1495 363 1558 Titum,
375 1494 463 1563 primo
478 1491 599 1561 capitulo
612 1511 618 1546 :
631 1493 762 1547 Constitue
774 1508 822 1564 per
835 1494 952 1563 siupuios
966 1495 1083 1552 ciuitates
1124 1497 1189 1552 burn
1200 1495 1311 1566 quidem
1321 1493 1396 1558 iacit,
1408 1493 1516 1548 saniore
1527 1491 1666 1556 nimirum,
1675 1505 1755 1560 quam
1766 1492 1954 1558 Guaiuaneus,

259 1565 437 1640 presbpteros,
452 1563 519 1618 sicut
534 1567 558 1618 et
573 1577 620 1631 epu
634 1562 682 1616 libi
700 1563 825 1634 disposui.
842 1565 945 1636 Siquis
962 1569 1019 1622 eine
1032 1569 1084 1623 cri-
1125 1567 1252 1624 consilio.
1268 1570 1306 1622 dc
1321 1563 1509 1620 tantummodo
1526 1571 1621 1632 postea
1636 1563 1663 1618 in
1678 1561 1831 1620 ileriberto
1847 1565 1956 1618 archie-

264 1635 332 1692 ininc
359 1637 406 1702 eii,
432 1631 507 1690 unius
525 1633 617 1688 uxoris
644 1633 693 1700 uir,
718 1632 786 1703 filios
808 1633 906 1691 debens
926 1635 1027 1708 idaim.
1053 1639 1085 1696 ut
1126 1628 1793 1710 piscinoinuriltamutiastetuqutt,tolio128,
1808 1635 1956 1704 paginae:

264 1703 345 1762 Lucae
361 1705 449 1774 primo
464 1701 585 1774 capitulo
600 1703 716 1760 habetur
735 1703 809 1776 quod
828 1705 972 1766 Zacharias
994 1723 1085 1766 sacer-
1129 1727 1144 1763 tl
1164 1710 1214 1766 ilic
1227 1705 1453 1776 archiepiscopus
1476 1697 1572 1762 habuit
1590 1703 1726 1768 Uxeriam,
1747 1699 1879 1760 nobilem
1894 1719 1959 1762 ruu-

265 1776 316 1832 dcs
349 1773 425 1830 enuit
439 1787 473 1830 ex
488 1771 624 1830 Elisabeth
647 1773 779 1832 loannem
803 1773 961 1847 baptistam.
978 1777 1016 1838 Ex
1031 1751 1118 1838 hocB
1129 1776 1236 1846 liorem,
1248 1789 1362 1836 uxorem
1373 1797 1381 1845 ;
1394 1790 1456 1848 quae
1471 1771 1684 1844 donaxitdotem
1694 1789 1774 1832 suaru
1784 1777 1957 1834 monasterio

266 1791 408 1904 matifieste
422 1849 537 1916 apparet
547 1839 621 1914 quod
632 1845 696 1902 lluet
707 1848 845 1915 episcopis
855 1853 882 1904 et
895 1846 1088 1908 sacerdotibus
1127 1851 1215 1907 sancti
1230 1847 1363 1920 bionpsii,
1387 1862 1450 1929 quie
1475 1861 1561 1916 usque
1586 1843 1669 1928 hodie
1687 1846 1924 1929 Uxoriadicitur.
1943 1866 1955 1898 i

266 1923 293 1974 ct
323 1913 486 1972 diaconibus
514 1923 614 1971 uxores
643 1913 744 1973 habere
768 1917 802 1972 de
823 1919 896 1988 jure,
917 1928 944 1976 et
963 1921 992 1978 in
1011 1923 1086 1978 linio
1128 1925 1165 1978 be
1180 1935 1236 1992 quo
1251 1927 1341 1978 umen
1360 1915 1548 1976 additamento
1561 1916 1628 1988 qnid
1647 1917 1714 1974 item
1727 1917 1799 1974 mihi
1818 1917 1955 1986 rideatur,

264 1989 439 2043 testamento
454 1989 482 2043 et
504 1985 533 2042 lu
559 1981 657 2042 Veteri.
684 1983 716 2042 ct
736 1987 824 2044 simile
840 1987 957 2048 habetur
974 1989 1009 2048 de
1028 1993 1088 2049 Eri·
1128 1993 1182 2050 boc
1196 1995 1257 2063 ipso
1272 1991 1372 2061 capito,
1387 2002 1438 2046 suo
1453 1987 1516 2046 loco
1530 1989 1662 2058 aperiam.

265 2057 345 2115 berto
361 2055 396 2114 de
413 2059 527 2127 arzago,
553 2051 763 2128 archiepiscope
787 2054 984 2118 ilediolanensl
1012 2063 1087 2134 quod
1166 2065 1219 2120 vll.
1235 2065 1315 2120 Certe
1339 2069 1429 2118 autem
1452 2059 1607 2128 Gualraueo
1631 2053 1759 2116 Flammas
1775 2059 1807 2116 iu
1822 2074 1859 2116 sa
1880 2061 1956 2118 exiiii

266 2129 345 2185 duxlt
360 2129 387 2184 lu
412 2137 525 2183 uxorem
555 2127 674 2184 nobilem
699 2129 841 2186 mulierem
866 2131 999 2200 boarium,
1024 2149 1087 2204 quei
1129 2141 1206 2206 parte
1221 2133 1363 2192 consensit
1376 2134 1474 2189 Petrus
1488 2131 1535 2188 ille
1557 2123 1678 2198 azarius
1693 2131 1776 2200 cujus
1792 2131 1954 2188 testimonio

266 2197 377 2256 donavit
401 2198 566 2253 monasterio
594 2197 686 2253 Sancti
713 2195 836 2270 Dionysii
874 2199 1006 2259 liseriam.
1034 2201 1087 2262 Sed
1128 2206 1255 2261 similiter
1273 2197 1609 2272 utebarsupcriorisiibri
1643 2201 1954 2272 rlmiutpiteaeptino.

266 2277 410 2341 postquam
423 2269 577 2324 Alexander
592 2283 661 2338 papa
676 2269 710 2325 de
726 2272 855 2342 badagio,
871 2274 906 2328 dc
921 2275 1086 2344 blediolino,
1105 2289 1109 2292 ·
1128 2279 1158 2332 ln
1174 2283 1269 2333 sancto
1285 2275 1357 2332 enim
1383 2273 1594 2342 arciiiepiscopo
1668 2264 1775 2336 brosio,
1793 2263 1872 2328 iacta
1887 2287 1956 2327 men

264 2341 360 2397 statuit
375 2340 449 2410 quod
473 2340 565 2395 nuilus
583 2339 701 2396 clericus
729 2357 842 2398 uxorem
861 2344 986 2414 duceret,
1007 2358 1087 2404 sacro
1129 2348 1204 2406 tione
1219 2343 1330 2405 cleriab
1346 2347 1406 2414 ipso
1422 2346 1450 2400 in
1461 2343 1575 2400 ecclesia
1592 2343 1808 2412 metropolitana
1824 2343 1953 2407 instituti,

265 2413 435 2481 approbante
460 2410 590 2474 concilio,
606 2411 641 2466 de
660 2418 761 2468 canuno
788 2414 856 2470 nulli
882 2415 985 2472 clerico
1010 2418 1088 2474 licuit
1127 2418 1201 2474 bunc
1227 2418 1353 2488 protinus
1375 2417 1404 2472 iu
1429 2415 1539 2471 modum
1566 2427 1627 2470 cum
1650 2413 1812 2469 Gualvaueo
1840 2415 1955 2468 Flamma

265 2495 378 2538 uxorem
400 2481 513 2548 ducere,
538 2480 678 2550 praecipue
702 2483 765 2551 quia
781 2485 808 2539 in
824 2479 922 2542 ordine
937 2487 1086 2545 subdiaco-
1128 2487 1238 2548 locutus
1251 2492 1294 2544 est
1306 2505 1342 2543 iu
1360 2487 1397 2542 ils
1411 2483 1539 2542 omnibus
1550 2481 1718 2540 benedicens
1728 2484 1833 2540 beatus
1843 2485 1956 2540 imbro

265 2561 346 2608 uatus
361 2549 479 2622 quilibet
500 2551 619 2606 clericus
641 2552 802 2610 solemniter
831 2553 975 2624 profitetur
989 2569 1087 2630 perpe—
1127 2561 1185 2616 slus
1203 2573 1257 2616 una
1272 2571 1357 2616 uxore
1372 2558 1412 2614 uti
1428 2569 1510 2628 posse
1524 2555 1681 2620 concessit:
1718 2567 1751 2610 ua
1768 2555 1955 2624 deuinctum

264 2629 339 2680 tuam
362 2623 527 2678 castitatem.
544 2639 558 2675 u
584 2623 648 2677 llaec
680 2623 718 2678 ibi
746 2624 924 2683 Gualraneus.
954 2630 1085 2700 idemque
1127 2630 1270 2687 islrldul
1289 2629 1461 2685 lneteruum
1476 2631 1678 2698 permanerent.
1694 2569 1762 2693 aare
1779 2629 1956 2682 consuetudo

265 2698 360 2764 postea
380 2693 469 2774 capite
492 2691 546 2746 397
571 2691 665 2762 (aliter
687 2693 753 2764 396)
779 2698 936 2767 inscripto:
956 2717 970 2752 n
992 2703 1086 2758 Cultus
1128 2643 1236 2758 (furavit
1250 2701 1330 2756 annis
1344 2699 1526 2770 septingentis
1539 2711 1626 2767 usque
1640 2695 1674 2752 ad
1694 2699 1826 2766 tempora
1842 2699 1957 2754 Alexan·

265 2765 374 2822 dirinus
387 2763 569 2832 amplificatur
593 2777 642 2833 per
662 2763 771 2822 beatum
786 2770 968 2840 ambrosium,
990 2789 1003 2821 i
1024 2783 1086 2842 pos-
1129 2772 1171 2828 drl
1205 2785 1275 2842 ape,
1291 2781 1371 2842 quem
1386 2769 1482 2826 civilis
1500 2768 1645 2824 iledioiani
1659 2771 1806 2839 genuerat.
1822 2787 1840 2820 i

265 2843 391 2905 tauquam
406 2848 421 2890 e
436 2832 506 2889 [tatii
520 2835 657 2892 Chronico
681 2839 772 2894 iarios
795 2843 979 2898 recensuisset
992 2857 1085 2900 sacrm
1164 2787 1233 2899 ifli.
1252 2843 1394 2898 Tristanus
1421 2853 1532 2911 quoquc
1555 2839 1672 2896 Chalcus
1695 2841 1724 2894 ln
1744 2838 1851 2896 eodem
1876 2837 1958 2896 inissa

266 2919 325 2964 rum
341 2906 528 2961 ministrorum
552 2905 674 2972 ordines,
698 2909 727 2962 ln
747 2911 869 2966 Ecclesia
888 2913 1086 2971 Mediolanensi
1127 2913 1193 2970 milii
1209 2913 1354 2970 ridebatur
1367 2922 1474 2980 errore,
1489 2923 1545 2968 uon
1564 2911 1675 2980 quidem
1696 2909 1860 2966 secundum
1877 2915 1957 2982 typo·

266 2977 301 3032 ab
319 2976 545 3046 ipsoiustltutos,
564 2976 1087 3049 hecsubdit2nQuosomnesbsne·
1127 2985 1284 3110 graphicum
1311 2983 1439 3039 distortae
1463 2995 1520 3039 sum
1549 2981 1761 3038 iledloianensis
1791 2981 1956 3048 editionem,

1096 3087 1117 3147 d

267 3045 336 3102 dixit
355 3049 392 3112 et,
408 3045 482 3115 qnod
498 3046 614 3115 quilibet
630 3053 723 3116 posset
734 3050 859 3120 accipere
872 3065 985 3109 uxorem
1000 3057 1085 3128 rirgl-
1148 3070 1179 3111 ac
1193 3056 1221 3111 in
1237 3055 1305 3112 urbe
1329 3067 1402 3111 anno
1426 3053 1534 3109 Domini
1564 3049 1632 3106 xum
1655 3051 1829 3108 elaboratam
1849 3055 1890 3121 (in
1906 3065 1957 3124 qui

268 3129 342 3242 m
358 3117 504 3241 rent
519 3116 931 3249 irretractabilia
1129 3125 1257 3253 inlr
1280 3123 1507 3253 iteratis
1522 3121 1719 3252 intrarit
1741 3135 1959 3266 ‘itanu

265 3257 323 3340 sire
334 3228 385 3312 llio
402 3255 462 3325 ipso
477 3255 539 3321 aad,
561 3255 634 3325 quod
650 3271 701 3328 ego
715 3273 798 3330 supin
814 3207 1087 3332 proiercflam?sieui
1127 3212 1217 3325 &nosset
1229 3211 1382 3332 buzninum,
1408 3272 1439 3323 ut
1452 3265 1535 3336 paulo
1560 3269 1622 3336 post
1643 3261 1803 3320 ridebimus
1818 3309 1827 3330 ,
1845 3266 1898 3322 sed
1913 3280 1956 3321 se·

265 3327 304 3383 lbi
323 3327 412 3382 luerat
434 3326 468 3382 nb
492 3325 590 3382 eodem
613 3329 766 3386 Guaivunen
790 3340 971 3392 numeratum.
991 3339 1086 3410 Neque
1127 3338 1247 3396 cundum
1271 3337 1412 3408 exemplar
1434 3337 1521 3408 ipsius
1549 3333 1685 3391 manuscrl
1708 3338 1779 3400 tum,
1817 3351 1868 3393 mc
1896 3349 1957 3392 reri

264 3411 329 3454 xero
345 3397 1013 3484 biscontentus,praesenscaputhuncetlnmin
1029 3421 1087 3467 mo·
1127 3409 1260 3483 iuibogra
1281 3409 1355 3474 hum,
1381 3411 1408 3465 in
1441 3407 1619 3464 ambrosiana
1656 3347 1834 3462 iilssllotbeca
1871 3421 1958 3462 asser·

264 3467 1086 3558 dumprnanuiturtGiotorGbrosrcculiotiiiulnsynodo
1126 3487 1227 3537 ratum.
1261 3425 1356 3551 frique
1380 3480 1408 3534 iu
1424 3477 1517 3534 arebla
1539 3476 1625 3548 iscopi
1653 3476 1735 3532 etiam
1767 3479 1864 3533 nostrl
1893 3479 1955 3533 baa·

262 3539 369 3596 Dimisi
394 3540 485 3622 trimi,
515 3541 625 3622 collium
657 3543 855 3670 qulnquaginta
879 3550 1083 3621 episcoporum,
1127 3551 1209 3608 rentii
1226 3551 1305 3608 Littae
1320 3551 1389 3618 vita,
1410 3551 1501 3620 capite
1519 3493 1568 3608 {0

262 3611 400 3668 celebrata
428 3624 456 3666 xxx
484 3611 733 3681 Constantinopoli,
767 3617 813 3672 ui·
838 3616 936 3674 beatus
959 3621 1085 3679 interluit
1126 3635 1237 3694 quoqne
1251 3621 1380 3678 chalcum
1404 3635 1438 3676 ex
1456 3631 1490 3676 eo
1510 3617 1699 3690 autbngrapbo
1715 3621 1956 3676 connumerabaia

261 3683 431 3746 ambrosius,
453 3699 467 3732 u
491 3688 519 3736 et
547 3681 663 3751 reliqua,
688 3685 760 3740 siout
788 3699 803 3741 a
832 3701 874 3744 me
899 3691 1086 3750 recitabantur
1126 3693 1267 3750 nonnullis
1285 3691 1347 3749 aliis
1369 3693 1430 3763 ejus
1456 3690 1560 3748 erroris
1582 3690 1778 3746 sectatoribus.
1805 3691 1956 3746 vaninita-

264 3763 378 3809 sslifflew
394 3753 487 3808 ῑθῑῐῑθ·
511 3751 565 3806 Sed
589 3759 617 3808 ct
635 3765 740 3821 tillut.
757 3757 924 3828 capitatur,
941 3762 975 3818 de
990 3764 1084 3820 archi·
1126 3777 1187 3821 rnen
1203 3763 1231 3820 in
1260 3776 1293 3821 eo
1317 3761 1386 3820 nibli
1415 3761 1470 3818 tale
1499 3771 1588 3832 nuper
1610 3760 1713 3827 inrenl,
1738 3773 1802 3816 cnm
1831 3775 1956 3832 praeseui

261 3823 1081 3962 rariter‘nitebaminiiiiorrur
1125 3841 1208 3962 iri
1235 3833 1449 3960 conrliu
1477 3829 1956 3960 iiilitdlidittd‘tttd

261 3963 374 4020 donarit
402 3934 568 4020 monasterio
600 3933 692 4022 sanci't
721 3968 842 4040 Dionysii
869 3917 1081 4047 ροιιειιέιὶἓιιᾞιιῗζ
1124 3917 1329 4034 samnitum
1355 3917 1484 4047 '981³'qu
1498 3917 1630 4045 {maenti
1649 3915 1750 4030 tagcitus
1765 3919 1955 4043 praetgrmitto

261 4047 324 4104 quie
339 4034 441 4089 dicitur
456 4034 559 4089 liseria.
576 4051 590 4086 o
606 4037 680 4092 Talia
700 4039 870 4098 Gualraneus
892 4045 921 4100 ln
945 4059 978 4103 en
997 4048 1082 4105 Cbro·
1123 4047 1195 4104 sicut
1215 4045 1295 4104 etiam
1316 4047 1441 4103 cumdem
1464 4043 1573 4101 interim
1597 4043 1649 4099 hac
1671 4044 1698 4098 in
1723 4049 1805 4113 parte
1827 4045 1952 4101 abinirn.

261 4106 336 4188 nico.
355 4106 471 4161 Eosdem
487 4118 585 4188 ¹porro
613 4107 799 4166 ministrorum
815 4114 928 4171 ordines
951 4119 978 4172 iii
994 4117 1082 4182 altero
1123 4120 1203 4175 Certe
1218 4125 1308 4174 minen
1329 4117 1380 4173 hac
1404 4119 1410 4172 i
1433 4129 1462 4173 sn
1486 4115 1632 4173 occasione
1656 4113 1731 4169 ilium
1753 4127 1858 4171 rursus
1880 4129 1952 4172 murt

261 4179 365 4246 pariter
389 4176 528 4260 chronico
565 4188 627 4244 suo,
665 4181 739 4249 quod
772 4183 939 4254 manipulum
971 4187 1081 4246 riorum
1123 4187 1257 4245 denuntio
1277 4191 1380 4246 erroris
1399 4128 1474 4244 iilius
1497 4197 1578 4260 quem
1594 4187 1646 4256 ipsi
1661 4185 1839 4242 ascribebam
1856 4187 1951 4242 codem

260 4248 418 4317 appellarit,
439 4255 645 4304 enumeraverat
668 4263 702 4306 ex
725 4253 822 4308 eodem
847 4255 934 4323 batto,
960 4273 1022 4315 cum
1046 4261 1080 4318 ad
1123 4261 1176 4317 boc
1196 4259 1267 4316 libro
1286 4268 1400 4329 quanto,
1425 4259 1515 4329 capite
1542 4257 1583 4325 10,
1609 4269 1683 4313 num.
1703 4255 1749 4311 lt.
1775 4258 1859 4314 sicut
1882 4259 1953 4314 enixa

206 4331 209 4343 ‘
261 4327 411 4374 extremum
426 4319 526 4402 capitis
540 4317 656 4404 imbec
667 4319 761 4378 itidem
772 4323 873 4394 adiecit
890 4347 896 4384 :
915 4349 927 4377 ι
944 4329 980 4386 lls
994 4334 1081 4388 omni·
1122 4343 1201 4388 error
1216 4331 1261 4387 llle
1276 4333 1335 4388 sine
1350 4331 1436 4387 duhin
1456 4333 1544 4387 exsut
1567 4328 1595 4384 ln
1610 4328 1732 4384 editione
1746 4330 1954 4453 tzpngrapbica

260 4389 312 4446 bus
335 4389 503 4447 benedicens
526 4387 701 4448 beatissimus
727 4395 896 4466 ambrosius,
917 4411 971 4455 nna
994 4403 1162 4462 uxoreDsic
1192 4403 1273 4460 etiam
1301 4407 1389 4459 exstat
1419 4401 1446 4457 in
1476 4400 1597 4457 auctoris
1626 4403 1761 4468 autograp
1783 4411 1813 4466 o,
1842 4411 1951 4456 nerum

260 4462 300 4516 uti
325 4473 406 4530 posse
429 4462 588 4529 concessit;
612 4475 667 4532 qua
690 4463 828 4532 deiuncta,
850 4474 879 4524 et
893 4470 943 4540 tpsl
964 4471 1038 4528 ridui
1054 4475 1081 4530 ln
1123 4474 1204 4530 etiam
1225 4475 1252 4529 ln
1267 4474 1354 4530 altero
1369 4471 1517 4542 exemplari
1542 4469 1644 4539 pariter
1663 4471 1871 4540 manuscripto,
1893 4485 1953 4556 qua

261 4538 393 4616 oeternum
410 4538 611 4616 permanerent.
626 4535 1082 4602 Qusconsuetudoduraritannls
1122 4546 1150 4600 in
1180 4544 1358 4601 ambrosiana
1387 4540 1554 4599 bibliotheca
1578 4537 1783 4597 custodiuntur.
1813 4543 1953 4608 Quocirca

258 4610 443 4685 septingentis
454 4615 541 4672 usque
556 4603 589 4658 nd
602 4611 724 4675 tempora
739 4609 885 4666 Alexandri
896 4625 984 4682 papae,
999 4629 1081 4684 quem
1124 4615 1191 4670 mibi
1206 4629 1272 4672 sane
1283 4616 1355 4671 nulla
1366 4615 1476 4671 uidetur
1489 4611 1614 4668 habenda
1629 4611 1698 4666 ratio
1714 4612 1790 4666 tertii
1806 4625 1824 4667 c
1859 4613 1953 4668 uariam

258 4675 355 4759 ciuitas
369 4674 514 4730 Mediolani
524 4683 692 4760 genueritis
704 4679 781 4744 Quod
793 4681 866 4736 circa
876 4682 958 4738 etiam
971 4693 1076 4755 postea,
1122 4685 1295 4756 exemplaris,
1321 4684 1395 4756 quod
1420 4683 1486 4740 mihi
1510 4695 1599 4810 nuper
1613 4680 1821 4738 commodatum
1861 4685 1903 4738 uit
1919 4684 1952 4737 ab

258 4753 348 4815 capite
364 4745 426 4810 152,
442 4755 588 4801 recensere
602 4753 686 4816 caepit
700 4751 931 4818 quemadmodum
947 4755 1006 4811 haec
1021 4758 1080 4827 ipsa
1121 4757 1220 4824 amico,
1242 4770 1306 4830 erga
1334 4768 1376 4812 me
1400 4755 1546 4812 oiiieloslss
1557 4764 1612 4820 ino,
1633 4751 1788 4822 eodemque
1816 4767 1951 4824 perquam

257 4817 446 4900 controuersia
461 4815 545 4872 lnnrb
567 4817 602 4872 ab
626 4817 723 4874 eodem
748 4821 796 4876 iilo
819 4823 918 4894 agitata
939 4827 1078 4896 pontiden,
1121 4827 1241 4894 erudito,
1258 4833 1286 4883 et
1309 4825 1419 4883 selectis
1443 4836 1493 4897 pro
1517 4836 1547 4881 re
1572 4823 1704 4881 historica
1728 4821 1812 4880 libris
1833 4826 1952 4896 aliisque

257 4901 320 4943 eum
335 4887 483 4943 cardinalis
496 4885 587 4943 adbuc
601 4888 657 4944 ilie
673 4892 823 4948 canonicus
837 4901 910 4950 esset
924 4897 1081 4956 ordinarius
1121 4895 1307 4956 monumentis
1335 4895 1443 4954 abunde
1471 4897 1617 4962 instructo,
1638 4894 1768 4951 videlicet
1796 4905 1814 4950 a
1846 4897 1951 4952 ioanni

260 4958 390 5015 E⁰C¹⁰⁸¹ffl
410 4957 630 5014 Mfldffilississssis·
1120 4971 1156 5025 lia
1178 4969 1241 5026 tista
1265 4967 1425 5034 blanchlno,
1448 4965 1562 5037 institia
1587 4965 1640 5022 boc
1663 4977 1735 5022 anno
1755 4964 1829 5020 iffili
1851 4967 1904 5023 bae
1921 4967 1949 5022 ln

295 5031 339 5086 vt.
362 5029 575 5114 hinnieriptum
598 5029 664 5086 illud
693 5032 869 5116 chronicum,
893 5036 956 5094 rui
974 5038 1077 5110 tiorum,
1121 4983 1189 5098 urge
1210 5040 1324 5098 consule
1348 5037 1533 5096 meritissimo.
1549 5038 1608 5107 Quo
1624 5037 1735 5108 quidem
1751 5036 1780 5092 ln
1796 5035 1951 5108 exemplari

258 5102 337 5172 cuius
350 5101 509 5158 testimonio
524 5101 621 5156 utebar
635 5106 771 5172 superiori
788 5106 858 5163 libro
875 5109 973 5176 primo,
989 5113 1079 5182 capite
1120 5112 1194 5168 nulla
1209 5124 1323 5184 prorsus
1337 5111 1395 5166 lillc
1409 5111 1526 5168 liniretur
1539 5111 1598 5180 ejus
1614 5107 1808 5180 prepositurae
1824 5107 1868 5164 rel
1885 5121 1953 5178 pra·

254 5171 283 5239 ὅ,
298 5187 314 5229 ³
329 5187 372 5229 me
388 5173 488 5228 lectum
501 5173 557 5242 iarn
571 5170 660 5229 iuerat
674 5183 737 5231 ante
752 5187 852 5233 annium
867 5177 944 5247 tote,
960 5185 988 5236 et
1002 5189 1079 5239 ante·
1120 5183 1203 5252 positi
1220 5181 1425 5253 metropolitani
1445 5182 1559 5238 mentio.
1581 5179 1656 5236 lianc
1668 5177 1740 5234 enim
1757 5175 1793 5234 de
1810 5179 1950 5235 industria

255 5257 336 5314 quarn
350 5245 424 5315 typis
443 5244 553 5300 ederem
577 5245 764 5303 tnibroslsnae
789 5249 932 5306 lledlolan.
954 5253 1078 5310 Basilice
1122 5253 1166 5326 (ut
1180 5268 1231 5326 ego
1257 5252 1438 5324 interpretor)
1463 5251 1639 5324 pretermisit
1662 5247 1732 5306 ailus
1757 5249 1899 5322 quispiam
1915 5249 1950 5304 ab

254 5329 287 5371 ac
306 5315 466 5372 monasterii
486 5323 672 5382 monumenta,
693 5319 721 5372 ln
736 5317 837 5388 qulbus
851 5319 981 5391 frequens
996 5321 1078 5380 babe-
1118 5333 1231 5383 auctnre
1246 5325 1382 5388 diuersus,
1403 5325 1450 5394 qui
1475 5323 1545 5380 bene
1567 5327 1699 5392 nemoque
1713 5325 1814 5376 nosset
1835 5324 1947 5391 puniar

253 5391 299 5442 tur
313 5387 436 5456 eiusdem
451 5385 581 5443 chronici
606 5389 719 5445 mentio.
736 5392 802 5445 Cum
818 5403 883 5446 rero
899 5400 993 5461 postea
1008 5395 1076 5452 illud
1119 5398 1178 5466 eius
1203 5397 1395 5468 praepositura
1420 5393 1632 5458 institutionem,
1657 5393 1763 5464 quique
1789 5391 1948 5450 mussini

253 5457 366 5514 domino
386 5471 446 5526 iun,
462 5458 573 5528 liureio
601 5458 636 5514 ib
660 5460 791 5528 Ecclesia,
821 5462 886 5518 mibi
911 5471 1019 5532 tempus
1048 5469 1076 5524 in
1118 5479 1151 5524 cu
1173 5473 1233 5524 eret
1247 5465 1280 5523 id
1296 5469 1356 5540 eius
1370 5468 1474 5523 erroris
1488 5471 1551 5521 nota
1567 5465 1695 5520 liberare.

254 5540 334 5585 omne
344 5537 421 5600 grata
432 5531 692 5588 cornmemoratlons
703 5532 1074 5607 recolendureddldissem3
1153 5482 1197 5595 fx.
1208 5539 1295 5596 Venio
1308 5541 1363 5608 jam
1378 5535 1487 5595 undem
1502 5535 1536 5596 ad
1552 5533 1750 5593 &casilinum
1766 5533 1892 5598 conum,
1904 5531 1949 5588 rel

253 5611 372 5671 cunque
393 5599 506 5668 delude,
531 5611 604 5658 auno
631 5600 709 5672 lunt,
729 5604 822 5662 sancti
837 5605 976 5664 Laurentii
996 5605 1075 5668 Littae
1117 5609 1170 5667 hnc
1192 5607 1252 5681 ipso
1267 5613 1364 5668 contra
1383 5605 1450 5666 cleri
1470 5605 1624 5665 celibatnm
1642 5612 1750 5672 ermes,
1771 5614 1951 5674 mucimus

1590 3559 1703 3603 liuthero
1730 3545 1775 3601 le.
1795 3547 1956 3604 Tristauura
