4024 6174
122 297 170 354 509
774 297 819 354 ill:
837 295 944 354 BELLO
962 295 1136 356 saxeblm.
1746 299 1802 360 eto

122 419 264 482 coslariam
278 422 409 492 venisset,
424 423 467 480 sul
482 435 538 482 nou
553 422 665 491 oblitus,
677 421 762 492 cepit
776 419 1020 488 occasionesA’¹⁸,
1036 421 1115 480 valde
1134 421 1283 492 turbatum,
1312 423 1441 482 omnibus
1469 422 1559 480 modis
1584 438 1647 482 cum
1674 427 1800 499 mitigare

122 525 249 584 quarere,
262 525 308 580 ne,
319 513 392 570 sicut
402 513 575 584 promiserat,
587 512 701 570 deberet
712 513 740 568 in
752 509 882 582 prasenti
894 523 938 566 ca·
977 511 1149 580 querebant,
1166 512 1283 584 seipsos
1297 527 1313 569 a
1328 513 1437 571 consilii
1452 512 1508 570 sive
1522 511 1672 570 voluntatis
1685 516 1800 573 crimine

122 600 193 658 stella
207 615 256 657 sua
271 600 425 660 destruere.
437 603 522 670 Quem
531 617 592 660 cum
604 606 815 658 morasnectere
825 599 936 669 quidam
977 613 1153 671 quocumque
1172 602 1256 660 modo
1277 602 1388 673 juberet
1410 603 1480 674 ipse,
1506 600 1668 673 purgando;
1688 609 1717 658 et
1740 618 1799 676 cos,

121 689 254 762 principes
269 691 357 748 nostri
372 691 508 759 viderent,
523 691 648 749 uolentes
662 691 687 748 ei
704 689 823 761 placere,
838 701 935 744 suase·
977 689 1025 758 qui
1045 691 1160 748 erimine
1176 697 1255 748 crant
1269 691 1395 760 involuti,
1416 705 1588 763 quacumque
1613 689 1695 748 vellet
1720 705 1800 762 ptena

120 785 177 836 runt
196 779 308 838 utillud
324 781 467 838 castellum
482 783 569 852 malus
586 783 616 814 ¹¹¹
637 780 703 852 (27),
726 779 936 858 quodlmanere
977 777 1146 848 cruciando;
1167 780 1215 836 sed
1232 781 1270 838 nil
1286 781 1476 851 proficiebant.
1500 783 1567 838 Nam
1590 795 1639 838 ren
1661 793 1717 838 mon
1736 785 1801 837 tan-

119 867 233 929 rolebat.
248 867 331 924 alieni
347 868 382 926 de
396 869 571 940 principibus
585 869 711 926 saxoniae
725 869 804 940 quasi
819 868 846 924 in
861 865 938 924 dedi·
978 870 1035 924 tum
1055 867 1111 924 illis
1130 869 1177 940 qui
1201 871 1293 927 scelus
1317 871 1437 929 confessi
1463 871 1493 906 ¹¹⁸
1511 870 1643 938 fecerant,
1668 878 1800 943 quantum

120 957 215 1014 tionem
228 957 364 1028 traderet,
383 957 473 1014 donce
489 957 584 1030 populi
599 957 687 1028 furor,
704 958 752 1030 qul
774 965 839 1014 tunc
858 955 938 1012 rebe·
977 957 1038 1014 istis
1052 959 1100 1029 qui
1115 973 1145 1014 se
1165 973 1224 1016 ase
1244 967 1402 1031 perpetrato
1425 961 1531 1019 scelere
1555 961 1719 1033 purgabant,
1744 961 1800 1018 lra-

119 1051 221 1102 menter
235 1045 362 1115 ardebat,
381 1046 550 1117 aliquantum
567 1053 732 1118 tepesceret,
748 1053 776 1104 el
798 1051 864 1104 tunc
888 1059 936 1102 ca·
976 1046 1082 1115 scitur;
1098 1053 1126 1104 et
1140 1046 1293 1120 dedignans
1311 1051 1394 1107 irasci
1413 1051 1441 1108 in
1465 1052 1594 1117 rusticos,
1619 1052 1647 1108 in
1667 1051 1800 1108 maximos

117 1133 231 1202 stallum,
253 1135 324 1192 sir-,ut
353 1136 473 1206 volebat,
493 1137 630 1205 integrum
660 1139 843 1208 permaneret.
868 1136 935 1192 Nam
977 1136 1059 1208 hujus
1078 1136 1200 1208 regionis
1226 1137 1353 1196 homines
1380 1139 1502 1198 furorem
1521 1153 1610 1210 suum,
1636 1141 1660 1198 si
1687 1140 1798 1212 quando

116 1223 241 1294 populus,
258 1229 289 1280 nl
311 1225 479 1294 dirueretur,
504 1225 681 1284 vehementer
702 1225 840 1294 instabat;
861 1221 935 1294 quod
976 1231 1085 1298 tempus
1098 1225 1223 1283 baberet.
1239 1228 1392 1285 accendere
1407 1230 1564 1287 meditatur.
1581 1232 1688 1288 interea
1707 1236 1798 1287 mmen

116 1313 165 1368 nisi
180 1312 269 1381 fleret,
286 1327 316 1370 se
340 1314 433 1372 statim
452 1317 487 1372 ab
511 1315 619 1386 integro
642 1315 773 1372 rebellem
797 1313 856 1370 iore
881 1312 935 1370 ela·
976 1329 1033 1372 nou
1051 1321 1183 1386 quantum
1198 1315 1318 1383 volebat,
1335 1317 1384 1374 sed
1399 1324 1530 1388 quantum
1546 1321 1575 1377 in
1595 1321 1725 1390 praesentl
1748 1335 1798 1376 ra·

115 1402 213 1458 mabat.
235 1403 295 1459 nex
317 1418 383 1460 vero
406 1405 435 1462 in
459 1405 553 1462 multis
574 1404 708 1476 angustiis
732 1403 848 1473 positus,
868 1401 934 1474 quid
976 1405 1060 1472 lebat,
1076 1417 1154 1460 suum
1169 1403 1311 1462 castellum
1326 1406 1456 1474 vindicat,
1477 1413 1506 1464 et
1523 1409 1615 1465 omnia
1629 1409 1741 1466 castella
1755 1409 1797 1466 sel

114 1489 213 1548 faceret
230 1493 389 1562 nesciebat;
406 1493 472 1564 quia
486 1509 538 1551 mec
552 1493 694 1550 castellum
708 1493 777 1550 illud
792 1493 935 1549 destruere
976 1492 1114 1563 quaslibet
1128 1493 1210 1565 hujus
1233 1498 1314 1552 terrae
1334 1495 1512 1566 munitiones,
1541 1503 1644 1568 prater
1671 1500 1798 1570 antiquas

114 1580 231 1650 volebat,
247 1594 298 1638 nec
313 1583 395 1639 alicui
410 1583 576 1654 principum,
587 1585 635 1654 qui
650 1582 719 1640 illud
731 1625 738 1650 ,
751 1582 774 1638 si
789 1581 842 1638 sibi
857 1580 935 1652 quasi
976 1581 1060 1639 urbes
1072 1583 1107 1638 ab
1126 1583 1260 1642 bonorem
1275 1585 1353 1656 regni
1369 1592 1552 1654 constructas,
1573 1587 1646 1644 dirui
1668 1588 1797 1659 imperat.

114 1669 277 1738 traderetur,
294 1675 429 1728 staturum
447 1672 654 1744 promittebant,
684 1671 767 1728 fldem
795 1671 933 1738 babebat,
976 1671 1053 1738 Quod
1068 1671 1214 1742 imperium
1229 1688 1285 1732 non
1300 1689 1334 1731 err
1344 1674 1493 1746 tranquillo
1508 1675 1600 1746 rigore
1612 1677 1737 1746 justitia,
1749 1676 1798 1734 sed

113 1766 138 1816 et
151 1760 296 1830 populum,
317 1774 351 1818 ne
365 1762 486 1818 recidiva
501 1761 573 1818 bella
588 1766 751 1830 resumeret,
771 1760 849 1816 valde
873 1749 967 1817 me·B
979 1777 1013 1820 ex
1026 1762 1152 1820 iracundi
1162 1765 1286 1834 pectoris
1294 1765 1480 1822 commotione
1494 1764 1605 1821 turbida
1619 1766 1799 1836 processisse,

113 1848 289 1918 turbatore
315 1850 387 1906 cuim
402 1851 503 1908 virtute
519 1865 589 1921 pene
604 1850 680 1907 solus
698 1851 727 1906 in
747 1849 839 1906 medio
853 1862 935 1906 exer·
977 1852 1042 1908 binc
1057 1853 1198 1923 precipue
1213 1853 1344 1924 cognosci
1364 1855 1465 1924 potuit,
1488 1854 1553 1924 quia
1576 1868 1608 1911 ea
1632 1853 1697 1910 tella
1721 1867 1801 1926 qure-

113 1935 167 1992 eilu
182 1936 375 2007 deprenensus
393 1953 423 1996 se
452 1938 624 2008 defenderet,
652 1939 694 1996 rel
723 1952 777 2010 qua
803 1935 867 2010 fuga
893 1951 933 2006 sc,
976 1940 1038 1998 dam
1063 1941 1097 1998 de
1116 1941 1192 1999 nullo
1217 1941 1288 2000 malo
1308 1942 1437 2000 infamata
1455 1943 1572 2012 destrui,
1593 1943 1710 2014 piurima
1735 1957 1801 2001 vero

111 2031 206 2096 septus
227 2026 350 2098 undique
364 2027 446 2084 savis
461 2028 598 2097 hostibus,
622 2027 825 2085 absconderet?
849 2025 935 2098 igitur
976 2028 1010 2086 de
1029 2030 1132 2100 praedis
1151 2036 1179 2088 et
1198 2031 1352 2088 latrociniis
1375 2032 1511 2100 convicta,
1541 2033 1565 2088 sl
1592 2033 1709 2102 pecnnia
1735 2033 1800 2090 data

112 2115 144 2172 ad
158 2114 302 2186 ingenium
316 2131 396 2174 sunm
410 2132 548 2186 resersus,
565 2119 730 2190 excogitavit
744 2118 862 2185 dolum;
887 2115 935 2188 qui
975 2117 1083 2189 fuisset,
1108 2119 1212 2178 intacta
1235 2135 1347 2178 manere
1371 2121 1515 2192 praecepit.
1541 2122 1590 2178 llis
1612 2123 1649 2178 lta
1674 2124 1799 2193 patratis,

109 2211 200 2262 umen
231 2220 288 2264 non
320 2221 382 2264 cum
410 2222 492 2278 quem
524 2208 653 2279 sperabat
680 2209 769 2265 tenuit
797 2207 933 2264 ellectum.
976 2222 1032 2266 non
1051 2207 1130 2280 quasi
1145 2209 1203 2267 ullo
1222 2209 1319 2268 dolore
1334 2210 1545 2269 commotusvel
1565 2212 1712 2283 quiequam
1737 2211 1801 2268 mall

107 2292 174 2350 Nam
189 2295 355 2364 quibusdam
383 2297 418 2354 de
446 2297 505 2354 suls
532 2298 655 2368 antiquis
681 2296 862 2354 familiaribus
883 2310 933 2353 oe·
976 2299 1102 2356 Saxomae
1131 2298 1266 2370 cogitans,
1287 2299 1386 2378 martio
1414 2313 1508 2356 mense
1536 2301 1658 2356 nondum
1688 2305 1799 2370 peracto

106 2380 181 2438 culte
202 2384 382 2453 praecepitur
400 2386 462 2454 ejns
480 2390 585 2440 tantum
601 2385 838 2456 propugnaculum
856 2398 935 2440 sum·
979 2388 1037 2460 (oo.
1067 2387 1160 2460 lilii),
1186 2388 1331 2446 saxoniam
1360 2388 1484 2460 reliquit,
1513 2395 1541 2444 el
1568 2388 1603 2444 ad
1631 2388 1801 2444 habitatores

106 2471 204 2526 malim
224 2471 409 2540 deponerent,
429 2479 531 2530 etcum
548 2473 666 2544 populus
689 2474 742 2531 boc
767 2475 827 2530 riso
846 2479 935 2530 totum
975 2477 1065 2533 libeni
1094 2483 1302 2549 ceterarumque
1334 2479 1457 2535 Franeiae
1491 2478 1608 2549 partiam
1637 2477 1708 2533 male
1736 2477 1801 2532 lacta

104 2571 230 2627 sperans
249 2572 375 2616 casurum
394 2559 560 2630 discederet,
584 2561 627 2618 illi
648 2576 664 2618 a
687 2562 823 2620 diruendo
847 2575 936 2618 cessa·
976 2571 1068 2622 mente
1093 2566 1124 2598 ¹¹⁸
1143 2567 1279 2624 transivit.
1312 2569 1411 2624 Fertur
1430 2581 1507 2634 sero,
1537 2581 1552 2622 a
1572 2566 1672 2622 finibus
1699 2565 1802 2622 nostris

103 2651 180 2730 rent,
198 2649 283 2704 etsie
302 2647 341 2717 ¹¹⁸,
362 2648 458 2719 paucis
485 2650 572 2706 ruinis
599 2653 769 2720 restauratis,
797 2651 933 2722 integrum
977 2653 1134 2722 discedens,
1160 2670 1222 2712 cum
1238 2658 1395 2726 iuramento
1414 2655 1527 2724 dixisse,
1553 2655 1628 2726 qued
1653 2667 1801 2726 numquam

105 2735 181 2792 slent
198 2736 505 2808 volebatpermaneret.
525 2740 580 2797 Sed
607 2740 659 2810 illi,
688 2754 739 2797 suo
758 2741 845 2797 labori
873 2755 937 2810 par·
977 2742 1191 2814 velletamplins
1209 2746 1238 2801 in
1266 2747 1410 2803 saxoniam
1436 2746 1528 2802 redire
1555 2746 1608 2801 nisi
1636 2745 1713 2815 prius
1741 2757 1801 2800 eam

106 2829 216 2894 centes,
233 2825 339 2883 vicinos
353 2827 494 2884 adduxere
509 2830 638 2897 rusticos,
659 2844 739 2900 ques,
760 2831 833 2888 sieut
857 2835 936 2888 erant
978 2832 1107 2889 uirtutem
1122 2833 1316 2902 contmrrisset,
1332 2849 1385 2906 qua
1400 2843 1494 2906 posset
1518 2835 1547 2889 in
1569 2834 1687 2891 saxonia
1710 2832 1802 2890 facere

105 2914 186 2984 jussi,
201 2915 346 2986 iusserunt
359 2931 482 2974 summos
497 2923 601 2976 tantum
617 2932 712 2975 muros
723 2919 862 2976 demoliri.
880 2921 936 2976 llu-
977 2922 1111 2993 quiequid
1129 2923 1183 2980 sibi
1198 2922 1335 2980 libuisset.

106 3005 168 3060 stici
178 3017 247 3062 vero
256 3019 317 3062 eum
329 3007 389 3076 ejus
400 3005 455 3064 loci
480 3011 645 3077 potestatem
659 3021 733 3064 nnnc
749 3009 932 3079 accepissent,
1012 3009 1058 3068 35.
1078 3011 1257 3083 congregatis
1275 3012 1369 3082 itaque
1396 3012 1505 3068 illarum
1533 3013 1651 3083 partium
1671 3009 1801 3082 principi·

107 3107 162 3164 quo
182 3093 270 3151 multa
286 3095 342 3165 jam
357 3095 464 3166 pridem
478 3097 549 3153 mala
563 3098 637 3169 passi
651 3097 779 3166 fuissent,
795 3111 850 3156 non
866 3075 1039 3170 quidCbns,
1064 3113 1138 3156 nune
1156 3100 1272 3172 singulis
1296 3113 1369 3156 nunc
1393 3100 1528 3156 universis
1550 3099 1692 3156 humiliter
1715 3099 1745 3132 ¹¹¹
1768 3113 1798 3155 se

105 3184 330 3251 juberentursed
342 3185 931 3257 quidjamdindesiderassentintendebant,
974 3193 1165 3258 prosternens,
1181 3189 1382 3259 querimoniam
1394 3187 1460 3246 fecit
1479 3189 1584 3258 dicens,
1601 3189 1676 3260 quod
1691 3190 1799 3260 priores

108 3273 273 3330 adfruendo
286 3287 341 3330 non
353 3275 634 3344 quiescentes,domeo
644 3275 763 3348 lapidem
773 3277 934 3348 superlapi·
973 3292 1031 3335 sua
1046 3278 1217 3348 expulsionis
1231 3278 1340 3348 injuria
1359 3278 1413 3335 sibl
1432 3291 1506 3336 nunc
1520 3279 1594 3335 leves
1608 3283 1711 3346 essem,
1732 3277 1799 3334 istas

107 3361 167 3418 dem
187 3377 246 3420 non
268 3377 409 3421 remanere
428 3364 566 3422 videbant.
587 3368 659 3437 Ergo
678 3367 781 3437 regalia
805 3366 931 3435 aedilicia,
973 3367 1027 3424 sibi
1043 3380 1156 3437 magnas
1178 3371 1206 3422 et
1225 3366 1394 3423 insanabiles
1418 3367 1526 3434 viderl;
1552 3367 1581 3422 in
1606 3367 1747 3437 prioribus
1769 3379 1799 3420 se

108 3453 191 3524 regali
206 3459 321 3525 sumptu
332 3454 589 3524 permultosannos
600 3460 769 3523 constructa,
781 3455 856 3512 breti
867 3462 933 3512 tem·
973 3471 1036 3515 cum
1054 3457 1112 3512 suis
1126 3456 1300 3526 principibus
1314 3455 1399 3512 fuisse
1423 3454 1595 3524 despectum,
1616 3455 1644 3509 in
1670 3453 1717 3510 isti
1736 3467 1801 3510 vere

108 3553 173 3610 pore
188 3543 350 3611 destruunt,
362 3549 391 3600 et
404 3543 433 3600 in
447 3545 532 3601 tantis
546 3544 682 3600 moenibus
692 3557 743 3601 nec
757 3540 935 3601 fundamenta
973 3561 1025 3604 suo
1039 3557 1208 3615 suorumque
1222 3544 1368 3613 despectui
1393 3545 1573 3610 conjunctum
1596 3556 1656 3598 esse
1680 3541 1802 3599 coelcslis

109 3643 161 3686 non
176 3641 261 3690 eruta
275 3633 445 3703 relinquunt.
458 3635 550 3705 Legati
562 3632 935 3705 regianonaudentrerbum
975 3633 1092 3700 militiae,
1108 3638 1137 3689 et
1155 3632 1231 3702 quod
1255 3636 1329 3688 esset
1347 3631 1391 3686 bis
1415 3632 1511 3701 malus,
1533 3631 1683 3700 malestatis
1702 3630 1802 3687 divinae

109 3719 207 3790 lacere,
224 3722 293 3793 qula
309 3729 336 3778 ct
350 3723 437 3793 ipsos,
452 3723 476 3778 sl
493 3723 560 3794 quid
580 3722 814 3790 contradicerent,
829 3723 936 3779 minan·
975 3728 1175 3793 contemptum.
1190 3723 1257 3778 Nam
1272 3719 1396 3777 narravit
1412 3720 1453 3777 eis
1471 3719 1628 3788 lacrimans,
1644 3721 1709 3791 quia
1737 3719 1803 3777 dum

108 3815 151 3865 tur
164 3811 337 3869 interlicere.
354 3814 449 3884 ltaque
469 3812 665 3870 monasterium
689 3812 829 3870 laborioso
851 3826 935 3883 opere
976 3813 1099 3883 ipsorum
1115 3809 1240 3867 consiliis
1263 3816 1361 3866 contra
1389 3822 1465 3866 suam
1493 3808 1662 3866 voluntatem
1688 3807 1801 3879 cedens,

108 3899 264 3968 perfectum
279 3899 413 3970 deliciunt
433 3915 521 3972 usque
545 3901 579 3958 ad
604 3899 821 3970 fundamentum,
847 3907 935 3959 toturn
975 3901 1129 3959 Saxombus
1138 3913 1217 3956 sunm
1228 3899 1371 3956 castellum
1381 3898 1467 3971 regali
1482 3912 1538 3956 non
1549 3904 1660 3970 sumptu
1671 3903 1802 3956 constru-

109 3988 271 4047 tbcsanrum
291 3990 330 4046 ibi
345 3998 518 4063 congestum,
541 3993 598 4049 sive
618 3992 691 4064 regis
714 3999 787 4048 esset
809 3993 866 4050 sire
885 4007 935 4050 ec·
977 3996 1051 4048 ctum
1081 3988 1205 4046 traderet
1234 3988 1450 4055 demoliendum,
1475 3987 1516 4044 llli
1541 4001 1597 4045 non
1612 3987 1711 4060 solum,
1726 3987 1801 4060 quod

108 4078 208 4150 clesiae,
225 4080 376 4149 diripiunt,
393 4093 539 4151 campanas
563 4081 723 4138 dulcisonas
746 4079 934 4154 confringunt,
977 4082 1019 4138 eis
1033 4079 1195 4151 permissum
1215 4083 1285 4147 erat,
1304 4077 1372 4134 illud
1396 4078 1547 4135 inhumano
1571 4091 1647 4135 more
1672 4078 1802 4135 destrue-

108 4165 191 4225 dlium
212 4169 292 4240 regis
319 4174 348 4225 et
377 4167 500 4238 fratrem,
530 4183 601 4240 quos
628 4171 668 4227 ibi
696 4177 836 4242 posuerat,
865 4171 936 4229 effo-
976 4176 1049 4239 rent,
1064 4170 1114 4226 sed
1128 4169 1242 4240 insuper
1261 4169 1457 4224 monasterium
1477 4171 1534 4224 ileo
1553 4171 1712 4238 sanctisque
1735 4181 1803 4225 con-

108 4255 195 4328 diunt,
216 4271 340 4328 ossaque
368 4272 464 4316 eorum
492 4260 566 4316 velut
589 4261 726 4330 quaslibet
748 4260 936 4319 immunditias
976 4262 1123 4327 serratum,
1158 4256 1274 4329 paganis
1305 4257 1440 4314 omnibns
1464 4257 1648 4326 crudeliores,
1677 4256 1801 4313 funditus

108 4345 284 4420 dispergunt,
302 4354 330 4403 et
357 4349 442 4404 nlelril
471 4349 582 4420 penitus
609 4351 669 4420 eius
688 4351 743 4408 loci
771 4365 933 4422 permanere
979 4348 1123 4404 diruerent
1137 4345 1178 4415 ¹¹⁸,
1198 4359 1355 4416 campanas,
1372 4345 1473 4400 calices
1492 4349 1520 4400 el
1539 4349 1630 4400 cetera
1655 4343 1690 4398 ad
1714 4345 1802 4400 bono-

108 4439 283 4506 permittunt.
980 4451 1037 4494 rem
1060 4436 1109 4492 Ilei
1132 4433 1251 4492 collecta
1277 4433 1352 4490 velut
1381 4430 1494 4504 profana
1522 4429 1738 4502 confringerent,
1758 4433 1802 4490 rel

141 4525 185 4583 34.
207 4527 266 4585 Sed
282 4540 406 4584 rexcum
434 4527 577 4584 castellum
605 4542 684 4585 suum
712 4529 753 4585 sie
780 4531 937 4600 agnovisset
977 4525 1070 4582 bostlli
1109 4523 1280 4596 predatione
1317 4522 1482 4593 diriperent,
1516 4520 1628 4577 fratrem
1661 4519 1802 4590 filiumque

109 4615 319 4684 adnlebilatum,
341 4629 439 4688 magno
455 4617 566 4687 quidem
586 4617 683 4676 dolore
699 4618 792 4674 cordis
807 4619 937 4674 intrinse·
977 4628 1067 4679 suum,
1099 4616 1246 4683 utrumqne
1280 4611 1385 4682 prolem
1420 4609 1533 4681 regiam,
1565 4608 1759 4664 miserabiliter
1787 4622 1802 4663 a

109 4717 155 4761 ens
169 4705 367 4772 conturbatus,
384 4705 433 4762 sed
444 4719 506 4762 eum
521 4705 597 4763 nullo
612 4704 767 4764 forinsecus
782 4707 861 4779 signo
872 4721 936 4778 pro·
977 4702 1113 4775 sepulcris
1128 4703 1231 4772 ejectos
1244 4700 1273 4757 in
1285 4705 1393 4757 rentum
1409 4698 1580 4755 membratim
1597 4697 1802 4768 dispergerent,

109 4799 234 4863 testatur,
252 4796 318 4864 quia
333 4795 502 4865 superfluum
523 4796 646 4866 putabat,
664 4796 707 4853 bis
726 4809 797 4868 quos
816 4796 937 4854 babebat
977 4799 1006 4849 et
1019 4791 1095 4864 quod
1114 4791 1158 4847 bis
1172 4789 1300 4848 ommibus
1315 4790 1402 4861 magis
1416 4794 1488 4845 esset
1513 4785 1671 4854 nefandum,
1689 4790 1804 4843 sancto-

109 4881 172 4940 odio
187 4884 317 4941 dolorem
336 4897 415 4940 suum
439 4889 604 4953 monstrare,
626 4899 687 4942 cum
709 4899 764 4942 non
789 4891 883 4956 posset
906 4888 935 4944 in
977 4896 1038 4940 rum
1066 4881 1197 4953 reliquias
1211 4881 1245 4936 ab
1264 4879 1398 4936 altaribus
1421 4877 1508 4933 sacris
1527 4876 1690 4932 execrandis
1713 4875 1802 4931 manl-

110 4983 204 5030 eormm
220 4972 368 5043 suppliciis
382 4972 416 5028 ad
432 4986 556 5044 praesens
574 4974 668 5032 odium
687 4989 767 5032 suram
793 4989 843 5045 pro
867 4976 937 5034 vella
979 4972 1032 5029 bus
1046 4977 1149 5039 erums,
1169 4969 1243 5026 velut
1263 4967 1453 5024 immunditias
1467 4965 1599 5036 quasdam
1620 4979 1669 5036 per
1689 4963 1803 5035 profana

110 5073 159 5117 suo
173 5067 314 5118 saturare.
330 5062 465 5120 Primates
487 5070 578 5120 autern
604 5065 742 5142 saxoniae,
773 5079 835 5122 cum
864 5064 938 5138 regis
979 5062 1040 5120 loca
1054 5060 1232 5131 dissiparent.
1250 5057 1299 5113 liis
1312 5057 1441 5114 omnibus
1460 5069 1522 5134 ¹non
1545 5055 1606 5112 sine
1625 5054 1701 5126 largo
1721 5055 1805 5110 fletu-

111 5151 232 5208 animnm
248 5151 353 5208 seirent
367 5153 577 5222 noninmerito,
601 5142 726 5225 quamvls
748 5155 809 5226 ipse
833 5155 938 5212 celaret
979 5150 1125 5225 peroratis,
1145 5147 1316 5220 singulorum
1346 5147 1432 5216 pedes
1460 5144 1590 5202 osculans
1613 5143 1710 5212 orarit,
1731 5147 1762 5199 ut
1780 5144 1804 5200 si

788 5273 900 5330 VARIAE
929 5267 1122 5329 bucularius,

113 5367 515 5495 112'25’·¹¹⁸⁰'¹{³{⁰⁰⁸b¹¹‘²h²'
555 5367 585 5400 ¹¹⁸
599 5367 639 5424 sio
653 5367 721 5426 illud
737 5384 765 5440 p.
785 5369 835 5427 lb.
876 5361 1090 5427 ¹¹⁸reiarctll.
1130 5360 1301 5421 ¹¹⁸confesse
1321 5362 1343 5418 l.
1385 5361 1415 5393 ¹¹⁸
1429 5367 1501 5419 mete
1523 5361 1547 5417 l.
1588 5361 1617 5392 ¹¹⁷
1632 5360 1761 5417 humilem
1776 5360 1803 5417 2.

178 5451 296 5495 rruerun
346 5483 353 5496 .

908 5513 1016 5570 NOTAE.

151 5579 216 5651 (27)
239 5580 301 5639 scll.
321 5582 471 5652 llamburg.
