4034 6152
147 315 215 374 1093
845 315 923 371 vlla
941 315 970 370 S.
991 313 1135 370 bnhllhl.
1760 311 1828 372 1094

144 440 262 514 plurima
277 444 411 496 terrarum
434 437 640 512 fundorumque
658 438 700 498 illi
719 437 901 498 conterebant
916 437 1123 509 do-Acapellae
1146 437 1323 497 donationem
1345 440 1374 498 in
1398 441 1463 500 villa
1485 443 1642 500 waurantis
1673 443 1757 514 ιιιιι,
1787 443 1829 501 di·

145 531 232 598 naria,
248 529 321 586 sicut
335 525 451 584 inferius
465 527 580 598 patebit.
1008 535 1130 584 stannea
1148 527 1236 584 Silbiu
1267 530 1395 587 ooenobio
1414 529 1472 588 lere
1495 537 1615 603 quatuor
1635 531 1797 590 milliaribus
1813 546 1829 587 a

251 622 315 675 Car.
331 619 363 673 v.
377 617 495 672 Traditio
511 618 543 673 de
557 616 621 674 nitio
635 619 667 674 de
686 617 859 674 worinhoud.
1009 617 1111 672 domno
1127 616 1239 673 bertino
1267 617 1418 675 secundum
1443 621 1533 690 ipsius
1557 621 1630 678 beati
1653 620 1705 676 viri
1728 622 1756 676 in
1775 621 1829 678 hoc

180 708 208 765 7.
228 705 262 779 (8)
286 707 352 762 Post
381 705 541 775 praedictam
570 706 651 762 etiam
679 706 845 764 venerabilis
868 719 970 762 memo·
1010 706 1153 776 privilegio
1166 713 1292 778 rogatum
1303 707 1402 764 exinde
1417 709 1588 779 deportatus,
1605 710 1633 765 iu
1644 710 1831 780 suprascripta

145 799 194 856 riae
217 796 350 854 hdroaldi
374 795 561 863 traditionem,
578 811 632 867 qua
651 811 680 852 se
706 797 734 852 in
759 796 883 867 ejusdem
913 795 968 852 loci
1009 794 1134 864 basilica,
1150 801 1213 851 ante
1227 796 1313 852 altam
1327 804 1429 854 sanetae
1449 799 1497 854 bei
1515 799 1663 854 Genitricis
1677 805 1718 855 est
1733 798 1830 854 huma-

146 886 363 944 construcliouis
386 885 520 955 primitias
544 887 662 955 primum
687 885 822 952 exhibuit,
856 885 968 956 quidam
1010 890 1064 950 tus,
1084 898 1117 940 ac
1140 883 1271 954 deinceps
1293 884 1353 956 ipsa
1376 885 1490 942 basilica
1518 887 1619 943 domno
1645 888 1757 944 bertino
1780 886 1833 944 luit

146 976 283 1048 predives
301 977 466 1031 lleremarus
489 989 546 1031 suae
575 975 755 1046 proprietatis
780 975 870 1032 villam
905 977 970 1030 Wo-
1010 971 1131 1028 subdita.

146 1067 257 1123 mnboud
275 1063 318 1137 (9)
339 1064 451 1133 dictam,
467 1065 524 1120 beo
539 1072 691 1136 sanctoque
712 1065 824 1122 bertino
840 1064 967 1120 eontulit.
1048 1058 1090 1115 10.
1110 1062 1214 1133 Largus
1228 1062 1312 1133 igitur
1325 1063 1460 1121 bonorum
1471 1077 1586 1134 operum
1601 1065 1753 1122 retributor
1767 1078 1833 1122 con·

147 1155 198 1224 Qui
226 1154 335 1211 scilicet
363 1153 460 1210 beatus
482 1154 524 1210 vir
548 1159 687 1211 mutorum
710 1154 811 1211 divinae
834 1153 970 1224 largitatis
1011 1155 1056 1216 tra
1080 1149 1233 1207 diabolicas
1253 1154 1448 1222 persuasiones
1475 1153 1639 1212 indefessam
1667 1156 1709 1211 sui
1737 1155 1833 1212 militis

148 1245 336 1315 impensurum
351 1255 406 1299 nou
425 1242 560 1314 ingratus,
576 1243 712 1314 quidquid
732 1243 816 1300 sibia
836 1244 884 1298 bei
904 1256 971 1298 con·
1010 1239 1113 1294 bertini
1142 1242 1281 1310 aspiciens
1299 1256 1418 1314 pugnarn
1445 1241 1529 1314 [ocnli
1550 1244 1617 1299 entim
1642 1243 1746 1300 Domini
1760 1243 1834 1314 aspi·

147 1333 287 1392 ferebatur
301 1332 440 1402 iidclibus,
465 1347 559 1389 eorum
589 1334 672 1389 saluti
701 1346 796 1388 revera
823 1330 971 1388 consulens
1011 1329 1088 1385 ciunt
1110 1343 1189 1402 super
1209 1329 1306 1400 jnstos,
1334 1342 1359 1386 ct
1385 1345 1463 1387 nores
1490 1332 1545 1402 eins
1573 1333 1601 1387 in
1627 1347 1719 1404 preces
1744 1347 1833 1388 eorum

148 1422 276 1494 supernis
303 1420 420 1478 sancivit
447 1422 553 1478 usibus.
575 1422 643 1478 Nam
666 1421 695 1478 in
720 1421 855 1493 praedicto
883 1419 970 1477 fundo
1011 1416 1093 1489 (Psoi.
1108 1433 1186 1486 xxviv,
1214 1418 1286 1490 16)],
1311 1433 1492 1491 magnamque
1517 1420 1634 1490 ejusde
1659 1419 1756 1476 ovibus
1779 1419 1832 1476 sibi

149 1517 273 1572 sanctum
296 1512 462 1569 winnocum
486 1525 502 1566 a
525 1524 612 1582 puero
638 1524 687 1568 sua
704 1510 851 1581 disciplina
864 1510 970 1567 instru·
1012 1507 1126 1565 creditis
1140 1508 1250 1564 intuens
1273 1523 1377 1578 curam,
1401 1508 1527 1566 almificis
1550 1524 1612 1568 eum
1627 1510 1760 1582 signisac
1779 1512 1834 1567 nir·

149 1607 222 1659 ctum
238 1614 299 1657 cum
314 1602 375 1670 ejus
394 1600 456 1657 aliis
479 1599 715 1656 commilitonibus
738 1599 849 1669 direxit,
870 1599 971 1670 quibus
1012 1597 1118 1652 tutibus
1149 1597 1323 1668 glorificavit,
1352 1598 1387 1655 de
1415 1600 1527 1669 quibus,
1562 1598 1672 1656 lavante
1704 1599 1831 1668 bomino,

150 1697 180 1748 ut
194 1691 229 1747 ad
254 1703 405 1762 pauperum
431 1689 618 1761 receptionem
645 1689 741 1746 cellam
770 1688 970 1759 ecclesiamque
1012 1699 1099 1756 pauca
1112 1686 1293 1756 subsequenti
1308 1686 1480 1744 narrabimus
1492 1701 1631 1745 sermone.

112 1839 115 1846 ,
149 1780 178 1836 ιι
191 1780 298 1837 honore
312 1780 340 1835 S.
356 1778 465 1834 llartini
490 1777 659 1834 edificarent
676 1778 759 1850 jussit
776 1797 782 1834 :
799 1777 873 1848 quod
893 1779 1003 1847 prae-B
1164 1777 1228 1832 Car.
1244 1777 1300 1832 llll.
1324 1777 1441 1834 lboditio
1462 1775 1591 1834 walberti
1606 1774 1680 1848 (ιο).

150 1869 218 1926 dicti
232 1868 283 1925 viri
302 1869 446 1924 unanimes
460 1867 489 1924 in
513 1868 629 1924 Domino
653 1868 768 1924 instanti
783 1867 878 1924 labore
898 1881 970 1924 com·
1049 1861 1091 1916 ll.
1112 1864 1175 1918 Fuit
1193 1863 1277 1935 igitur
1295 1865 1406 1934 quidam
1430 1867 1472 1922 vir
1491 1865 1598 1928 nobilis,
1622 1864 1792 1921 honorificus
1806 1872 1833 1921 et

151 1957 294 2029 piaverunt
319 1964 442 2029 tempore
470 1956 592 2013 modico.
617 1957 725 2014 statuto
750 1957 832 2014 etiam
855 1955 970 2012 lratrum
1011 1954 1270 2010 comessecundum
1290 1968 1385 2011 vanam
1406 1954 1594 2026 hujussaeculi
1611 1955 1834 2027 dignitatemno·

151 2045 354 2113 conventiculo,
391 2059 471 2102 suum
500 2045 530 2101 in
558 2045 633 2102 omui
656 2045 810 2102 sanctitatis
838 2043 971 2101 exercitio
1012 2042 1084 2098 mine
1113 2043 1281 2112 walbertus,
1311 2057 1382 2101 uxor
1399 2058 1465 2101 vero
1484 2046 1544 2115 ejus
1570 2044 1756 2116 Regentrudis
1782 2042 1835 2102 init

151 2136 279 2194 emulum
307 2135 483 2206 discipulum,
513 2141 637 2192 saumum
669 2134 778 2192 scilicet
806 2135 970 2191 winnocum
1012 2137 1179 2201 nuncupata.
1209 2133 1279 2187 lluic
1306 2147 1371 2189 vero
1395 2132 1555 2190 waulberto
1583 2141 1612 2190 et
1637 2133 1747 2206 conjugi
1775 2147 1833 2190 sua

152 2224 287 2298 prefecit,
312 2226 377 2296 quia
400 2225 434 2282 de
450 2226 510 2294 ejus
537 2225 592 2282 vita
607 2229 635 2281 et
649 2224 772 2282 moribus
791 2237 846 2280 non
863 2223 972 2281 dubita·
1013 2226 1091 2288 paler
1115 2219 1320 2290 confessionum
1346 2221 1399 2290 (ll)
1430 2222 1527 2279 beatus
1551 2220 1602 2278 luit
1624 2224 1761 2289 bertinus,
1783 2235 1835 2279 nec

151 2315 209 2384 bat,
235 2329 316 2386 quem
340 2327 433 2370 secum
465 2313 499 2368 ab
532 2313 647 2368 inlantia
676 2315 728 2369 suh
751 2314 893 2370 [lominica
912 2327 971 2368 mo·
1012 2321 1068 2364 non
1093 2315 1120 2365 ιι
1144 2315 1287 2380 compater
1313 2309 1365 2366 luit
1389 2311 1540 2367 secundum
1559 2311 1654 2368 saecvffi
1669 2310 1834 2367 laudabilem

151 2405 263 2460 nasterii
288 2401 383 2458 schola
409 2402 553 2458 nutrierat.
583 2401 686 2456 laliter
708 2414 774 2472 ergo
793 2403 824 2456 b.
845 2402 972 2457 bertinus
1013 2397 1096 2452 ritum
1120 2397 1194 2454 inter
1221 2397 1392 2455 Christianos
1423 2399 1458 2455 ad
1487 2399 1679 2472 conjungenda
1705 2398 1835 2456 iraternae

152 2494 274 2550 omnium
293 2490 483 2548 cenobiorum
506 2491 707 2547 tarvennensis
727 2490 861 2546 territorii
875 2497 972 2546 auctor
1014 2485 1157 2542 charitatis
1180 2485 1284 2544 lmdera
1315 2493 1516 2544 conservatum.
1541 2490 1640 2545 beatus
1664 2489 1748 2560 igitur
1771 2491 1836 2545 ber·

152 2587 180 2636 et
194 2588 273 2651 pater
295 2580 410 2647 exstitit,
426 2584 558 2648 tantoque
582 2579 705 2650 germine
728 2579 756 2634 in
771 2584 903 2651 provectu
922 2581 973 2635 Ec·
1014 2577 1089 2630 tinus
1116 2577 1242 2646 utrisque
1270 2577 1382 2650 verbum
1412 2591 1486 2647 saepe
1510 2577 1679 2647 predicabat
1701 2579 1835 2634 divinum.

152 2668 245 2724 clesie
264 2667 365 2724 Christi
384 2665 568 2724 lructillcavit.
579 2667 693 2724 Omissis
707 2667 818 2724 ιιιιιιιι
833 2667 971 2734 omnibus,
1014 2667 1188 2735 Quapropter
1202 2665 1264 2734 pins
1278 2666 1319 2722 vir
1337 2665 1487 2736 praedictus
1501 2667 1658 2724 walbertus
1673 2667 1708 2724 ab
1721 2668 1751 2722 lt.
1772 2668 1838 2723 ber-

153 2765 255 2829 quanta
281 2757 417 2812 industria
444 2764 543 2812 cuncta
576 2758 732 2813 necessaria
760 2756 823 2813 loco
852 2757 973 2827 propria
1016 2755 1102 2810 tinum
1121 2769 1196 2825 saepe
1223 2755 1317 2810 venire
1340 2755 1457 2821 solebat,
1474 2763 1505 2811 ιιι
1525 2770 1542 2811 a
1565 2756 1647 2812 beato
1667 2758 1725 2814 viro
1745 2756 1838 2813 divina

154 2845 332 2904 habitationis
346 2846 451 2904 curavit
466 2846 623 2918 providere,
644 2847 824 2916 subsequenti
849 2848 974 2903 narrabi-
1017 2850 1155 2914 praecepta
1174 2843 1292 2913 audiret,
1317 2851 1344 2900 ιι
1364 2852 1395 2900 nt
1415 2858 1525 2900 asacro
1545 2847 1605 2915 ejus
1619 2859 1668 2902 ore
1687 2853 1751 2916 post
1765 2859 1839 2902 com·

155 2935 291 2992 turserie.
1016 2934 1229 2989 manicationom
1256 2932 1382 3002 corporis
1410 2939 1438 2989 et
1465 2935 1607 3005 sanguinis
1634 2935 1736 2991 Christi
1761 2948 1837 2992 more

255 3026 319 3082 Cur.
340 3025 384 3080 ιιι.
405 3022 523 3092 Qualiter
537 3025 709 3080 caemeterium
724 3023 872 3096 acquisivit.
1017 3021 1229 3078 benediceretur
1247 3021 1341 3078 solito.
1352 3023 1472 3089 Quadam
1487 3023 1572 3094 igitur
1586 3024 1631 3079 die
1646 3025 1680 3080 ad
1696 3023 1837 3080 basilicam

190 3113 217 3169 8.
233 3113 365 3170 Omnibus
394 3112 478 3184 igitur
509 3113 662 3169 commodis
690 3112 813 3182 ejusdem
845 3110 900 3168 loci
931 3110 1118 3170 suiCsanctae
1133 3112 1181 3167 bei
1200 3111 1344 3181 genitricis
1357 3125 1520 3182 semperque
1535 3112 1654 3184 Virginis
1668 3113 1770 3180 llariae,
1791 3114 1838 3170 ubi

155 3203 285 3260 iratribus
300 3202 470 3273 perquisitis,
488 3203 674 3258 caemeterium
691 3215 787 3271 parare
803 3215 858 3260 non
874 3201 974 3272 potuit,
1018 3201 1099 3256 etiarn
1123 3201 1153 3255 Β.
1178 3201 1306 3256 bertinus
1328 3202 1355 3256 S.
1384 3200 1569 3258 audomarum
1584 3202 1721 3272 sepelivit,
1737 3217 1837 3273 supra-

157 3293 196 3350 uti
211 3294 238 3348 in
255 3292 364 3363 palude.
385 3294 473 3362 Super
487 3304 541 3361 qua
556 3305 586 3346 re
601 3291 644 3346 sui
657 3292 684 3346 in
699 3290 827 3347 omuibus
841 3291 976 3360 adjutoris
1017 3289 1109 3346 dictus
1144 3289 1302 3346 walbertus
1336 3289 1460 3357 veniens,
1498 3291 1656 3361 ibidemque
1686 3293 1839 3350 orationem

155 3381 249 3439 dilecti
270 3381 317 3437 bei
340 3381 471 3438 antistitis
496 3379 646 3436 audomari
674 3380 819 3440 utensilium
845 3385 873 3435 ιι
896 3394 976 3450 opem
1018 3378 1170 3448 complens,
1190 3378 1282 3448 aliqha
1304 3393 1366 3435 eum
1391 3380 1556 3435 necessitate
1575 3381 1667 3437 subito
1681 3383 1840 3438 retrahente
1902 3366 1907 3374 ’

156 3485 212 3528 ιιι
226 3469 334 3527 distulit
348 3483 483 3540 quaerere.
508 3469 559 3536 Qui
584 3469 734 3540 praeclarus
753 3467 876 3539 pontiier
895 3469 977 3525 solita
1017 3468 1052 3524 ab
1065 3467 1176 3524 beatum
1200 3467 1320 3538 vlcglenit
1343 3468 1437 3524 venire
1461 3469 1613 3538 bertinum,
1633 3470 1682 3526 sed
1703 3471 1738 3527 ad
1762 3485 1839 3528 suam

155 3561 297 3618 charitatis
319 3559 407 3617 adluit
431 3559 612 3628 exhibitione,
637 3560 751 3629 ejusque
771 3558 888 3615 consilio
904 3571 977 3614 com·
1018 3556 1157 3628 propriam
1188 3556 1297 3612 incaute
1324 3563 1495 3614 remeaverat
1522 3557 1643 3614 domum.
1669 3561 1745 3616 lunc
1773 3575 1840 3616 suus

156 3651 294 3708 municatu
324 3655 352 3706 et
379 3649 485 3717 labore,
518 3647 593 3706 fossa
620 3649 745 3705 ambiens
777 3647 975 3713 caemeterium,
1018 3645 1171 3716 discipulus
1185 3646 1296 3702 nomine
1319 3645 1396 3702 bodo
1420 3647 1502 3703 beato
1518 3648 1652 3705 nuntiavit
1670 3650 1782 3706 Βιιιιιι
1797 3649 1839 3706 di-

156 3739 244 3798 eidem
261 3739 389 3798 cenobio
399 3738 573 3795 consecravit
583 3738 612 3793 in
628 3737 756 3808 predicti
771 3737 851 3794 collis
861 3737 974 3804 verlice,
1018 3735 1109 3790 cando
1121 3754 1127 3790 :
1141 3751 1155 3786 ι
1166 3733 1250 3790 Valde
1260 3735 1737 3810 venerabilisPater,admir0rquod
1748 3746 1839 3796 vester

156 3835 314 3887 consimacta
329 3829 357 3884 in
373 3830 432 3898 ejus
447 3827 539 3884 medio
554 3826 668 3883 basilica
683 3827 710 3882 in
723 3827 901 3883 veneratione
915 3839 978 3881 san·
1018 3822 1108 3880 tidelis
1122 3823 1151 3878 in
1161 3823 1270 3880 Christo
1284 3825 1389 3882 amiens
1398 3825 1556 3883 walbertus
1570 3827 1598 3882 in
1613 3829 1739 3897 proximo
1759 3829 1840 3887 nobis

124 3955 126 3960 ,
156 3924 209 3976 ctae
220 3919 269 3974 llei
281 3917 424 3990 genitricis
441 3916 543 3972 blariae.
562 3918 646 3984 Quam
671 3916 809 3972 communi
828 3915 978 3986 perlectam
1018 3911 1102 3970 hodie
1116 3912 1171 3968 iter
1184 3913 1289 3969 iaciens
1301 3913 1361 3970 sine
1376 3919 1474 3972 vestrae
1489 3915 1693 3974 benedictionis
1706 3919 1840 3988 petitione

156 4020 241 4078 opere
255 4008 283 4064 S.
303 4006 415 4063 bertino
425 4007 540 4075 eiusque
555 4004 703 4061 coenobitis
717 4004 856 4061 concessit
870 4004 978 4075 integre
1019 4000 1056 4058 nd
1071 4015 1147 4058 suam
1165 4002 1318 4060 insolenter
1332 4005 1455 4074 perrexit
1469 4006 1591 4065 domum.
1608 4023 1623 4064 n
1639 4010 1715 4066 lunc
1728 4016 1841 4067 sanctus

156 4109 229 4153 anno
254 4095 457 4152 sexcentesimo
480 4094 649 4166 sexagesimo
668 4093 869 4151 incarnationis
887 4093 979 4150 bomi-
1019 4089 1121 4146 Christi
1136 4089 1278 4148 confessor
1296 4093 1424 4150 bertinus
1441 4095 1606 4166 prophetico
1623 4097 1723 4169 spiritu
1742 4098 1842 4170 plenus

157 4185 238 4253 nice,
258 4184 435 4242 donationem
454 4197 531 4240 suam
555 4182 721 4240 confirmans
739 4181 810 4239 lacta
830 4196 880 4252 per
898 4181 979 4252 privi·
1020 4179 1155 4249 praedicto
1178 4181 1216 4236 ait
1243 4179 1404 4253 discipulo:
1422 4187 1616 4258 uhnteqnam,
1640 4187 1689 4254 illi,
1714 4187 1748 4244 ad
1763 4202 1840 4246 suam

157 4272 222 4346 legii
250 4273 464 4344 descriptionem
491 4272 650 4340 traditione,
670 4273 700 4328 iu
718 4286 772 4342 qua
802 4286 832 4328 se
855 4272 979 4342 ejusdem
1020 4269 1177 4326 walbertus
1195 4272 1336 4341 perveniat
1350 4272 1472 4340 domum,
1495 4275 1630 4345 adquam
1650 4289 1724 4332 nunc
1738 4290 1841 4346 prope·

156 4363 231 4420 beati
252 4362 342 4420 Patris
366 4366 584 4432 cunctorumque
608 4359 723 4418 fratrum
742 4361 794 4417 sub
807 4362 868 4430 ejus
887 4368 979 4432 patro·
1020 4359 1107 4416 rando
1122 4357 1251 4415 secredit
1265 4359 1320 4414 cito
1336 4372 1397 4414 esse
1411 4367 1566 4428 venturum,
1587 4361 1665 4418 valde
1684 4363 1840 4433 poenitebit,

158 4453 232 4509 cinio
264 4453 319 4509 beo
354 4451 533 4508 servientium
564 4450 737 4508 orationibus
765 4439 1095 4520 commendavit,unod
1110 4447 1263 4504 hodiesine
1276 4453 1379 4504 nostrae
1392 4447 1596 4507 benedictionis
1609 4465 1722 4508 munere
1737 4453 1772 4509 de
1787 4453 1841 4511 hoc

157 4541 292 4612 petiitque
307 4545 336 4596 ut
360 4540 389 4597 ln
413 4539 510 4597 eodem
534 4539 704 4606 caemeterio,
725 4552 758 4594 eo
782 4539 869 4596 totius
887 4541 979 4596 earnis
1022 4537 1143 4608 perrexit
1156 4536 1347 4604 loco.nQuod
1357 4538 1509 4595 secundum
1519 4538 1594 4595 beati
1607 4539 1658 4597 viri
1669 4541 1842 4610 praescientis

157 4631 229 4688 viam
256 4630 391 4701 ingresso,
423 4642 525 4699 corpus
553 4627 677 4684 exanime
712 4626 868 4685 humarent.
897 4630 981 4700 Cujus
1021 4625 1133 4682 verbum
1155 4623 1269 4682 ellectus
1293 4627 1420 4698 probavit
1434 4628 1484 4683 rei.
1505 4628 1608 4685 Eodem
1627 4629 1701 4686 enim
1719 4631 1764 4687 die
1779 4637 1842 4702 post

158 4717 294 4790 privilegii
323 4718 465 4790 exemplar
490 4717 536 4775 hic
568 4717 721 4774 inscribere
751 4717 915 4786 curavimus,
940 4717 981 4774 uti
1020 4715 1088 4772 solis
1107 4727 1234 4772 occasum
1250 4717 1363 4772 nuntius
1386 4716 1557 4775 awalberto
1585 4718 1718 4776 velociter
1745 4733 1843 4776 secun·

158 4809 373 4879 tunctemporis
387 4823 402 4864 a
417 4805 531 4878 praelato
554 4807 656 4864 Christi
684 4805 802 4878 presule
824 4805 980 4864 audomaro
1021 4805 1086 4862 dum
1105 4805 1210 4862 domini
1233 4807 1276 4862 sui
1300 4811 1469 4877 preceptum
1493 4807 1642 4878 equitando
1670 4809 1705 4864 ab
1733 4808 1842 4865 beatum

157 4894 261 4954 iactum
274 4897 441 4968 accepimus.
1020 4895 1096 4951 venit
1117 4895 1267 4961 bertinum,
1288 4889 1435 4966 statimque
1456 4903 1601 4967 postquam
1625 4898 1660 4953 ad
1684 4897 1772 4953 sancti
1792 4897 1843 4954 viri

225 4984 372 5058 Exemplar
390 4985 489 5040 chordae
502 4985 534 5041 S.
551 4984 697 5040 audomari
711 4983 744 5038 de
760 4984 915 5040 coemeterio.
1022 4984 1196 5054 praesentiam
1211 4982 1296 5052 veuit,
1312 4985 1372 5054 ejus
1386 4987 1547 5056 provolutus
1574 4986 1706 5057 vestigiis,
1727 4987 1843 5042 tremula
1938 5043 1940 5048 .

159 5075 209 5148 (bx
235 5075 407 5132 Chartulario
436 5074 574 5144 Folqnini,
599 5075 626 5128 S.
651 5072 756 5129 bertini
787 5074 925 5132 monachi.
946 5103 981 5116 -
1021 5074 1056 5130 ad
1070 5088 1132 5130 eum
1146 5075 1185 5129 ait
1199 5087 1284 5130 voce:
1303 5075 1715 5143 ubornine,vesterbenevolus
1729 5076 1844 5132 inChri·

236 5165 299 5220 Vide
318 5163 477 5234 Potrolopto
495 5168 558 5220 tom.
574 5164 735 5228 CXXXVI,
751 5162 801 5219 col.
821 5161 909 5233 1189.)
1021 5168 1065 5219 ιιι
1081 5164 1186 5219 amicus
1208 5163 1365 5220 walbertus
1392 5165 1475 5222 modo
1500 5165 1528 5220 in
1553 5165 1673 5222 conlinio
1701 5165 1799 5221 mortis
1817 5171 1845 5222 et
1907 5173 1908 5176 ’

194 5253 222 5310 9.
243 5255 330 5325 igitur
353 5253 506 5310 decedente
528 5252 629 5308 domno
656 5251 814 5308 audomaro
838 5254 980 5324 episcopo,
1022 5253 1085 5310 vitae
1101 5254 1208 5324 positus
1231 5267 1280 5310 vos
1300 5255 1329 5310 in
1352 5255 1401 5310 bei
1421 5255 1543 5325 postulat
1558 5255 1679 5322 nomine,
1695 5262 1725 5311 ut
1740 5269 1791 5326 pro
1809 5269 1843 5312 eo

159 5343 301 5415 trigesimo
326 5343 423 5422 quinto
448 5355 520 5398 anno
549 5345 612 5412 post
642 5340 768 5411 praedicti
788 5343 939 5399 coenreterii
953 5348 981 5400 et
1022 5344 1173 5400 secundum
1196 5343 1304 5399 solitam
1328 5349 1427 5401 vestrae
1454 5344 1597 5401 charitatis
1621 5345 1750 5415 pietatem
1765 5346 1845 5403 mise·

196 5465 227 5609 {8
264 5537 418 5596 Wovimholl
433 5538 576 5595 diciturin
595 5537 655 5593 Vita
669 5538 697 5593 s.
714 5537 842 5596 winnoci
856 5537 927 5595 inlra
946 5538 980 5595 ad
1064 5539 1123 5610 (ll)
1146 5539 1348 5597 Conlessarium
1376 5547 1498 5599 vocant:
1519 5557 1574 5614 quo
1600 5544 1635 5600 de
1658 5555 1771 5600 munere
1794 5557 1843 5600 seu

160 5620 226 5664 auu.
246 5608 310 5664 717.
1023 5608 1115 5668 olllcio
1129 5611 1191 5683 lege
1205 5611 1396 5684 prelationem
1415 5614 1480 5671 huic
1491 5614 1593 5672 ιιιιιι
1608 5614 1758 5687 prensam.

211 5465 242 5609 93
256 5467 338 5523 beest
352 5467 406 5524 hoc
421 5465 572 5536 capitulum
587 5465 615 5520 in
629 5465 745 5536 antiquo
756 5467 908 5539 huonymo.
1060 5466 1121 5540 (ιιι)
1139 5468 1278 5525 verbatim
1292 5483 1327 5526 ex
1340 5469 1455 5541 antiquo
1468 5474 1621 5543 hnonymo.
