4160 6196
222 279 278 368 ,ιι
784 276 931 346 ioannes
949 273 1105 355 ascune.
1126 277 1388 354 noronmnnssrs
1488 337 1491 344 Δ
1898 275 1930 335 ιι

245 404 299 462 sibi
313 401 425 461 dolebat
439 401 579 474 deperire.
594 399 686 459 Finito
709 401 803 472 itaque
825 404 909 473 Kprie
923 417 984 458 cum
999 403 1210 470 duo-Aratur;
1229 406 1290 473 jure
1320 403 1372 458 hoc
1396 402 1423 457 in
1446 404 1505 471 ipsa
1530 403 1602 458 nube
1617 401 1844 472 portendebatur.
1861 401 1931 456 Hinc

246 495 298 551 bns
320 492 465 564 rhythmis,
491 497 588 557 exacto
611 491 703 549 Gloria
726 491 753 546 in
777 490 889 546 cacano
903 493 969 560 Dee,
994 492 1069 562 qnod
1112 507 1210 562 nempe
1225 491 1424 548 insensibiliter
1447 489 1596 546 furentium
1615 491 1739 546 nubilum
1755 491 1829 546 velut
1842 489 1932 545 fumus

246 583 397 653 inceptum
421 581 455 637 ab
469 582 569 637 abbate
584 580 723 637 Richardo
739 581 861 649 sagiensi
877 573 1070 637 chorus'cele·
1112 581 1275 647 ascendens,
1292 581 1392 635 divine
1417 580 1513 649 gratie
1537 593 1664 635 serenum
1693 579 1844 634 turbabat:
1868 578 1933 633 hinc

246 673 366 728 berrlme
380 669 469 726 fuerat
488 674 707 726 exsecutnscum
731 667 858 723 laudibus
873 668 931 732 suls
951 668 991 740 (id
1006 683 1072 726 vero
1113 685 1223 728 manum
1251 669 1358 726 Domini
1383 675 1459 724 reatu
1488 671 1611 738 ipsorum
1635 670 1669 724 ad
1692 668 1845 724 feriendum
1865 681 1934 737 pro-

247 769 334 819 totum
347 759 555 830 expendebatur
569 759 598 814 in
617 756 823 829 praestolatione
843 757 1071 830 archipresulis),
1113 766 1237 815 vocatam
1255 766 1367 814 sanctus
1393 757 1542 814 andoenus
1561 758 1667 813 meritis
1686 758 1743 813 suis
1762 756 1932 828 protegendo

248 864 313 908 ecce
328 849 447 906 accurrit
471 847 500 904 in
524 847 609 907 turbo¹
625 845 806 915 tempestatis,
831 858 940 901 omnem
959 846 1074 903 conlun·
1114 848 1283 904 continebat.
1312 847 1390 902 Dicto
1422 847 1461 901 nil
1490 847 1610 916 subripit
1638 847 1712 917 quod
1748 845 1900 916 refragetur
1925 865 1931 900 :

249 941 318 997 dens
341 939 456 1010 gratiam
475 936 551 993 illius
573 933 751 992 celebritatis.
777 934 963 1016 llielnamque
988 941 1072 994 totam
1114 944 1218 994 tantum
1238 937 1309 992 ratio
1328 935 1388 1004 ipsa
1411 949 1427 991 a
1455 941 1514 993 toto
1534 937 1659 1006 pendens
1677 935 1850 1006 suffragatur.
1880 933 1935 1004 lpsi

249 1028 349 1086 mentis
363 1027 578 1098 indignationem
604 1022 695 1078 animo
723 1023 895 1092 concipiens,
915 1025 990 1093 quod
1018 1038 1073 1081 non
1114 1039 1190 1092 sane,
1211 1028 1290 1095 cujus
1313 1026 1453 1094 patientie
1483 1025 1519 1079 sit
1534 1025 1688 1081 altissimus
1707 1024 1842 1090 redditor,
1858 1023 1937 1078 esti-

249 1130 445 1188 nsqnequaqne
464 1113 560 1170 fnisset
583 1117 768 1182 exspectatus,
790 1112 876 1168 torvis
899 1113 998 1180 oculis,
1024 1126 1073 1170 ore
1114 1129 1188 1170 mare
1207 1113 1341 1180 licuisset,
1361 1115 1388 1168 ni
1413 1127 1442 1168 se
1461 1115 1490 1168 in
1513 1128 1561 1170 sua
1584 1113 1736 1183 pertinacia
1762 1113 1936 1168 continensa

248 1205 397 1263 furibundo
412 1202 518 1259 cunctis
532 1200 693 1267 maledlxlt;
719 1213 924 1270 conversusque
948 1201 1004 1258 ιιι·
997 1216 1074 1271 rpsos
1115 1203 1337 1260 consideratione
1369 1203 1485 1258 rationis
1516 1203 1636 1257 animum
1675 1206 1840 1257 revocasset
1882 1198 1935 1255 Sed

249 1294 399 1352 monachos
417 1289 674 1355 excommunicavit,
704 1303 738 1345 ex
771 1291 936 1347 auctoritate
969 1291 1017 1346 liei
1046 1295 1074 1346 et
1114 1292 1297 1362 animositatis
1324 1306 1384 1360 ens
1407 1291 1561 1377 immanitas
1586 1304 1641 1358 non
1666 1291 1772 1345 destitit
1787 1303 1820 1345 eo
1837 1303 1935 1359 nsque,

249 1399 299 1442 sua
317 1381 436 1439 offcium
463 1391 587 1450 presens
605 1377 774 1434 interdicens
798 1393 905 1434 cessare
924 1377 1000 1446 ιιιιι,
1021 1381 1072 1435 ab·
1115 1396 1171 1451 qno
1185 1397 1214 1436 se
1236 1371 1368 1436 invehens
1382 1381 1462 1436 irruit
1486 1381 1514 1436 in
1529 1395 1569 1436 se.
1598 1382 1685 1451 lgitur
1699 1380 1853 1435 vicecomes
1867 1378 1950 1433 civi·‘
2042 1365 2048 1374 ¹

250 1474 339 1530 batem
367 1471 401 1526 ab
420 1469 500 1524 altari
529 1467 659 1537 evellens,
680 1467 765 1523 divini
789 1467 908 1524 officinm
928 1469 1073 1524 ministerii
1115 1470 1180 1525 tatis
1201 1471 1439 1540 archiepiscopum
1463 1471 1503 1524 sic
1532 1470 1746 1525 circumventum
1764 1475 1794 1524 ut
1822 1467 1936 1534 audivit,

250 1560 403 1634 prohibuit.
419 1557 546 1614 lloeroris
564 1561 623 1613 erat
645 1556 756 1627 plenum
772 1563 800 1613 et
818 1558 940 1627 stuporis
958 1569 1074 1613 cernere
1115 1561 1218 1615 veritus
1240 1559 1361 1629 nequid
1390 1559 1574 1614 inconsultius
1602 1557 1764 1614 ιιιιιιιι
1757 1571 1846 1627 rpsum
1875 1569 1938 1626 age-

250 1652 335 1705 tante
349 1645 449 1702 festum
469 1644 584 1712 letitie,
605 1648 647 1700 lot
670 1650 697 1699 ct
716 1647 805 1700 ιιιιιι
823 1659 905 1700 voces
927 1659 986 1700 eam
1006 1659 1076 1714 pre·
1116 1653 1202 1714 retur,
1231 1651 1260 1702 et
1291 1647 1349 1715 ipse
1382 1651 1445 1715 post
1479 1660 1559 1702 noxe
1586 1654 1767 1716 argueretur,
1792 1643 1936 1699 militarem

250 1741 384 1794 conantes
408 1735 437 1790 in
455 1733 576 1790 subitum
596 1732 734 1790 silentium
754 1734 934 1816 obmutuisse.
958 1733 1020 1804 lpse
1038 1727 1238 1808 adBmanum
1254 1735 1338 1814 cogit,
1372 1735 1446 1804 regis
1473 1723 1593 1791 bannum
1621 1735 1749 1791 omnihus
1777 1732 1935 1803 pretendit,

251 1823 445 1894 complendum
473 1836 502 1878 se
524 1819 644 1877 officinm
672 1829 839 1891 preparat:
873 1821 983 1877 clericis
1006 1821 1088 1888 ιιιι,
1104 1805 1258 1894 suppetias
1285 1824 1422 1878 accurrit
1417 1823 1497 1892 ,jam
1526 1823 1565 1879 nil
1593 1823 1784 1889 reluctantem,
1806 1823 1860 1876 imo
1884 1820 1937 1875 sihi

250 1919 320 1971 uta
350 1912 413 1968 loco
440 1911 562 1980 incoepto
592 1914 766 1980 peragerent,
786 1911 913 1980 imperat.
938 1910 1011 1966 Nihil
1031 1911 1077 1966 hic
1117 1914 1228 1983 penitus
1258 1909 1426 1966 diffidentem
1447 1911 1571 1980 periculo
1591 1911 1695 1965 eximit.
1716 1912 1752 1965 lis
1772 1909 1937 1965 tumultuum

250 2002 422 2059 reticendum
440 1998 499 2057 fore
526 2011 681 2066 censemus,
702 1999 777 2068 quod
807 1999 872 2055 dnm
901 1997 981 2054 alteri
1001 1998 1074 2067 parti
1117 2002 1265 2058 dementiis
1283 2005 1378 2056 exacta
1398 2006 1440 2054 est
1459 1999 1518 2054 dies
1537 2003 1620 2055 tante
1640 1998 1819 2054 celebritatis.

250 2089 366 2147 favendo
394 2087 607 2153 dissimulamus,
636 2086 717 2143 alleri
742 2092 829 2142 totum
848 2087 1009 2158 derogando
1028 2087 1077 2141 im·
1155 2109 1169 2142 n
1188 2091 1314 2146 AEstimet
1333 2090 1380 2159 qni
1395 2089 1467 2144 valet
1486 2103 1547 2159 que
1566 2087 1651 2143 facies
1670 2094 1734 2143 tnnc
1753 2086 1836 2142 inerit
1854 2086 1939 2144 curie

251 2185 348 2251 putare
366 2176 517 2234 videamur.
538 2178 637 2232 Verum
661 2173 721 2231 falsi
746 2175 940 2246 astipulatione
960 2189 1015 2232 non
1036 2177 1077 2230 in·
1119 2180 1250 2247 coelestis,
1271 2192 1352 2248 quam
1378 2178 1491 2248 indigne
1514 2178 1610 2232 tulerit
1628 2177 1670 2232 sni
1690 2175 1940 2246 precellentissimi

216 2252 222 2270 ‘
251 2268 335 2340 diget.
357 2269 476 2349 Fratres,
497 2265 548 2322 etsi
568 2265 697 2320 decorem
716 2265 769 2320 sibi
798 2265 866 2320 tanti
885 2265 978 2336 gaudii
1008 2279 1078 2334 pre
1119 2269 1185 2324 civis
1203 2267 1328 2324 audoeni
1347 2268 1388 2322 sic
1412 2265 1564 2332 corrfusam,
1584 2265 1624 2322 sic
1643 2263 1782 2331 fedatum,
1805 2264 1846 2322 sic
1865 2277 1939 2335 pre·

251 2354 305 2427 ripl
324 2337 460 2446 dolentes,
482 2337 633 2442 pontificali
662 2343 752 2410 lamen
780 2352 939 2409 auctoritati
963 2353 1076 2419 cedunt,
1118 2362 1223 2427 reptam
1251 2357 1323 2412 diem
1358 2370 1415 2412 soe
1444 2355 1683 2412 remunerationis.
1711 2353 1837 2417 AEstimel
1873 2352 1940 2424 quid

250 2431 370 2503 festivis
376 2431 405 2501 'se
429 2443 571 2501 ornatibus
590 2425 703 2510 exuunt,
719 2442 787 2522 satis
807 2457 868 2497 cum
889 2441 1009 2510 tumultu
1033 2456 1077 2497 ec·
1119 2447 1258 2502 exstiterit
1277 2444 1405 2511 miseriae,
1436 2449 1542 2500 tantum
1561 2449 1707 2514 patronum
1725 2443 1765 2498 nil
1784 2443 1894 2512 penitus
1913 2441 1941 2498 in

250 2517 565 2602 ἰιιιῑιιιιιιιιιιιιιι;
581 2530 635 2586 ιιι
650 2529 771 2600 quidam,
793 2544 856 2612 pars
876 2529 935 2610 illo,
952 2529 999 2585 arn
1018 2527 1073 2585 alra
1119 2535 1183 2594 tiliis
1201 2536 1259 2591 suls
1277 2535 1349 2606 quod
1371 2533 1479 2590 concini
1511 2531 1609 2589 facicm
1637 2533 1796 2603 placaturus
1818 2531 1938 2597 coercet,

249 2619 412 2713 succedunt
436 2633 552 2675 “ilicem
580 2624 609 2674 θῑ
635 2617 670 2674 id
689 2631 754 2673 ⁵⁰⁰⁵
782 2631 866 2694 super
893 2631 943 2674 ⁵⁰⁰
971 2616 1077 2686 ιιιᾶῡιθ
1119 2639 1153 2682 eo
1172 2625 1217 2682 die
1243 2625 1393 2694 accepisse.
1423 2625 1479 2680 Nos
1507 2624 1668 2694 ignorantes
1695 2623 1782 2678 divini
1803 2628 1939 2680 secretum

251 2683 401 2765 merentes
425 2691 642 2777 conqueruntur
668 2707 734 2762 Cum
764 2705 855 2762 subito
885 2705 995 2778 qnidam
1016 2720 1079 2762 ιιι·
1119 2714 1228 2770 ιιιιιιιι
1248 2714 1409 2779 omittimus,
1421 2713 1455 2770 de
1475 2712 1633 2770 hominibus
1651 2712 1769 2768 humana
1784 2723 1940 2781 pensamus

253 2797 326 2884 roris
354 2798 511 2885 impatiens
537 2798 650 2854 dubium
680 2796 791 2867 qudem
819 2810 854 2851 ιι
878 2810 911 2864 ιι
937 2795 1015 2864 rpsrs
1035 2793 1077 2850 ιιι
1118 2803 1148 2859 tn
1169 2807 1243 2861 cuc
1262 2800 1437 2856 multitudine
1457 2799 1667 2865 orscccrasexn
1683 2803 1765 2856 acute
1784 2804 1813 2854 ct
1832 2798 1940 2864 caune,

253 2870 491 2970 communalis,
523 2885 586 2956 plns
609 2883 722 2950 luroris,
748 2883 838 2939 minus
862 2882 1077 2939 consiliinssiffln
1119 2902 1174 2946 non
1194 2889 1332 2944 credimus
1351 2886 1482 2953 defuisse,
1503 2892 1530 2942 ιι
1550 2887 1597 2956 qni
1616 2893 1707 2944 mente
1723 2886 1827 2942 carnali
1847 2901 1877 2944 se
1892 2887 1942 2944 mi·

252 2977 397 3062 colligens,
421 2975 518 3032 turrim
547 2980 688 3045 properat,
713 2973 800 3043 majus
824 2971 949 3028 ecclesie
971 2972 1078 3042 signum
1120 2992 1172 3034 nus
1194 2975 1322 3034 nocuisse
1351 2975 1628 3046 pertranseundum
1655 2975 1695 3030 nil
1723 2975 1855 3043 medium,
1875 2975 1941 3046 quin

253 3068 354 3166 pulsat.
380 3065 450 3142 ilinc
475 3063 564 3120 forum
588 3064 662 3120 otior
684 3062 816 3119 advolat:
840 3061 1174 3134 archiepiscopumctam
1202 3063 1315 3135 speciali
1335 3064 1436 3134 gaudio
1465 3064 1563 3133 privati
1581 3063 1683 3129 forent,
1704 3062 1894 3129 attenderint;
1916 3066 1943 3118 ιι

253 3153 341 3212 sancti
356 3151 482 3230 hudoenl
495 3150 604 3226 glebam
623 3151 657 3207 ad
672 3151 802 3220 majorem
818 3149 963 3220 ecclesiam
978 3165 1078 3220 aspor-
1120 3153 1168 3226 qui
1187 3153 1306 3210 sanioris
1324 3152 1444 3220 consilii,
1466 3154 1587 3224 peccatis
1605 3153 1663 3211 suis
1682 3166 1742 3208 eam
1761 3152 1896 3211 turbam
1889 3165 1944 3208 rm·

251 3247 311 3301 tare
333 3233 404 3298 velle
428 3239 588 3315 proclamat.
614 3239 765 3296 Prosiliunt
789 3253 915 3296 omnese
938 3239 1078 3306 domibus,
1121 3243 1285 3314 putaverint,
1305 3247 1368 3298 vota
1387 3256 1436 3296 ιιι
1455 3247 1593 3312 prerepto
1612 3242 1766 3312 genuerint
1785 3255 1801 3298 a
1819 3254 1870 3297 suo
1890 3254 1942 3310 pa-

253 3327 323 3389 alius
333 3328 465 3403 gladium,
495 3330 541 3385 bic
557 3329 716 3401 bipennem,
733 3327 835 3404 diversi
860 3329 936 3399 quod
960 3327 1079 3398 primum
1121 3340 1202 3388 trono
1229 3331 1537 3402 veniam,suspirantes
1562 3345 1646 3401 super
1674 3331 1732 3388 suis
1754 3330 1862 3388 aclibus
1880 3343 1944 3386 eru-

254 3412 381 3478 manibus
409 3425 578 3487 occurrerat,
603 3417 759 3490 arripiunt,
790 3417 935 3474 ecclesiam
961 3431 1023 3472 cum
1038 3413 1081 3470 fn-
1120 3420 1242 3475 buerint.
1273 3421 1383 3479 Fratres
1411 3419 1439 3474 in
1458 3419 1609 3476 crastinum
1628 3419 1663 3475 de
1682 3419 1740 3474 suis
1759 3418 1873 3489 eligunt,
1894 3431 1944 3488 per

255 3525 319 3568 rore
333 3511 500 3579 irrumpunt.
528 3508 642 3584 Quidam
658 3507 819 3565 curiositate
833 3507 898 3572 acti,
916 3506 1003 3561 celata
1018 3519 1079 3560 mo·
1121 3522 1191 3580 quos
1209 3508 1302 3564 abbati
1321 3521 1371 3562 suo
1391 3507 1465 3577 qnod
1494 3507 1595 3564 lactmn
1627 3506 1726 3585 fuerat,
1745 3507 1942 3572 innotesceret,

256 3597 369 3656 naslerii
384 3599 585 3666 conscendunt,
602 3596 728 3678 quedam
742 3611 777 3653 ex
792 3595 965 3667 tabulatisan
968 3593 1078 3650 ιιιιιιι;
1121 3603 1149 3653 ιι
1168 3610 1259 3668 regem
1279 3611 1363 3666 snper
1382 3596 1435 3653 hoc
1454 3603 1633 3669 suggesturus
1643 3596 1750 3665 advret
1770 3595 1818 3652 sed
1838 3593 1945 3650 archie-

256 3690 323 3762 quid
342 3689 382 3746 sic
405 3685 838 3760 furenspopulusagerevellet,
852 3685 996 3741 rimantur
1013 3681 1079 3738 Plu·
1121 3687 1229 3756 piscopi
1253 3685 1367 3743 nuntius
1399 3691 1592 3756 precesserat,
1625 3685 1755 3772 inpidiam
1786 3696 1895 3740 omnem
1914 3683 1943 3740 in

256 3779 319 3838 rimi
334 3777 394 3849 ejus
415 3777 579 3834 intentionis
602 3784 691 3844 erant,
716 3781 747 3846 ut
770 3775 834 3846 qula
858 3775 898 3829 eis
914 3781 995 3828 tante
1011 3786 1081 3829 con·
1122 3774 1271 3832 monachos
1298 3780 1474 3832 retorserat:
1496 3776 1536 3831 sic
1564 3773 1666 3831 infecto
1695 3774 1808 3846 negotio
1826 3771 1946 3828 reditum

258 3868 439 3926 tinuationem
462 3865 567 3920 letitie
595 3863 799 3944 interrupisset,
816 3875 866 3916 nec
881 3860 934 3916 sibi
950 3861 1081 3930 perlicere
1123 3869 1175 3922 est.
1196 3866 1254 3920 llcx
1272 3863 1338 3920 licet
1357 3865 1446 3933 post'
1439 3865 1526 3934 ipsius
1544 3863 1748 3932 archiepiscopi
1768 3867 1795 3918 et
1815 3875 1945 3930 quorum·

258 3955 366 4014 liceret.
403 3938 638 4023 archiepiscopus
666 3949 846 4008 circumcirca
875 3943 1023 4003 furentium
1053 3962 1082 4004 se
1123 3953 1186 4010 dam
1204 3952 1356 4008 aulicorum
1376 3951 1508 4008 instinctu
1528 3950 1619 4004 animo
1634 3949 1943 4018 inmonachosmotus;

260 4043 359 4103 turmas
373 4041 466 4126 appeti
490 4054 685 4112 expavescens,
710 4025 773 4114 plus
794 4043 886 4094 tamen
902 4036 1041 4108 desuper
1033 4051 1083 4092 rm
1124 4057 1182 4098 rem
1202 4047 1292 4098 emen
1321 4055 1354 4097 ex
1377 4053 1457 4109 equo
1486 4051 1616 4109 pensans,
1647 4037 1713 4094 hinc
1737 4035 1945 4096 immoderatam

259 4133 396 4190 minentes
418 4136 555 4216 metuens,
579 4131 614 4186 ab
643 4127 723 4185 altari
746 4127 780 4185 ad
805 4125 895 4184 valvas
923 4124 1082 4181 monasterii
1124 4131 1318 4200 arrogantiam,
1358 4129 1421 4187 hinc
1459 4127 1645 4185 inconsultum
1682 4125 1830 4184 tumultum
1865 4127 1948 4197 justis

258 4221 349 4298 fugam
372 4219 514 4294 arripuit:
535 4219 580 4277 vix
603 4219 713 4289 elapsus
736 4213 806 4274 inira
829 4213 960 4272 ambitum
990 4228 1083 4270 aarum
1124 4220 1317 4276 librationibns
1345 4218 1550 4290 preponderat.
1578 4217 1661 4274 lubet
1679 4217 1764 4288 igitur
1783 4216 1875 4273 statim
1900 4229 1949 4270 ec-

261 4314 329 4385 ipsis
352 4313 430 4396 prins
453 4310 554 4367 clausis
577 4324 606 4366 se
630 4301 763 4380 recepit
780 4304 901 4376 numque
925 4303 1027 4359 circum
1053 4317 1083 4360 se
1125 4310 1235 4366 alesiam
1268 4309 1302 4364 ab
1330 4309 1541 4380 archiepiscopo
1565 4306 1751 4366 reconciliari.
1779 4304 1859 4373 Quod
1887 4317 1949 4360 cum

260 4402 358 4484 sedilia
373 4406 401 4473 et
415 4398 516 4458 formas
534 4397 660 4475 aggerari
684 4393 759 4453 iecit.
776 4392 907 4451 Nonnulli
920 4398 1011 4450 tamen
1026 4398 1193 4472 par-Dsatis
1212 4397 1283 4453 irato
1312 4401 1340 4452 et
1368 4396 1516 4453 reluctanti
1542 4395 1634 4452 animo
1662 4396 1809 4460 abnueret,
1830 4406 1877 4448 rex
1896 4392 1948 4448 bli-

261 4493 297 4550 tis
319 4492 409 4563 ipsius
433 4485 750 4568 arreptiscandelabris,
767 4483 856 4542 cereis
875 4490 902 4540 et
917 4481 1040 4553 perticis,
1055 4481 1085 4536 in
1126 4485 1215 4542 chaeli
1243 4486 1374 4557 episcopo
1402 4484 1592 4542 abrincatensi
1619 4483 1674 4540 loci
1693 4481 1945 4540 reconciliationem

238 4577 608 4660 ‚monachoselferatised
634 4578 668 4634 ab
693 4576 733 4634 eis
754 4573 946 4645 nonsegniter
965 4569 1084 4641 excepti,
1126 4573 1266 4644 ivajuuxit;
1288 4574 1422 4645 pudorem
1444 4586 1510 4630 vero
1529 4586 1618 4639 suum,
1639 4571 1668 4626 in
1686 4569 1779 4627 futuro
1798 4570 1946 4630 vindictam

261 4673 347 4750 pudet
361 4670 466 4739 dicere,
483 4683 565 4742 qnam
588 4665 661 4738 foedo
682 4663 807 4736 exemplo
822 4678 867 4720 res
881 4677 914 4719 eo
930 4661 974 4717 die
989 4660 1085 4716 debuit
1127 4663 1313 4735 pretendens,
1342 4662 1533 4718 dissimulavit.
1553 4663 1674 4728 Quatuor
1695 4657 1780 4730 igitur
1798 4657 1947 4716 monachos

263 4759 451 4817 determinari.
475 4757 605 4816 constitit
620 4756 762 4828 sntisipso
787 4755 831 4810 dle
856 4753 982 4808 meritum
997 4747 1085 4805 salicti
1126 4753 1192 4820 loci,
1223 4767 1293 4822 qnos
1312 4757 1340 4807 et
1358 4750 1486 4810 factionis
1515 4755 1643 4806 auctores
1670 4747 1805 4814 audierat,
1833 4747 1947 4806 totidem

263 4833 534 4922 omnibusadluisse,
559 4845 607 4917 qni
631 4843 695 4900 hinc
710 4841 882 4900 sevientium
896 4851 1086 4896 manuscom-
1126 4842 1243 4899 aliorum
1271 4841 1461 4897 cenobiorum
1481 4837 1627 4894 abbatibus
1646 4835 1792 4904 commisit,
1813 4840 1950 4909 qnatenus

263 4917 420 5013 primendo,
434 4935 499 5016 hinc
512 4935 752 5010 archiepiscopum
767 4945 828 4988 cum
844 4929 901 4986 suis
914 4941 947 4984 eo
961 4925 1085 5004 periculo
1127 4939 1155 4988 et
1182 4931 1392 5002 archiepiscopo
1420 4925 1602 4992 satisfaceret,
1623 4931 1651 4982 ct
1670 4925 1741 4982 illi
1734 4939 1762 4980 ιι
1782 4923 1947 5004 peregrina-¹

262 5024 419 5104 emmendo,
436 5029 540 5079 tantum
563 5023 639 5096 nefas
661 5036 718 5080 non
733 5035 816 5096 parvo
832 5017 938 5074 cunctis
953 5015 1086 5072 miraculo
1127 5020 1203 5076 tione
1224 5034 1273 5075 sua
1292 5019 1410 5085 luerent,
1426 5015 1501 5086 quod
1521 5016 1612 5071 miurus
1630 5014 1755 5073 consulte
1775 5017 1948 5085 peccassent.

264 5113 354 5187 potuit
368 5095 510 5169 avertere.
534 5113 601 5170 llam
625 5118 700 5170 tanta
724 5111 816 5167 subito
840 5108 921 5164 nubis
945 5104 1033 5176 caligo
1057 5103 1086 5160 id
1127 5110 1187 5166 Non
1216 5107 1301 5164 vnnllo
1321 5113 1384 5175 post
1411 5110 1512 5170 tamen,
1534 5109 1561 5159 et
1586 5104 1701 5160 rationis
1716 5101 1947 5174 consideratione,

263 5204 382 5274 spatium
406 5201 565 5269 sanctuarii,
591 5202 666 5272 qnod
685 5201 942 5258 loculisanctorum
958 5194 1086 5250 contine·
1127 5202 1155 5253 et
1175 5197 1262 5268 petitu
1281 5194 1415 5252 abbatis
1407 5207 1529 5264 ipsorum
1550 5193 1647 5260 flexus,
1668 5191 1696 5246 in
1716 5191 1891 5260 presentiam
1906 5189 1948 5246 sui

263 5293 373 5360 bantur,
389 5291 520 5359 obtinuit,
537 5296 567 5347 ut
589 5287 633 5346 vix
648 5291 690 5348 vel
705 5305 721 5346 a
736 5288 854 5347 curiosis
868 5283 1012 5342 oculorum
1027 5282 1086 5338 acic
1128 5301 1176 5342 eos
1195 5285 1341 5351 revocavit,
1362 5289 1390 5340 et
1408 5284 1540 5341 Ecclesie
1560 5279 1755 5339 reconciliatos
1769 5277 1901 5339 reddidit.
1917 5279 1948 5336 ln

263 5380 367 5450 corripi
381 5381 513 5450 potuerit.
533 5380 583 5438 liei
599 5373 727 5454 congruit
743 5375 915 5434 miraculum.
930 5374 999 5440 Quia
1013 5371 1085 5425 enim
1127 5374 1171 5428 bis
1189 5374 1317 5430 omnibus
1338 5387 1449 5444 semper
1462 5373 1558 5444 apnd'
1550 5383 1639 5442 1psum
1653 5373 1763 5424 cantum
1778 5367 1893 5436 exstitit,
1913 5379 1948 5422 ne

262 5482 349 5524 sacre
373 5469 521 5545 scripture
547 5469 665 5528 diversis
688 5469 716 5524 in
740 5467 810 5524 locis
828 5478 877 5537 per
898 5462 998 5517 nubem
1013 5473 1086 5515 nunc
1127 5461 1194 5534 quid
1225 5462 1278 5518 sibi
1310 5463 1546 5535 archiepiscopus,
1575 5457 1653 5531 qnasi
1681 5457 1732 5516 sub
1760 5456 1949 5514 ecclesiastico

264 5557 483 5632 delinquentium
498 5559 620 5630 cecitas,
635 5571 709 5616 nunc
724 5555 833 5630 bomini,
847 5549 985 5626 protectio
999 5547 1087 5618 nugu-
1127 5553 1230 5622 vigore,
1251 5553 1278 5610 in
1308 5555 1398 5610 cavvsis
1416 5554 1499 5622 hujus
1517 5547 1643 5607 ecclesie
1663 5547 1815 5606 insolenter
1837 5559 1949 5618 arroga-
