4106 6178
227 310 295 368 1239
791 311 937 367 ALPHth
956 309 1179 368 snucbttttnttt
1196 309 1352 368 necuter.

225 439 370 512 Margarita
384 437 499 506 oeulos;
516 437 664 494 inhonesto
679 436 782 494 lumine
798 451 902 508 praeses

225 529 339 600 Inspicit
354 528 473 585 oblatam
488 540 616 598 quaerens
630 526 749 582 mulcere
760 526 898 596 puellam;

226 620 350 688 Dumque
365 622 446 688 negat
461 615 550 672 calido
566 628 614 670 ore
629 615 711 671 fldem
726 629 824 671 secura
839 613 950 670 fatetur.

226 707 276 764 ille
291 707 373 762 minis
387 706 495 762 mollem
512 704 629 761 credens
643 704 796 775 impingere
811 708 940 770 mentem,

226 795 334 854 invenit
348 797 377 851 in
392 798 485 850 tenera
502 799 599 863 pectus
613 793 720 848 latitare
735 793 813 849 virile

227 887 347 957 Virgine,
364 896 418 940 non
435 887 545 953 poterat
560 883 708 938 tenebroso
723 883 844 938 carceris
858 885 938 939 antro

226 973 351 1030 Vincere.
367 975 426 1029 Non
442 972 525 1043 virgis
540 985 650 1028 carnem
664 970 838 1037 ferientibus,
854 969 928 1026 uncle

225 1062 371 1133 Sanguinei
386 1067 501 1118 currunt
515 1061 577 1130 rivi,
593 1074 644 1116 nec
660 1067 773 1131 pectore
789 1059 872 1115 traxit

224 1153 298 1208 ilore
313 1149 465 1221 puellarum
480 1150 599 1221 suspiria
617 1169 623 1204 :
636 1151 762 1221 juugitur
776 1148 832 1204 illis

223 1239 329 1313 Ungula
345 1254 407 1310 quae
421 1239 523 1296 laceret
540 1239 684 1296 denudans
702 1252 820 1309 ossaque
836 1236 939 1308 pandat

225 1330 335 1385 Viscera
350 1328 413 1400 plus
426 1332 536 1399 poterat
549 1327 630 1384 fortis
644 1327 758 1384 sufferre
773 1326 919 1393 malorum,

224 1420 308 1487 Quam
324 1432 421 1474 manus
434 1417 551 1474 inferret
565 1423 683 1474 mentem
703 1417 831 1472 miserata
846 1421 1012 1472 manentem.

225 1507 368 1564 Clauditur
382 1507 411 1564 in
426 1508 559 1574 tenebris,
579 1506 673 1563 radius
688 1520 759 1576 quos
773 1505 852 1576 pellit
865 1504 900 1560 ab
914 1505 981 1561 alto.

227 1597 321 1652 llostls
330 1595 408 1652 adest
420 1597 523 1667 specie,
540 1603 567 1650 ct
582 1595 650 1651 vasti
665 1600 772 1651 terrore
787 1593 917 1650 draconis

228 1685 358 1752 blollltur,
372 1685 515 1756 victusque
530 1685 609 1756 fugit,
625 1684 674 1740 scd
693 1683 727 1739 ad
742 1684 828 1740 altera
843 1681 932 1741 tendit

228 1775 381 1830 inveterata
396 1773 453 1831 doli
468 1774 596 1845 figmenta
611 1788 642 1830 ec
657 1773 775 1829 vincitur
785 1773 861 1840 inde,

228 1863 297 1919 bum
313 1863 382 1933 pede
397 1863 521 1934 uirgineo
536 1861 637 1918 collum
652 1863 774 1919 calcatur
792 1862 885 1930 inane,

228 1951 285 2008 Nec
300 1951 377 2008 licuit
392 1952 480 2022 repeti
496 1951 556 2006 sine
571 1958 639 2007 nutu
654 1950 766 2021 virginis
780 1950 891 2006 umbras

229 2044 314 2099 bucta
330 2039 430 2097 debinc
448 2045 578 2096 constans
592 2039 655 2095 dum
671 2039 777 2109 speruit
795 2052 874 2095 sacra
888 2039 1014 2105 deorum,

229 2130 358 2201 iungitur
372 2143 490 2185 exurens
505 2130 584 2185 lateri
599 2142 650 2198 pro
665 2127 777 2185 vulnere
788 2128 902 2199 lampas.

1461 436 1540 491 lllfll.

1191 546 1288 602 contus
1303 546 1331 600 tn
1349 543 1453 600 leudem
1471 545 1503 601 S.
1519 543 1668 601 catherine
1686 543 1806 612 meinis.

1089 650 1205 707 Pulchra
1224 651 1306 706 nimis
1320 649 1424 706 nullum
1439 649 1553 719 cupiens
1572 648 1717 705 admittere
1731 661 1875 719 sponsum,

1088 741 1171 808 Quem
1187 753 1241 796 non
1258 739 1373 809 perfecti
1389 739 1539 810 compleret
1553 737 1641 794 forma
1655 738 1775 804 decoris,

1088 828 1184 884 Omnia
1198 829 1246 899 qul
1262 835 1366 894 nosset,
1388 842 1516 898 quaerens
1530 827 1630 883 virtute
1645 832 1797 897 potentem,

1089 919 1123 974 Et
1137 918 1184 987 qui
1199 919 1338 988 praecipua
1352 916 1424 974 foret
1439 931 1471 973 cx
1487 917 1588 987 pietate
1604 915 1748 986 benignus,

1090 1007 1171 1077 firgo
1187 1006 1286 1076 pudica
1300 1006 1348 1062 bei
1364 1013 1466 1076 martyr
1483 1005 1628 1061 catharina
1643 1003 1717 1075 quod
1733 1009 1820 1074 optat,

1088 1097 1210 1165 Obtinet,
1231 1096 1377 1152 illecebras
1392 1095 1456 1152 dum
1471 1096 1563 1151 carnis
1577 1095 1709 1151 abhorret
1723 1093 1841 1164 iniquas.

1089 1188 1212 1256 Dumque
1227 1184 1328 1242 refutat
1343 1199 1420 1257 opeS,
1437 1185 1502 1242 dum
1517 1198 1602 1241 vanos
1619 1185 1725 1254 speruit
1739 1185 1872 1246 bonores.

1089 1276 1193 1332 lctibus
1202 1275 1343 1346 objicitur,
1359 1274 1458 1331 uictrix
1470 1289 1520 1346 per
1534 1274 1641 1346 singula
1656 1272 1752 1344 fulget.

1088 1364 1197 1422 Auxilio
1206 1365 1328 1422 stabilita
1341 1365 1390 1420 bei
1405 1363 1567 1421 mortalibus
1581 1362 1671 1420 audax

1090 1454 1203 1510 Restitit
1217 1454 1335 1520 insidiis,
1352 1454 1486 1524 promissa
1501 1466 1552 1509 nec
1567 1465 1665 1523 aspera
1679 1464 1790 1508 curans.

1090 1545 1229 1614 bootaque
1244 1557 1300 1600 uon
1319 1543 1410 1599 timuit
1424 1540 1595 1599 confundere
1612 1546 1724 1612 pectora
1738 1539 1856 1606 doctrix,

1090 1634 1146 1689 Nec
1160 1633 1246 1689 verita
1261 1633 1289 1689 in
1305 1637 1400 1688 tenera
1415 1630 1529 1689 sufferre
1545 1631 1651 1701 flagella
1663 1631 1776 1700 juventa

1091 1721 1178 1778 Altior
1192 1721 1320 1791 imperio,
1336 1721 1399 1777 dum
1416 1735 1528 1777 carcere
1539 1719 1678 1775 clauditur
1692 1725 1752 1774 atro

1058 1777 1169 1865 BNulla
1183 1807 1269 1867 fames
1283 1817 1402 1866 sanctam
1414 1809 1505 1879 potuit
1519 1808 1670 1879 percellere
1686 1809 1815 1871 mentem,

1092 1901 1177 1954 Dante
1191 1900 1247 1955 beo
1259 1897 1377 1966 famulae,
1394 1913 1456 1969 quae
1470 1905 1534 1953 sunt
1553 1895 1731 1954 accommoda
1749 1895 1824 1962 vltae,

1092 1987 1189 2042 Visitat
1203 1985 1329 2042 ancillam
1340 1987 1481 2052 Dominus,
1498 1985 1647 2056 reginaque
1662 1983 1792 2040 clausam.

1092 2078 1148 2131 Nec
1163 2075 1290 2132 tenebras
1305 2075 1419 2146 patitur,
1436 2074 1500 2130 dum
1516 2073 1562 2130 lux
1577 2072 1740 2129 diffunditur
1754 2072 1837 2126 intus.

1093 2165 1208 2222 conscia
1227 2164 1406 2236 congreditur
1420 2163 1582 2219 famulorum
1599 2162 1689 2229 turba,
1706 2160 1843 2230 fidemque

229 2219 283 2275 Sed
298 2232 363 2275 caro
378 2218 443 2276 dum
466 2218 579 2289 patitur,
596 2231 673 2274 mens
684 2231 798 2288 prorsus
817 2217 852 2274 ad
866 2216 921 2274 alta
934 2217 1050 2274 levatur.
1093 2253 1253 2323 Suscipiens
1266 2258 1331 2322 amo
1345 2251 1473 2322 φωνὴ
1492 2257 1617 2321 tempore
1636 2249 1764 2320 palmam·

230 2308 353 2379 cumque
367 2307 450 2379 ligata
464 2306 546 2363 datur
561 2306 636 2362 dolio
651 2321 700 2363 sua
718 2307 831 2364 uulnera
846 2307 935 2378 rumpi

230 2398 331 2466 Sensit,
347 2396 383 2453 ob
398 2396 451 2453 boc
467 2396 561 2467 populi
576 2410 713 2466 uocesque
728 2395 762 2452 ad
778 2396 869 2453 sidera
883 2395 956 2452 tolli.

231 2485 411 2556 confessique
421 2487 505 2542 iteum
520 2485 653 2543 soelorum
663 2499 777 2542 munera
789 2491 910 2542 sumunt.

232 2575 356 2647 Denique
370 2589 405 2632 ne
420 2575 539 2646 populus
553 2576 581 2630 in
596 2573 733 2630 Christum
748 2574 875 2630 crederet
889 2574 978 2630 omnis

233 2664 274 2722 nd
288 2663 350 2721 loca
363 2664 507 2734 sanguinei
517 2664 594 2734 jussa
610 2669 652 2719 est
667 2663 826 2720 certaminis
840 2663 893 2728 irc,

234 2753 402 2824 Emissaeque
417 2752 509 2822 precis
522 2757 586 2822 post
605 2765 682 2808 sacra
698 2751 789 2808 oblata
804 2749 911 2820 feritur,

232 2844 266 2899 Et
280 2855 344 2900 caro
360 2841 424 2898 dum
436 2840 534 2911 jacuit,
553 2854 631 2898 mens
648 2842 708 2912 ejus
722 2841 749 2898 in
765 2841 867 2898 aetbera
882 2839 979 2896 fertur.

608 2985 675 3041 xxi.

368 3093 463 3164 incipit
478 3091 527 3147 ode
540 3093 568 3147 in
582 3091 685 3148 medem
698 3095 796 3148 sancte
813 3090 925 3148 Ursule.

305 3198 406 3270 Fulgor
424 3204 553 3268 aspectus
567 3197 670 3268 placuit
683 3197 803 3255 virorum

306 3287 427 3355 Viribus,
443 3287 543 3343 mentis
558 3285 643 3343 decor
657 3291 686 3341 at
697 3285 826 3356 supernis

306 3373 412 3434 Ursulae
427 3373 534 3441 turmis,
556 3373 655 3430 merito
674 3373 796 3444 potentis

430 3462 538 3520 Nobilis
551 3469 641 3519 ortus.

305 3551 437 3609 Luctibus
451 3551 537 3623 patris
551 3551 615 3608 tulit
628 3550 689 3608 baec
701 3552 829 3622 juramen

305 3644 367 3699 lton
381 3643 482 3699 timeus
498 3641 572 3714 regis
585 3641 670 3698 furias
679 3640 783 3698 caduci

305 3733 373 3790 Niara
391 3733 485 3790 virtuti
500 3732 608 3789 bomini
623 3731 755 3803 potentis,

430 3821 513 3892 Virgo
528 3821 628 3892 pudiea

306 3910 443 3979 Quaeritur
457 3923 572 3981 sponso,
592 3909 677 3966 trabit
694 3908 742 3966 illa
760 3922 904 3981 sponsum,

307 4002 430 4069 Dumque
445 4013 475 4056 se
490 3997 596 4070 profert
609 3999 699 4056 socias
713 4000 842 4071 requirit,

308 4089 444 4159 aggregat
457 4085 528 4142 festo
547 4085 652 4142 celeres
670 4087 811 4144 ministros

434 4177 507 4231 bata
521 4173 625 4230 futuro.

307 4264 435 4337 fungitur
451 4279 538 4322 sacrae
549 4264 680 4322 comitum
695 4264 820 4323 cobortis

309 4355 435 4412 Sancum
449 4354 516 4411 cieri
531 4353 650 4411 celebris
664 4361 783 4424 caterua,
852 4365 855 4372 '

308 4445 425 4503 Advenit
438 4451 546 4516 patrum
565 4444 684 4514 cupidus
699 4458 810 4502 coronae

433 4533 564 4605 Fulgidus
578 4534 659 4591 ordo.

309 4627 435 4682 Summus
449 4623 571 4680 oblatum
586 4623 682 4692 decus,
698 4628 726 4680 et
740 4623 862 4697 resignat

308 4714 415 4782 Pastor,
430 4713 504 4770 baud
517 4713 609 4770 damni
625 4714 740 4785 pavidus
754 4714 869 4771 minoris

309 4803 444 4860 bedlcans
457 4804 567 4861 cbristo
583 4804 698 4861 comites
712 4804 820 4862 lavacro

435 4894 554 4965 Virginis
566 4893 654 4950 almae.

310 4983 393 5041 irruit
408 4983 497 5040 cultro
511 4982 587 5039 ferus
601 4983 793 5054 interemptor,

310 5072 432 5145 agminia
450 5072 523 5129 sacri
532 5071 658 5129 madidus
671 5086 781 5141 cruore,

310 5164 428 5235 Spiritus
442 5163 513 5220 coelo
532 5163 652 5220 subeunt
665 5168 772 5235 aperto,

434 5254 501 5310 Ossa
514 5252 633 5310 colonis.

309 5343 381 5414 Ergo
396 5343 537 5414 pulsantes
552 5342 695 5400 bominum
708 5346 814 5414 rogate,

310 5432 463 5505 Parvaque
477 5433 564 5491 virtus
579 5431 685 5490 meritis
696 5433 807 5504 iuvetur

309 5521 407 5578 Nostra
421 5522 472 5579 sub
488 5523 596 5596 magnis
610 5523 717 5596 laqueis
731 5521 865 5580 malorum

434 5611 561 5684 Undique
570 5612 672 5670 cincta.

1094 2345 1149 2398 Noc
1170 2346 1283 2412 potuere
1299 2347 1367 2398 rotae
1382 2341 1537 2397 constantia
1551 2349 1613 2396 rota
1629 2345 1730 2396 rotare.

1095 2433 1150 2487 Nec
1165 2431 1262 2487 metuit
1276 2437 1391 2488 mortem
1407 2437 1520 2501 portans
1535 2443 1569 2486 ex
1585 2437 1674 2485 morte
1693 2441 1835 2484 coronam.

1095 2521 1263 2592 Sanguineas
1274 2519 1371 2576 vulnus
1386 2519 1449 2575 dum
1462 2519 1571 2574 mittere
1590 2517 1687 2573 debuit
1701 2516 1798 2583 undas,

1096 2612 1149 2666 Lac
1164 2609 1251 2676 dedit,
1266 2609 1378 2680 egregio
1393 2623 1550 2680 corpusque
1565 2607 1667 2664 dedere
1686 2605 1816 2676 sepulcro

1096 2700 1185 2756 Turba
1202 2713 1394 2770 supernorum,
1410 2705 1502 2772 guttas
1515 2697 1661 2769 funditque
1676 2695 1812 2752 salubres.

1460 2806 1553 2861 iiiilll.

1266 2911 1321 2968 Ode
1335 2913 1363 2966 tn
1381 2910 1484 2968 huden
1498 2910 1613 2982 ejusdem
1627 2909 1746 2977 bucinis.

1133 3019 1215 3076 ltulta
1234 3031 1285 3076 nos
1301 3018 1375 3090 cogit
1389 3017 1499 3075 bonitas
1513 3016 1613 3088 praellae

1066 3094 1087 3155 C
1133 3108 1245 3165 cantico
1258 3106 1353 3163 laudes
1366 3107 1470 3178 agitare
1490 3112 1596 3162 nostro.

1132 3199 1221 3254 Pauca
1237 3196 1302 3253 dum
1317 3197 1433 3267 spernit,
1449 3195 1503 3252 sibi
1518 3209 1580 3266 quae
1595 3197 1725 3264 parentes

1133 3287 1291 3357 liquerant,
1308 3285 1401 3343 multis
1415 3285 1515 3356 opibus
1529 3283 1645 3340 foretur.

1133 3377 1245 3446 Sceptra
1260 3375 1324 3431 dum
1339 3375 1412 3445 regis
1426 3373 1531 3444 fragilis
1546 3371 1667 3442 reliquit,

1134 3464 1195 3522 hita
1207 3463 1313 3520 dotavit
1324 3465 1451 3534 juvenem
1466 3476 1580 3519 corona.

1133 3552 1253 3609 Plurima
1266 3551 1343 3609 fulsit
1356 3551 1503 3609 catharina
1517 3549 1615 3616 forma,

1132 3642 1186 3698 Sed
1200 3642 1287 3713 magis
1300 3640 1442 3712 pulchram
1456 3653 1602 3696 numerosa
1616 3638 1702 3695 virtus

1133 3729 1274 3798 Reddidit,
1290 3731 1389 3786 summi
1403 3730 1557 3800 meruitque
1574 3727 1660 3784 Patris

1134 3819 1220 3876 Unico
1231 3820 1309 3890 jungi
1324 3821 1450 3890 speciosa
1464 3820 1544 3875 Nato.

1134 3908 1199 3980 Ejus
1212 3908 1338 3978 amplexu
1354 3909 1469 3977 cupiens
1482 3907 1579 3974 foveri,

1134 3998 1231 4052 Terras
1245 3996 1319 4068 quod
1339 4003 1434 4068 posset
1452 3996 1529 4064 dare,
1545 4009 1600 4053 non
1616 3995 1729 4067 cupivit.

1135 4088 1298 4157 Prosperum
1316 4085 1476 4157 quidquam,
1497 4086 1567 4142 mala
1582 4099 1633 4142 nec
1649 4083 1758 4156 refugit.

1135 4175 1212 4233 Unde
1231 4191 1282 4232 nec
1297 4177 1398 4247 praesul
1414 4177 1504 4247 potuit
1519 4175 1619 4232 minaci

1134 4267 1234 4322 Pectus
1249 4265 1324 4322 illius
1339 4280 1480 4324 removere
1495 4266 1582 4322 vultu.

1137 4358 1202 4426 Ejus
1216 4361 1244 4411 et
1257 4357 1361 4426 sprevit
1376 4356 1485 4426 placitis
1498 4354 1600 4411 favere.

1136 4446 1268 4501 lfonstrat
1283 4452 1380 4516 arguto
1395 4446 1511 4502 rationis
1524 4451 1595 4502 acta.

1136 4539 1201 4602 Qua
1216 4534 1296 4591 fldem
1313 4535 1431 4592 lustrent
1445 4535 1558 4592 senibus
1572 4533 1682 4605 togatis.

1138 4623 1217 4690 Vicit,
1233 4625 1354 4680 strictis
1369 4625 1472 4695 placuit
1485 4625 1610 4690 subesse,

1136 4713 1202 4770 Fine
1217 4713 1281 4770 dum
1295 4714 1377 4772 vitam
1392 4715 1512 4772 subeunt
1525 4717 1675 4770 ementem.

1136 4803 1262 4866 carnifex
1275 4802 1350 4862 ferro
1364 4804 1467 4862 lacerat
1481 4803 1619 4870 tenellam,

1137 4893 1218 4950 Forte
1232 4893 1282 4950 sed
1297 4903 1394 4965 pectus
1408 4894 1516 4965 nequiit
1529 4892 1623 4950 ferire.

1137 4983 1261 5038 carceris
1276 4987 1347 5039 tetra
1366 4983 1445 5041 latuit
1460 4995 1576 5040 caverna

1137 5071 1274 5142 splendor
1292 5078 1334 5129 ast
1348 5074 1445 5130 summi
1473 5073 1562 5143 patuit
1576 5072 1687 5130 decoris

1136 5161 1169 5217 lit
1183 5160 1288 5219 lucrum
1303 5161 1412 5220 Christo
1431 5169 1509 5233 parat
1522 5162 1551 5218 iu
1570 5165 1688 5218 caterva.

1135 5254 1194 5307 tam
1208 5265 1307 5309 novum
1322 5252 1432 5323 pondus
1445 5252 1547 5309 cecidit
1562 5257 1684 5308 rotarum

1136 5345 1205 5398 ante
1220 5355 1249 5398 se
1264 5355 1372 5398 sacrum
1388 5341 1451 5398 tulit
1465 5348 1493 5398 et
1506 5340 1686 5412 manipulum.

1136 5432 1214 5486 tussa
1228 5430 1276 5487 sed
1292 5430 1402 5488 medem
1417 5437 1499 5502 eaput
1514 5430 1649 5502 amputari

1129 5519 1280 5590 supplices
1294 5519 1403 5577 Christo
1422 5521 1524 5592 rogitat
1538 5519 1677 5576 favendos.

1135 5609 1240 5666 vulnus
1253 5608 1358 5666 illatum
1372 5609 1480 5667 laticem
1498 5610 1545 5666 dat
1558 5607 1659 5664 album.
