4024 6174
80 338 127 394 tte
714 337 876 395 summes.
896 359 932 382 ι*
950 339 1006 396 ΑΝ.
1031 337 1106 395 1079.
1694 346 1747 402 426

80 462 196 528 dimissis,
221 461 281 532 paci
296 469 325 518 et
339 461 489 519 secuudum
509 462 585 532 leges
607 475 702 518 eorum
723 462 837 533 iudiciis
859 466 1046 535 etbsuuptts
1072 478 1164 522 secum
1193 464 1426 522 commilitonibus
1451 466 1519 533 suis,
1552 482 1614 523 cunr
1642 485 1746 542 magnae

78 551 181 623 justitiis
201 549 305 620 absque
334 563 512 622 personarum
535 551 696 622 acceptione
719 551 887 621 justissimus
927 555 1036 610 virtutis
1055 555 1158 624 impetu
1182 555 1296 611 baedam
1321 555 1478 610 curiensem
1502 555 1693 614 devastaturus
1706 562 1748 615 ln-

80 641 182 706 studuit,
201 647 332 710 quantum
357 640 472 696 maxiem
496 640 564 710 ipsis
578 639 770 710 adjuvantibus
785 641 884 710 potuit.
927 641 1053 706 radebat,
1069 643 1171 712 praedis
1185 649 1212 698 et
1227 641 1362 699 incendiis
1376 643 1529 710 insistebat,
1545 646 1654 702 comitis
1667 648 1749 704 Otto-

80 733 137 787 Post
160 728 295 784 modicum
311 728 431 799 denique
449 731 508 800 ipse
531 727 655 785 febribus
669 735 697 784 et
715 728 827 799 pleurisi
842 729 887 784 in·
928 729 971 786 nis
995 729 1070 800 (180)
1095 729 1179 786 lilium
1204 744 1265 786 cum
1280 730 1342 786 allis
1356 731 1519 800 quibusdam
1537 734 1687 802 maioribus
1700 735 1749 790 ad·

80 817 222 876 manissime
237 823 374 888 arreptus,
395 817 553 889 plusquam
573 817 643 874 duos
658 830 766 874 menses
780 817 808 873 in
824 824 886 873 tan-
925 819 1057 887 iuratum,
1083 821 1140 890 regi
1164 818 1303 875 lloudollo
1330 820 1484 891 subigebat.
1508 823 1612 878 beluino
1640 823 1750 880 fortiter

80 915 128 962 tum
146 904 286 961 laborabat
309 913 337 962 et
358 905 511 974 contabuit,
530 914 561 962 ut
574 921 590 962 a
604 907 745 977 plerisque
759 907 888 963 nimirum
929 905 1045 975 quadam
1060 906 1135 962 clusa
1158 921 1207 962 seu
1226 908 1315 977 palma
1339 915 1502 980 expugnata,
1525 910 1678 967 interiectis
1701 927 1751 968 ca-

79 995 109 1052 de
131 996 184 1050 vita
210 1001 240 1051 et
267 995 354 1052 salute
383 1009 529 1066 numquam
557 997 746 1066 recuperanda
777 998 888 1054 omnino
929 995 984 1064 ptis
1011 993 1165 1065 fugatisque
1189 995 1325 1062 hostibus,
1349 998 1405 1053 lteo
1420 997 1539 1054 donante
1555 1013 1616 1056 curn
1635 1001 1750 1058 maxima

78 1085 230 1154 desperatus
244 1083 336 1140 luerit.
352 1086 464 1141 bemum
487 1097 605 1155 namque
626 1092 668 1141 tot
687 1085 819 1156 periculis
832 1088 888 1145 ileo
929 1084 955 1138 vi
969 1084 1058 1140 victor
1072 1083 1229 1153 regreditur
1242 1082 1284 1151 ¹⁸⁸,
1304 1085 1438 1154 quosdam
1452 1087 1522 1146 alios
1537 1087 1668 1159 deinceps
1681 1091 1750 1148 sub·

78 1174 158 1243 ipsum
180 1172 334 1228 medicante
355 1173 422 1230 satis
436 1171 628 1230 desideranter
651 1173 888 1241 reconvalescens,
930 1179 1050 1228 acturus.

78 1261 237 1317 nativitatem
259 1262 366 1318 Domini
385 1261 582 1332 gloriosissime
596 1263 668 1333 apud
673 1305 727 1320 .....
752 1277 813 1318 cum
833 1277 889 1320 non
965 1261 1066 1318 Eadem
1082 1261 1290 1333 quadragesima
1306 1261 1385 1333 (100)
1410 1264 1531 1334 synodus
1546 1279 1642 1338 magua
1657 1269 1750 1324 itone

78 1350 178 1406 modico
195 1351 394 1407 saxonicorum
418 1352 573 1422 principum
602 1353 720 1424 collegio
748 1350 890 1409 festivissi-
931 1351 1047 1408 collecta
1063 1357 1104 1406 est
1119 1363 1191 1407 auno
1206 1351 1355 1406 bominicae
1374 1352 1571 1410 incarnationis
1589 1354 1666 1423 tote,
1679 1357 1751 1412 iudi-

77 1453 131 1495 mus
152 1438 313 1506 celebravit,
338 1445 367 1497 et
384 1453 446 1498 mox
470 1446 533 1497 ante
551 1442 779 1512 septuagesimam
799 1442 889 1498 uude·
931 1441 1023 1498 ctione
1037 1439 1065 1506 2,
1089 1439 1190 1494 3ldus
1214 1440 1364 1494 Februarii.
1388 1441 1428 1496 ad
1453 1455 1544 1511 quam,
1568 1442 1633 1500 licet
1651 1444 1751 1501 iurtivo

78 1542 186 1598 cumque
212 1527 372 1585 recollectis
397 1529 513 1586 militum
527 1543 638 1586 suorum
662 1532 761 1586 turmis
774 1531 892 1602 expedi·
930 1530 975 1586 vix
998 1527 1184 1586 diversiclinio
1210 1529 1389 1595 itinerantes,
1418 1530 1565 1587 cardinalis
1592 1533 1751 1602 llourauus,

79 1619 170 1674 tionem
184 1617 213 1672 iu
229 1631 323 1688 regent
338 1618 495 1676 Heinricum
510 1618 665 1676 accelerare
677 1620 821 1677 deliberat.
931 1618 1100 1676 Pataviensis
1124 1623 1151 1674 et
1174 1618 1303 1674 tielensis
1325 1618 1460 1688 episcopi,
1477 1633 1527 1689 pro
1545 1625 1586 1675 tot
1600 1635 1710 1677 suarum
1726 1629 1754 1678 et

107 1705 180 1773 Quod
208 1705 345 1762 dumille
373 1707 489 1777 primum
519 1709 664 1777 comperit,
693 1723 779 1780 seque
807 1710 832 1765 ei
862 1709 889 1766 in
934 1704 1188 1770 aecclesiasticarum
1213 1705 1373 1775 iujuriarum
1396 1707 1487 1762 causis
1514 1707 1674 1776 apostolice
1693 1709 1753 1765 sedi

78 1801 125 1849 bur
138 1794 214 1850 brevi
237 1796 372 1866 temporis
394 1796 511 1854 articulo
535 1811 590 1853 non
611 1811 691 1867 posse
707 1798 835 1854 resistcre
849 1791 1147 1863 vi·Bproclamandis,
1163 1793 1303 1863 plerisque
1327 1793 1486 1850 insidiarum
1512 1801 1540 1850 et
1567 1796 1753 1853 custodiario-

78 1878 122 1946 dit,
137 1881 256 1938 consilio
273 1896 336 1938 cum
350 1883 407 1940 suis
421 1883 500 1950 inito,
521 1898 577 1943 uon
604 1899 637 1941 ex
650 1899 700 1941 sua
717 1891 761 1942 set
774 1901 807 1942 ex
824 1888 895 1958 opti·
934 1894 994 1936 rum
1019 1881 1143 1938 articulis
1167 1883 1213 1938 [lei
1236 1883 1322 1953 gratia
1343 1897 1440 1939 secure
1460 1883 1642 1953 pertransitis,
1657 1891 1754 1954 gratu·

79 1973 170 2026 mulum
195 1985 310 2028 suorum
344 1985 472 2042 persona,
507 1973 612 2045 legatos
640 1975 718 2046 quasi
747 1973 797 2046 prd
825 1986 893 2046 pace
933 1967 1023 2026 lanter
1046 1983 1205 2040 pervenere.
1226 1972 1277 2028 Ubi
1301 1972 1329 2026 in
1352 1971 1492 2028 audientia
1513 1972 1597 2028 totius
1611 1973 1709 2043 synodi
1724 1987 1759 2030 se·

77 2059 323 2131 quantulacumque
347 2061 380 2118 ad
404 2061 520 2120 invicem
542 2064 733 2135 componenda
754 2064 788 2120 ad
818 2065 893 2135 opti·
934 2056 1145 2125 lll⁰0¹³ffl³¹tlest
1162 2059 1284 2128 θιὶὃθθιῑ
1304 2064 1443 2130 simmei
1465 2059 1551 2115 illdffi
1570 2061 1754 2130 iccelfflbffl·

79 2155 157 2204 nates
184 2150 323 2206 Saxonum
353 2151 520 2209 astutissime
544 2151 679 2209 fallendos
713 2158 895 2224 properanter
934 2149 989 2200 tur.
1019 2145 1071 2201 Ubi
1094 2144 1200 2217 legatus
1221 2147 1294 2217 ‘⁰ng
1308 2146 1434 2203 R⁰¹¹d⁰¹fl
1450 2146 1520 2216 (19¹)
1536 2149 1756 2217 lllaelllt'lliessfl·

76 2235 218 2307 dirigebat,
243 2239 290 2308 qui
318 2238 389 2295 bella
413 2246 441 2296 et
459 2239 620 2308 seditiones,
637 2241 824 2298 {eeclesiarum
843 2242 894 2298 qe.
937 2235 1070 2290 mannicae
1093 2235 1289 2291 devastationis
1313 2235 1485 2290 calamitosas
1504 2236 1618 2292 multum
1633 2238 1756 2293 miserias

76 2323 234 2392 solationes,
259 2334 288 2382 et
309 2334 351 2384 tot
376 2326 529 2384 facinorum
559 2329 733 2386 inmanitates
750 2329 895 2387 simulato-
937 2324 1060 2383 seriatim
1088 2323 1287 2394 conquerendo
1310 2337 1484 2390 enumerans,
1509 2337 1559 2380 nec
1575 2339 1630 2381 non
1645 2331 1761 2383 caeteras

72 2413 108 2468 rie
118 2421 329 2485 conquerentes
343 2414 557 2484 detestarentur,
573 2418 676 2488 quique
691 2418 793 2476 domno
806 2433 894 2490 papae,
938 2414 1011 2486 regis
1029 2412 1151 2469 lleinrici
1176 2419 1230 2467 ιιιι
1250 2412 1400 2482 tyrannicae
1417 2413 1640 2483 presumptionis
1654 2428 1704 2485 per
1719 2421 1762 2471 to·

68 2500 129 2570 ipsis
159 2509 189 2558 et
219 2501 338 2572 optimis
364 2502 397 2534 '⁸⁸
423 2504 578 2574 quibusque
608 2519 668 2562 sese
701 2506 897 2578 dominumque
938 2509 994 2559 tum
1038 2501 1203 2571 ubicumque
1245 2513 1357 2571 regnum
1396 2501 1517 2556 insanias
1550 2501 1761 2572 proclamatorie

66 2603 140 2646 suum
167 2604 273 2661 regem
297 2590 455 2647 lleinricum
478 2599 690 2658 consentaneos,
711 2600 739 2650 et
753 2595 780 2650 iu
799 2594 899 2664 buius-
939 2592 1007 2646 satis
1032 2603 1210 2661 exaggerans,
1235 2603 1290 2645 non
1315 2591 1375 2645 siue
1394 2589 1538 2646 lacrimosa
1566 2591 1660 2646 domni
1684 2605 1762 2661 papae

70 2679 140 2734 nodi
174 2679 275 2734 causis
305 2679 483 2736 emendandis
519 2695 570 2750 per
605 2681 696 2737 omnia
728 2679 900 2740 oboedituros
940 2677 1165 2749 perpluriumque
1194 2679 1443 2734 commiserantium
1467 2679 1659 2747 amaritudine,
1681 2685 1763 2750 prout

72 2765 230 2822 tirmissime
260 2771 489 2836 protestarentur,
516 2770 580 2824 etsi
604 2768 685 2826 aliter
706 2770 798 2826 verbis
819 2771 899 2827 iidem
941 2773 1103 2836 oportuerat
1116 2779 1177 2821 cnm
1192 2765 1224 2796 ¹⁸⁸
1246 2766 1389 2836 collegatis
1414 2767 1471 2823 suis
1496 2767 1642 2838 dignanter
1664 2768 1763 2824 audie·

75 2870 124 2912 uon
149 2857 301 2922 baberent,
322 2858 503 2928 iureiurando
517 2857 622 2915 datisve
642 2859 786 2916 obsidibus
800 2874 832 2916 ea
846 2861 899 2918 sibi
941 2854 1032 2910 batur·
1060 2883 1097 2894 —
1124 2854 1240 2924 Legatus
1261 2867 1370 2924 quoque
1386 2855 1507 2911 Heinrici
1526 2857 1600 2926 regis
1615 2869 1711 2912 causas
1725 2855 1765 2924 ip-

76 2944 301 3014 comprobarent.
319 2945 378 3011 Quo
395 2943 490 3000 audito
516 2947 638 3000 Saxones
652 2945 680 3000 in
696 2946 772 3002 breui
787 2948 837 3014 eis,
857 2954 901 3003 ut·
941 2944 1009 3008 sius,
1025 2943 1147 3012 quamvis
1162 2956 1256 2998 revera
1281 2955 1336 2999 uon
1360 2943 1536 3012 justissimas,
1562 2944 1687 3014 plurimis
1711 2944 1764 3000 sibl

77 3039 135 3100 pote
154 3037 212 3088 tam
233 3028 394 3088 dulcissime
414 3031 630 3101 blandientibus,
655 3033 769 3090 nimium
791 3034 897 3092 creduli
941 3038 972 3088 ιιι
993 3031 1052 3087 lieri
1076 3031 1147 3087 solet
1165 3031 1383 3098 contacentibus,
1406 3031 1643 3102 qualitercumque
1659 3032 1763 3102 depro-

78 3117 145 3186 lacti,
168 3119 379 3189 expeditionem
403 3121 539 3193 inceptam
559 3123 587 3177 in
610 3122 706 3192 primis
724 3123 836 3180 domino
851 3109 1054 3185 suoCmebat;
1071 3117 1119 3189 qui
1138 3133 1199 3176 cum
1215 3121 1301 3175 suisa
1318 3133 1388 3189 papa
1406 3118 1532 3176 falsitatis
1547 3121 1664 3177 convicti
1684 3126 1763 3187 sunt;

78 3205 284 3264 dissuadebant.
300 3208 404 3265 bebius
418 3216 522 3267 certum
538 3209 610 3266 diem
633 3211 660 3266 in
686 3212 809 3282 proxima
831 3225 903 3282 qua·
940 3208 1004 3264 aliis
1017 3215 1107 3264 autem
1122 3208 1156 3264 ab
1178 3208 1289 3277 optimis
1312 3208 1481 3278 quibuslibet
1501 3209 1605 3280 optime
1624 3209 1691 3265 satis
1705 3223 1765 3265 cre-

80 3293 227 3368 dragcslma
252 3296 289 3353 ad
314 3297 526 3368 colloquendum
550 3299 602 3354 sibi
626 3300 697 3370 apud
718 3299 900 3358 Friteslarlam
942 3298 1067 3355 debatur.
1093 3297 1205 3354 Publice
1229 3298 1357 3353 nimirum
1382 3298 1409 3353 iu
1432 3299 1537 3369 synodo
1559 3298 1676 3354 domnus
1696 3310 1765 3367 papa

81 3386 269 3452 constituunt;
287 3393 316 3442 et
339 3385 376 3441 ita
396 3387 472 3457 pacis
485 3386 589 3444 loedere
607 3387 677 3444 claun
692 3388 832 3457 condicto,
848 3390 903 3445 do-
943 3386 1095 3458 legatloues
1116 3387 1238 3442 lleiurlei
1268 3387 1341 3456 regis
1362 3386 1509 3442 mendosas
1535 3399 1597 3440 esse
1625 3385 1766 3454 protessus

82 3483 146 3528 uum
173 3473 209 3530 ab
250 3474 370 3530 invicem
403 3474 571 3546 gratulantes
603 3475 758 3533 discedunt.
790 3479 903 3534 bernuin
943 3482 1002 3530 est·
996 3488 1104 3544 ,seque
1128 3487 1224 3530 cuma
1248 3486 1332 3542 regno
1345 3473 1515 3541 Judrcualrter
1528 3471 1699 3541 deposuisse
1716 3485 1767 3526 uec

82 3573 139 3617 vero
161 3577 238 3630 cum,
260 3569 293 3620 ut
319 3563 509 3630 condixerant,
539 3566 728 3631 convenirent,
758 3567 904 3634 optimates
944 3570 1041 3633 postea
1057 3562 1231 3646 aliquatenus
1255 3561 1408 3615 restituisse
1434 3565 1601 3640 protestatus
1622 3565 1672 3614 est.
1690 3557 1767 3614 Unde

83 3650 147 3720 tegis
175 3652 305 3708 Heinrici
335 3657 489 3709 commenta
502 3666 551 3708 sua
566 3657 594 3709 et
608 3653 751 3710 vecordias
774 3653 905 3723 qualiter·
944 3657 973 3706 et
986 3651 1051 3706 tlrco
1066 3663 1127 3706 eum
1142 3649 1392 3715 anathematizaret,
1405 3648 1457 3703 uisi
1472 3623 1547 3718 qnod
1563 3647 1691 3703 omnibus
1701 3646 1768 3702 utrr

83 3752 190 3810 cunque
210 3740 399 3798 defendentes
420 3749 447 3798 et
466 3741 680 3808 dissimulantes,
710 3755 739 3798 se
771 3754 827 3798 uon
853 3742 906 3798 alia
946 3753 1034 3809 usque
1067 3738 1153 3808 pariis
1188 3736 1351 3793 astitoribus
1388 3737 1440 3792 boc
1478 3736 1570 3807 potius
1608 3735 1768 3805 placuerat,

85 3829 181 3886 ratione
205 3831 323 3888 venisse
350 3830 441 3886 testati
464 3835 538 3898 suut,
554 3843 636 3900 quam
655 3835 685 3885 ut
698 3831 820 3886 Saxoms
833 3830 906 3900 apud
947 3827 1022 3899 quod
1037 3840 1124 3897 usque
1152 3827 1181 3882 ιι
1200 3837 1341 3882 ascensam
1355 3824 1464 3881 Domini
1478 3825 1568 3882 adbuc
1582 3824 1768 3895 exspectando

83 3913 215 3976 dominum
246 3933 343 3984 suum,
377 3925 508 3989 quantum
536 3925 659 3989 possent,
688 3918 858 3989 adjuvarent,
883 3919 906 3974 si
947 3915 1114 3981 differretur,
1130 3913 1166 3970 ob
1185 3914 1213 3970 id
1229 3913 1378 3984 precipue,
1399 3926 1433 3970 ne
1447 3914 1515 3985 quid
1529 3913 1715 3970 inordinatum
1724 3927 1770 3983 sy·

84 4005 157 4062 nodo
176 4007 212 4064 ad
234 4006 412 4064 deditionem
427 4007 521 4064 venire
536 4006 648 4064 vellent.
664 4006 707 4063 illi
722 4019 798 4074 vero,
813 4020 908 4077 quam·
947 4004 1038 4062 nodus
1051 4004 1173 4058 Romana
1196 4003 1224 4057 in
1244 4016 1304 4058 eum
1325 4003 1531 4073 praecipitanter
1549 4001 1646 4058 iecisse
1662 4003 1768 4058 causari

83 4092 118 4147 vis
138 4093 240 4153 trustra
255 4096 418 4153 sevenisse
434 4094 579 4166 solitisque
593 4094 709 4154 iallaciis
729 4101 757 4152 et
771 4095 844 4152 dolis
858 4095 906 4151 de·
947 4093 1079 4164 potuerit.
1113 4093 1230 4163 Legatos
1262 4104 1378 4161 namque
1411 4091 1486 4164 illius
1518 4092 1605 4162 palam
1629 4091 1770 4162 protessus

86 4179 152 4238 lusos
178 4197 242 4242 esse
273 4184 489 4256 persensissent,
515 4185 587 4240 bona
611 4190 701 4240 tameu
726 4185 857 4254 patientia
872 4185 907 4240 ad
949 4189 1001 4249 est,
1017 4181 1091 4251 quod
1107 4193 1162 4238 non
1177 4179 1275 4236 callide
1290 4186 1333 4236 set
1348 4183 1511 4238 necessitate
1531 4189 1644 4238 coaetus
1658 4180 1770 4238 dimise·

86 4281 181 4339 pacem,
198 4272 385 4330 concordiam
406 4277 434 4329 et
447 4271 608 4343 apostolicae
624 4273 699 4329 sedis
712 4273 907 4330 oboedieutiam
948 4271 996 4338 rit,
1021 4270 1094 4341 quod
1120 4269 1251 4336 uoudum,
1265 4271 1342 4338 juxta
1366 4271 1440 4339 quod
1460 4271 1488 4326 iu
1517 4273 1640 4339 proxima
1662 4275 1770 4344 syuodo

86 4355 153 4425 ipsos
166 4362 327 4419 secundum
348 4375 410 4418 sese
425 4361 613 4433 paratissimos
631 4361 690 4418 deri
705 4369 845 4432 oportere,
868 4375 908 4417 sa·
949 4374 1019 4430 papa
1033 4359 1171 4426 sanctivit,
1188 4358 1257 4414 tales
1275 4359 1300 4413 ei
1320 4357 1426 4428 legatos
1440 4359 1582 4426 direxerit,
1603 4362 1650 4430 qui
1666 4363 1772 4432 legatos

87 4443 117 4500 tis
137 4449 340 4508 admonebant.
365 4449 413 4506 lsti
438 4456 527 4505 autem
557 4455 681 4516 econtra,
706 4449 807 4505 nullam
833 4432 1120 4520 pacisDapostottcos
1144 4462 1194 4517 pro
1223 4454 1276 4503 tam
1300 4448 1415 4503 maxima
1434 4447 1554 4503 sedanda
1578 4450 1717 4507 discordia
1744 4453 1771 4507 iu

87 4545 168 4604 neque
184 4553 266 4610 papae
293 4550 390 4596 curum
404 4551 465 4594 sese
480 4543 507 4593 et
521 4537 661 4593 domiuum
676 4551 755 4592 suum
770 4537 913 4594 babituros
953 4536 1149 4594 Tbeutouicam
1169 4537 1284 4605 patriam
1307 4549 1421 4592 securos
1434 4535 1535 4593 ducere
1559 4545 1683 4607 possent.
1698 4543 1773 4596 lura·

89 4617 284 4696 {erepublica
301 4625 520 4682 conclamatione
541 4623 669 4695 professi,
685 4623 738 4680 ilde
754 4625 911 4695 pariterque
953 4627 991 4682 uit
1019 4633 1109 4680 autem
1138 4625 1213 4693 quod
1241 4625 1369 4680 dominus
1390 4639 1457 4680 suus
1480 4625 1548 4680 telos
1570 4626 1684 4682 llomam
1704 4626 1773 4683 inira

90 4723 149 4776 pace
163 4715 197 4770 ad
211 4717 338 4772 invicem
353 4713 519 4781 renuntiata,
534 4715 575 4770 sic
594 4719 696 4770 temere
717 4713 857 4783 provocati
870 4727 912 4769 re·
953 4714 1142 4771 ascensionem
1161 4713 1269 4768 bomini
1290 4713 1422 4768 missurus
1436 4719 1519 4779 esset,
1535 4721 1562 4770 et
1581 4715 1656 4784 quod
1671 4717 1731 4786 ipse
1746 4719 1774 4772 ιι

91 4801 249 4865 patriabant.
954 4817 1035 4859 causa
1063 4802 1141 4873 regni
1169 4801 1305 4858 oboediret
1333 4801 1498 4858 omnimodis
1518 4803 1677 4872 apostolice
1702 4805 1773 4862 sedi.
1840 4793 1846 4810 ¹

121 4890 166 4945 llis
189 4893 296 4949 diebus
322 4897 386 4950 ante
414 4891 648 4962 quadragesimam
673 4891 728 4948 dux
755 4889 845 4948 Wello
872 4905 914 4948 as-
953 4893 1076 4948 luratum
1095 4897 1137 4946 est
1156 4895 1231 4947 etex
1246 4897 1323 4960 parte
1339 4890 1562 4959 registtoudctu,
1579 4893 1652 4963 quod
1669 4900 1696 4950 et
1715 4895 1774 4965 ipsc

775 5051 886 5108 ιιιιι
905 5053 1097 5128 ιιιιιοιιιι.

124 5163 152 5196 ”²
172 5165 361 5238 optimatibus
374 5165 417 5222 ed.
455 5165 487 5199 ἰ·
502 5166 680 5240 egreditur2.
718 5165 751 5200 ”⁸
765 5181 826 5224 eunt
845 5166 873 5222 2.

884 5304 992 5360 NOTAE.

127 5414 197 5484 (18οι
221 5419 291 5474 Otto
308 5429 402 5474 comes
425 5424 453 5474 et
467 5416 642 5489 provincialis
660 5417 776 5543 regius
769 5432 796 5473 ιι
811 5417 918 5475 libaetia
958 5431 1022 5474 ann
1047 5416 1127 5480 l095.
1141 5415 1279 5486 utrimque
1298 5421 1373 5472 certe
1389 5415 1461 5472 idem
1475 5417 1622 5475 comitatus
1645 5420 1782 5496 intelligi-

97 5481 215 5544 turiensi
238 5494 356 5546 notatur
374 5489 403 5544 iu
426 5433 521 5545 charta
547 5487 669 5543 Heinrici
705 5489 811 5544 laun.
839 5489 917 5556 1050,
959 5495 1014 5546 ιιι.
1030 5491 1090 5546 llss.
1106 5487 1146 5543 Gi.
1161 5487 1257 5544 stelin.
1274 5487 1344 5543 illst.
1361 5488 1566 5560 wirtemberg,
1582 5489 1690 5561 poce.

99 5549 191 5614 12lul.
219 5558 314 5616 iilius
337 5561 397 5628 eius
423 5559 507 5617 luisse
529 5560 638 5616 ridetur
660 5558 805 5616 Udalricue
827 5574 920 5618 comes
1014 5559 1071 5618 tatu
1088 5573 1121 5616 eo
1135 5573 1207 5616 auno
1221 5558 1378 5628 incoepitd.
1391 5559 1574 5618 7Fcbruarii.

97 5623 126 5680 de
140 5630 304 5701 bragantia,
326 5633 365 5686 uti
379 5637 494 5688 vocatur
514 5631 543 5688 ιι
560 5630 616 5688 alio
629 5629 752 5700 ejusdem
771 5631 919 5700 diplomate
1015 5629 1077 5703 tet)
1093 5629 1188 5697 blansi,
1205 5635 1225 5684 t.
1241 5631 1297 5698 xx,
1308 5645 1337 5701 p.
1352 5629 1414 5687 525.

179 5735 309 5796 Persou.
325 5733 445 5794 clitum
1677 5743 1709 5796 ιι
