4036 6162
285 289 338 344 883
799 325 804 332 .
827 282 992 336 intuuntur
1012 279 1277 336 hublottuuttsts
1294 277 1426 336 cubutcl
1874 279 1908 334 itt

285 413 420 478 sissimus,
440 409 469 465 in
494 405 627 478 angustiis
653 403 777 475 pervigii,
797 403 831 460 de
851 404 970 460 bostium
990 404 1286 466 victoriahuniversis
1308 401 1414 458 civibus
1435 399 1493 454 suis
1517 397 1581 454 mihi
1603 395 1689 454 iacere
1711 397 1798 454 iisdem
1813 403 1907 456 assedit·

285 501 432 568 sollicitus,
448 511 509 555 eum
529 497 584 566 jam
603 493 656 550 sibi
672 506 687 548 a
706 492 782 549 nullo
797 507 831 548 111
845 493 950 550 civibus
968 494 1107 551 subreniri
1148 492 1230 550 nibus
1253 489 1421 561 promiserit,
1443 487 1568 542 universa
1591 485 1716 555 quiequid
1731 485 1762 540 de
1775 486 1812 541 his
1826 491 1908 558 negotiis

288 605 370 664 posse
398 589 506 645 demum
530 582 720 654 comperisset,
745 595 777 638 ao
806 582 878 638 ultra
905 584 1057 653 capitaneis
1081 588 1108 640 et
1149 582 1286 654 poposcit,
1302 580 1353 635 sub
1375 579 1429 633 mei
1454 576 1561 646 imperii
1585 588 1663 644 poena
1684 575 1751 630 circa
1769 580 1856 645 tempus
1871 585 1908 632 str-

289 677 489 736 valvassoribus
521 687 576 731 non
608 687 690 743 posse
724 673 863 736 resistere,
894 674 963 729 mori
998 679 1109 742 paratus
1150 679 1237 727 tutum
1262 669 1376 738 impiere
1401 679 1456 722 non
1481 665 1613 730 desinam,
1633 669 1660 720 et
1682 675 1770 718 omnes
1786 665 1863 718 civium
1877 665 1908 720 iri·

291 783 373 840 quam
401 766 536 824 civitatem
565 777 597 818 ac
625 762 756 833 populum
784 763 907 832 quamvis
935 762 1109 818 multitudine
1149 760 1237 817 mices
1255 759 1283 813 in
1298 759 1357 826 ejus
1373 761 1400 811 et
1414 767 1526 810 suorum
1540 751 1677 808 voluntate
1692 751 1849 820 committens,
1861 753 1909 808 omni

293 856 433 930 parvulum
448 861 539 910 tamen
560 851 624 907 ndei
639 866 695 907 suae
710 849 844 906 creditum
859 851 985 907 hostibus
1000 852 1109 907 tradere
1151 847 1328 904 excusatione
1356 849 1472 909 remota,
1488 840 1606 897 lideliter
1633 839 1742 906 tradam,
1763 846 1787 895 et
1806 841 1909 895 rindirtan

291 946 438 1004 criminose
461 964 468 999 ε
493 942 540 998 lici
565 947 593 997 et
616 939 839 996 bestihmbrosii
858 939 945 996 iretus
963 940 1109 1012 suffragiis,
1151 947 1351 1007 quamcumque
1371 932 1399 987 in
1423 931 1463 987 eis
1487 942 1616 985 exercere
1640 927 1777 994 voluerint,
1794 941 1807 981 a
1827 942 1858 982 me
1876 941 1910 982 mn

290 1034 423 1092 conscilio
447 1040 539 1089 tamen
567 1043 717 1101 paucorum
742 1030 868 1096 edoctus,
897 1043 958 1084 cum
987 1028 1109 1092 Arborio,
1151 1023 1339 1088 recusabitur,
1378 1027 1406 1075 et
1442 1019 1543 1090 quibus
1580 1031 1673 1087 pacem
1708 1016 1857 1082 exercebant,
1881 1031 1911 1084 prr

292 1137 362 1180 nnus
375 1121 408 1153 ⁴¹⁹
431 1122 465 1178 de
488 1119 699 1185 valvassoribus,
724 1119 772 1188 qui
795 1119 889 1174 socius
912 1132 973 1174 cum
998 1118 1058 1188 ipso
1082 1118 1111 1173 in
1152 1113 1244 1170 omnia
1264 1110 1395 1182 pacibcus
1409 1123 1468 1174 ero,
1485 1112 1513 1162 et
1531 1106 1662 1162 adversus
1676 1103 1816 1175 quosbella
1831 1118 1911 1160 cunno

292 1211 466 1283 passionibus
487 1222 597 1279 semper
619 1207 780 1276 permansit,
794 1206 829 1262 ad
855 1207 1001 1262 ilenricum
1026 1205 1112 1275 impe-
1152 1201 1265 1268 vebunt,
1294 1198 1402 1270 gladius
1435 1209 1512 1251 meus
1540 1198 1666 1250 conteret
1696 1205 1749 1248 eos.
1769 1209 1782 1248 a
1805 1193 1856 1248 cun
1878 1192 1910 1246 111

291 1307 421 1367 retorem,
445 1299 492 1371 qui
517 1298 634 1363 noviter,
661 1301 758 1351 contra
786 1301 876 1351 tamur
905 1295 1042 1352 {tertberti
1066 1308 1111 1350 vo·
1154 1293 1242 1347 Lanzo
1271 1287 1403 1354 audisset,
1429 1291 1457 1340 et
1484 1284 1547 1354 plus
1570 1295 1651 1353 quam
1674 1287 1799 1352 sperasset
1814 1281 1835 1336 io
1852 1287 1910 1334 nrntr

291 1390 435 1454 luntatem,
459 1389 626 1451 surrexerat,
650 1397 765 1453 sperans
788 1397 818 1438 sc
842 1385 902 1452 eius
923 1383 1046 1452 imperiis
1067 1397 1113 1452 pa·
1153 1394 1202 1436 sua
1217 1378 1401 1449 cognovisset,
1417 1379 1448 1431 ut
1462 1381 1521 1429 erat
1536 1373 1578 1429 vir
1592 1371 1681 1442 magni
1694 1369 1788 1442 ingenii
1800 1381 1910 1440 magnaque

292 1488 428 1532 comeum
452 1472 556 1543 populo
576 1471 689 1538 habere,
709 1483 776 1526 auro
794 1475 821 1524 et
845 1475 958 1540 argento
977 1469 1113 1525 honustus
1154 1467 1272 1535 astutias,
1300 1465 1385 1522 alacri
1413 1463 1505 1519 animo
1533 1467 1714 1531 promptoque
1738 1459 1912 1525 1111111111

290 1563 431 1621 curialiter
454 1559 581 1617 tetendit.
601 1559 652 1627 Qui
672 1573 733 1614 cum
753 1559 781 1612 in
801 1557 874 1627 regis
889 1558 976 1625 curia,
991 1563 1022 1615 ut
1035 1557 1112 1614 nobi·
1154 1569 1251 1628 magna
1279 1554 1420 1623 multaque
1441 1540 1471 1584 ⁸⁸¹
1501 1549 1573 1606 lacta
1597 1563 1631 1604 ex
1656 1547 1698 1604 bis
1724 1545 1842 1603 consciliis
1861 1543 1911 1598 larilr

288 1654 324 1710 lis
338 1667 370 1708 ac
390 1651 424 1708 de
444 1661 541 1721 magna
567 1648 677 1704 civitate
704 1647 850 1713 oriundus,
880 1647 1028 1716 aliquantis
1051 1659 1113 1703 cum
1154 1644 1282 1716 adipisci,
1302 1643 1356 1699 lide
1380 1640 1443 1697 data
1465 1646 1548 1710 atque
1566 1643 1689 1708 accepta,
1712 1631 1913 1706 temponbtuordi

289 1739 423 1796 militibus
442 1737 573 1804 venisset,
589 1735 682 1791 multis
697 1740 725 1790 et
743 1735 848 1806 magnis
869 1735 1031 1791 muneribus
1048 1735 1228 1805 virianatis
1242 1731 1394 1791 consensit.
1415 1731 1527 1786 Demum
1546 1726 1753 1784 salutationibus
1769 1723 1827 1780 dabs
1838 1727 1912 1777 ctare

292 1827 419 1898 palatinis
447 1824 655 1894 circumsparsis
679 1824 813 1890 studiose,
829 1823 1030 1879 honorabiliter
1053 1837 1112 1879 sus·
1154 1839 1187 1896 ge
1202 1823 1261 1878 vale
1277 1822 1363 1887 dicto,
1385 1818 1465 1874 laetus
1484 1829 1565 1887 quam
1587 1815 1670 1872 eitius
1688 1814 1770 1884 potnit
1785 1809 1912 1866 llediolrruu

196 1944 200 1952 ·
289 1921 386 1984 ceptus
401 1920 453 1970 est.
474 1915 583 1974 interea
601 1927 617 1968 a
641 1927 704 1983 rege
722 1915 809 1968 Lanzo
833 1925 972 1982 perpauca
987 1912 1021 1967 de
1037 1912 1115 1968 lleri·
1156 1911 1309 1984 repedavit.
1332 1911 1391 1977 Quo
1406 1907 1583 1972 adventante,
1599 1917 1659 1961 cum
1680 1905 1732 1974 jam
1750 1896 1910 1970 buiusreilanr

289 2005 361 2061 berti
377 2001 609 2074 prosperitatibus
623 2002 819 2071 interrogatus,
835 2001 1033 2072 perplurimum
1048 2013 1114 2056 vero
1157 2002 1191 2058 ad
1207 1999 1300 2072 populi
1316 2013 1397 2055 aures
1416 1997 1597 2067 pervenisset,
1614 1992 1708 2050 laetitia
1725 1991 1835 2046 immensa
1845 1995 1913 2054 etgar

291 2094 325 2149 de
355 2092 432 2149 urbis
462 2090 581 2164 negotiis
608 2090 775 2157 sciscitatus,
803 2089 832 2145 in
861 2089 905 2146 his
933 2090 1115 2160 compatiens,
1158 2091 1233 2146 dium
1257 2086 1444 2145 inextimabile
1459 2085 1554 2155 coepit.
1581 2085 1647 2140 Cum
1661 2087 1746 2138 autem
1760 2081 1831 2136 baum
1845 2073 1912 2130 lelio·

292 2178 493 2251 aliquantulum
509 2178 704 2235 consederunt.
731 2179 768 2234 be
782 2193 839 2249 quo
855 2179 927 2234 enim
942 2180 1115 2245 lleribertus,
1159 2180 1250 2236 lanum
1258 2178 1388 2244 venisset,
1395 2176 1524 2232 concives
1534 2174 1642 2230 bonore
1653 2168 1825 2228 decentissimo
1832 2170 1853 2220 et
1860 2161 1913 2218 truli-

293 2270 359 2342 quia
383 2268 530 2326 ileinrious
543 2267 578 2324 de
592 2266 712 2324 conradi
737 2267 869 2339 progenie
885 2267 1019 2338 originem
1034 2267 1120 2323 dure·
1160 2269 1213 2325 bns
1226 2266 1368 2324 immensis
1383 2266 1472 2336 ipsum
1487 2262 1660 2336 gratulanter
1673 2249 1913 2330 susceperuntlodm
1959 2239 1960 2252 ¹

293 2365 346 2427 rat,
370 2372 451 2428 quem
477 2355 656 2412 memorando
681 2369 765 2424 supra
788 2356 858 2411 meis
886 2356 992 2412 retexui
1016 2354 1121 2412 deseri·
1162 2357 1207 2414 die
1231 2356 1396 2412 salutatione
1420 2354 1493 2426 regis
1512 2351 1618 2423 populo
1642 2348 1737 2406 munti
1754 2346 1856 2402 universo
1869 2340 1915 2398 data.

298 2446 449 2518 prioribus,
464 2459 479 2500 a
500 2457 586 2516 regno
601 2449 699 2500 contra
713 2442 788 2512 quod
807 2443 867 2511 ejus
885 2442 1053 2500 voluntatem
1068 2443 1121 2499 sibi
1163 2450 1192 2501 et
1209 2446 1236 2500 in
1257 2445 1352 2516 paucis
1366 2445 1454 2500 lanzo
1469 2441 1554 2497 multa
1573 2435 1808 2511 comprehendens,
1820 2431 1917 2486 donent
1960 2440 1961 2494 t

299 2538 464 2605 sumpserat,
480 2533 593 2590 omniuo
609 2531 786 2600 dissentiens,
801 2536 832 2587 ut
854 2529 937 2588 alium
955 2533 1042 2589 Roma
1060 2544 1122 2588 cum
1164 2535 1242 2606 quasi
1261 2534 1336 2605 regia
1351 2533 1385 2589 ab
1401 2532 1497 2588 amicis
1515 2535 1543 2587 et
1557 2527 1671 2586 famulis
1688 2530 1801 2596 receptus
1815 2525 1854 2578 est.
1871 2517 1917 2572 1111

301 2624 378 2682 ltalia
397 2635 490 2693 regem
513 2620 638 2687 haberet,
658 2618 778 2676 sollicite
803 2633 915 2690 operam
937 2621 1030 2678 dabat.
1054 2621 1124 2688 Qua·
1164 2638 1212 2680 rea
1236 2625 1324 2679 Lauro
1347 2621 1444 2693 paucis
1466 2623 1656 2677 commoratus
1678 2616 1776 2682 diebus,
1793 2608 1919 2668 11111111

302 2714 416 2779 propter
438 2706 573 2763 llenricus
596 2706 668 2763 ultra
686 2719 782 2763 omnes
800 2705 889 2776 ipsum
904 2705 938 2763 ad
957 2707 1001 2763 sui
1015 2705 1124 2778 imperii
1165 2711 1245 2769 scilic
1260 2710 1407 2776 discretus,
1423 2707 1514 2764 animo
1533 2706 1669 2778 providus
1683 2710 1709 2762 et
1722 2699 1833 2761 eonseiib
1844 2699 1918 2751 murm

302 2796 463 2869 dignitatem
486 2794 540 2852 sibi
564 2792 688 2850 iniestari
711 2794 770 2865 parl
789 2793 1032 2851 assertionibus‘⁸⁰
1051 2807 1125 2851 eom·
1166 2799 1326 2858 cottidianis
1345 2795 1595 2854 exercitationibus
1616 2792 1824 2854 accuratissimus,
1836 2783 1919 2841 rmum

303 2885 424 2958 periens,
440 2899 502 2943 enm
517 2898 579 2942 com
597 2883 725 2942 omnibus
743 2885 801 2940 suis
815 2883 949 2940 militibus
966 2889 1124 2954 suspectum
1167 2903 1230 2960 quae
1245 2888 1306 2959 ipse
1321 2885 1387 2956 egit,
1403 2885 1498 2956 quanti
1513 2882 1589 2941 toret
1608 2881 1720 2954 periculi
1734 2893 1784 2936 sne
1796 2873 1850 2948 parti
1860 2868 1921 2926 alvu·

303 2975 432 3032 babebat.
457 2975 491 3029 Et
512 2980 543 3030 ut
564 2973 600 3028 ad
622 2973 699 3029 urbis
721 2971 832 3044 uegmm
856 2971 976 3040 redeam,
996 2986 1059 3043 quae
1077 2971 1126 3027 ali·
1168 2977 1313 3043 sariorum,
1337 2975 1429 3030 animo
1448 2973 1572 3030 extuanti
1603 2972 1739 3029 revolvens
1760 2961 1876 3024 trutinavit.
1890 2957 1921 3010 lta
1962 2969 1963 2974 ¹

304 3063 415 3134 quantis
429 3076 509 3134 passa
527 3067 569 3118 est
588 3061 759 3132 temporibus
773 3061 929 3130 transactis,
944 3067 1027 3132 atque
1046 3062 1222 3140 omis-cique
1236 3065 1325 3136 primo
1340 3062 1538 3134 aliquantulum
1557 3075 1622 3120 sese
1641 3060 1769 3133 poenitens
1789 3041 1921 3110 numerale
1963 3054 1964 3128 i

306 3153 345 3208 sis
380 3151 475 3207 multis
511 3151 790 3221 perturbationibus,
832 3150 954 3208 breviter
990 3151 1128 3208 heribern·
1169 3156 1250 3223 cisse,
1279 3151 1463 3210 secretissime
1485 3152 1649 3208 convocatis
1666 3144 1800 3219 aliquantis
1820 3133 1921 3196 11111111

307 3240 485 3307 voluntatem,
510 3238 630 3308 qualiter
648 3251 699 3294 nee
722 3237 774 3294 luit
797 3252 859 3294 cunr
883 3239 985 3310 populo
1008 3253 1060 3296 nec
1083 3253 1129 3296 vo·
1170 3244 1374 3313 universaque
1395 3253 1457 3298 cum
1476 3241 1647 3310 imperatore
1666 3239 1701 3297 ob
1718 3225 1922 3309 popdttmtmr

308 3329 441 3386 luntatem
464 3328 598 3398 majorum
618 3326 698 3398 iuvit,
718 3327 836 3384 edicam.
860 3328 946 3399 lgitur
968 3328 1130 3385 tleribertus
1171 3333 1247 3406 pacis
1277 3331 1491 3388 stabilimentum
1522 3331 1637 3401 egerit,
1669 3325 1780 3386 seriatim
1807 3307 1921 3376 rodum

221 3477 226 3490 ,
309 3430 371 3474 oum
394 3417 500 3482 animos
524 3415 731 3485 capitaneorum
756 3415 827 3471 ultra
849 3416 960 3473 modum
986 3415 1130 3487 inprimis
1171 3421 1312 3480 denudare
1344 3419 1481 3491 satagunt
1512 3418 1665 3489 quinetiam
1694 3414 1754 3487 qnid
1778 3401 1883 3480 augment
1897 3393 1921 3450 ul

310 3505 427 3573 luxuria,
440 3505 571 3572 11111111,
587 3505 743 3575 ceterisque
767 3503 845 3561 malis
868 3505 974 3562 artibus
995 3505 1133 3562 irrevoca·
1171 3512 1239 3583 quid
1258 3509 1416 3567 detrimenti
1440 3508 1494 3578 ipsi
1519 3512 1547 3564 11
1569 3521 1673 3565 uxores
1696 3510 1722 3562 et
1741 3501 1784 3559 ilii
1801 3512 1827 3554 ar
1844 3495 1922 3562 ipsttil

311 3596 405 3653 biliter
423 3593 540 3652 effrenes
563 3593 689 3662 vidisset,
705 3599 732 3649 et
757 3592 1001 3663 predicationibus
1027 3593 1131 3662 multis,
1172 3613 1252 3657 resa
1271 3595 1439 3664 teutonicis,
1459 3609 1537 3667 gens,
1564 3595 1627 3652 stne
1651 3591 1776 3652 1011511110
1794 3585 1842 3642 gina
1858 3569 1924 3635 1111111

312 3693 342 3744 11
365 3684 482 3741 decebat
503 3687 579 3739 tanto
602 3682 672 3749 viro,
698 3681 774 3752 ipsos
798 3688 827 3737 ot
851 3683 879 3738 iu
906 3683 1002 3752 patriis
1025 3682 1132 3754 legibus
1174 3688 1279 3754 cordia,
1295 3686 1403 3758 passuri
1426 3689 1529 3751 essent,
1552 3690 1582 3740 ut
1609 3697 1689 3756 quam
1711 3677 1824 3738 citissime
1839 3668 1864 3725 ad
1879 3658 1924 3734 preb

312 3778 515 3846 permanerent,
531 3770 645 3827 cottidie
668 3770 741 3826 idem
765 3770 877 3842 egisset,
901 3785 953 3828 nec
977 3771 1059 3828 minis
1081 3785 1133 3827 nec
1174 3778 1308 3834 uaimtem
1322 3788 1383 3831 eum
1409 3772 1512 3844 populo
1536 3773 1667 3830 omnibus
1688 3769 1840 3839 antiquomn
1854 3747 1926 3812 mutis

312 3861 454 3920 blanditiis
472 3860 603 3916 adversus
623 3860 755 3930 populum
769 3861 884 3916 animari
904 3860 1005 3929 potnit.
1020 3859 1071 3928 Qui
1085 3859 1134 3915 liei
1175 3865 1294 3937 negotiis
1306 3864 1443 3929 venirent,
1453 3863 1491 3919 ob
1505 3876 1567 3932 quae
1581 3862 1638 3932 ipsi
1651 3873 1735 3931 usque
1748 3853 1818 3913 modo
1830 3835 1927 3919 pugnauit

314 3963 408 4007 amore
422 3949 529 4006 vinctus
552 3954 580 4003 et
598 3948 672 4003 beati
694 3947 831 4004 Ambrosii
851 3948 921 4004 lacte
945 3962 1005 4005 cum
1031 3947 1133 4019 populo
1176 3954 1316 4013 nostiliter
1338 3967 1355 4009 a
1378 3950 1482 4023 popula
1506 3951 1664 4024 exigebant,
1683 3943 1838 4007 ostendisset,
1853 3927 1927 3990 11111

314 4037 444 4104 nutritus,
473 4049 488 4090 a
521 4035 627 4107 magnis
655 4040 746 4092 1111111
779 4037 940 4105 parentibus
971 4035 1054 4106 altus,
1083 4023 1135 4093 nec
1177 4057 1209 4100 ac
1236 4055 1333 4113 aspera
1363 4040 1417 4096 illis
1446 4041 1617 4096 interserens
1638 4038 1736 4105 verbis,
1758 4029 1824 4105 quasi
1846 4021 1928 4088 1111111

285 4135 289 4140 ·
316 4123 448 4181 militibus
462 4123 510 4195 qui
529 4124 625 4180 urbem
645 4122 760 4180 cottidie
780 4123 927 4180 turbabant
940 4123 1134 4193 auxiliabatur,
1178 4131 1314 4188 consedit.
1339 4130 1405 4186 cum
1421 4136 1512 4185 autern
1531 4127 1697 4186 haecomnia
1717 4137 1777 4196 pars
1789 4117 1828 4176 illa
1841 4103 1929 4168 nobilium

316 4228 367 4271 neo
382 4213 487 4270 civibus
501 4213 623 4270 obsessis
637 4225 738 4268 nocere
754 4211 901 4281 studebat;
922 4213 1004 4269 etsie
1022 4226 1074 4269 nec
1089 4212 1137 4270 uni
1178 4219 1365 4277 curiosissima
1384 4217 1512 4274 universa
1535 4216 1741 4288 perscrutando,
1756 4215 1784 4267 ut
1794 4209 1854 4278 gesta
1865 4195 1928 4252 111111

317 4302 388 4375 parti
411 4303 538 4370 nocebat,
555 4316 607 4358 nec
629 4302 709 4358 alteri
732 4301 879 4358 subvenire
893 4303 1017 4359 curabat.
1036 4307 1070 4359 11
1089 4317 1138 4359 1111
1180 4311 1334 4365 abancune
1354 4307 1544 4376 comperisset,
1559 4305 1659 4362 animis
1673 4316 1721 4374 per
1737 4297 1838 4371 plurima
1852 4287 1885 4342 diu
1898 4277 1930 4332 tir

317 4393 454 4450 ilenricus
472 4406 533 4448 curn
550 4391 603 4448 sibi
623 4391 728 4448 ltaliam
745 4391 781 4448 ob
798 4391 884 4462 patris
904 4391 1278 4462 perbdiaminie·1ttractis
1303 4394 1421 4462 diversa,
1449 4394 1558 4451 tandem
1591 4399 1623 4451 nt
1654 4388 1781 4448 1111111111
1810 4379 1854 4437 illis
1877 4373 1931 4426 iam

318 4487 415 4540 statam
443 4480 536 4538 multis
564 4481 739 4551 cognovisset
764 4480 974 4549 assertionibus,
1000 4495 1051 4538 nee
1075 4477 1140 4538 unl'·
1182 4487 1261 4542 daret
1275 4483 1436 4542 conscilium
1451 4483 1635 4555 postularunt.
1659 4481 1742 4552 igitur
1754 4477 1838 4534 11110.
1849 4453 1933 4519 lilim

320 4585 398 4628 versa
422 4571 545 4641 eiusdem
570 4569 655 4625 ltaliae
683 4569 736 4625 sibi
765 4568 938 4626 adversantia
961 4584 1012 4640 per
1039 4573 1141 4627 banzo-
1183 4573 1307 4648 praevlsis
1329 4573 1453 4630 consiliis
1471 4583 1504 4629 11
1518 4572 1652 4629 bellorum
1675 4557 1844 4626 determinatis
1862 4545 1933 4620 prim

321 4673 384 4717 nem
411 4673 444 4716 ae
467 4658 534 4716 urbo
561 4657 806 4715 llediolanensium
832 4658 891 4714 suis
913 4671 995 4727 posse
1019 4659 1143 4730 imperiis
1183 4665 1228 4731 lis,
1245 4662 1406 4720 conscilium
1421 4661 1499 4719 dedit
1521 4665 1551 4717 ut
1573 4660 1718 4722 civitatem,
1733 4662 1805 4725 quam
1825 4639 1866 4713 ipsi
1880 4635 1934 4700 illl·

321 4749 496 4822 reintegrari,
516 4762 566 4819 per
580 4748 758 4818 interpretem
774 4747 865 4804 dixit:
884 4747 991 4816 «Quod
1011 4749 1034 4805 si
1054 4751 1144 4806 Lauro
1184 4757 1343 4824 gnaverant,
1372 4749 1486 4822 pacibce
1512 4747 1685 4821 introgressi,
1708 4755 1765 4814 qua
1794 4731 1856 4807 pacis
1877 4717 1935 4818 tatii*

321 4838 375 4896 ssde
407 4853 440 4896 11
472 4837 620 4910 evangeliis
649 4838 712 4908 jure
744 4835 810 4893 mihi
844 4835 964 4908 iurando
996 4837 1144 4896 firmaverit
1184 4841 1348 4912 cogitarent,
1362 4853 1425 4911 quae
1439 4831 1753 4896 aedificationessuorum
1767 4813 1935 4886 astutiarum

321 4934 457 5000 quatenus
483 4925 554 4982 inira
582 4926 720 4983 civitatem
752 4924 996 4983 llediolanensium
1025 4931 1143 4998 quatuor
1183 4929 1285 4996 lorent,
1309 4930 1434 4985 securius
1461 4931 1620 4984 tractarent.
1643 4927 1681 4982 lte
1704 4913 1842 4978 homicidiis
1858 4903 1935 4990 remic

322 5015 397 5073 milia
419 5013 528 5087 equites
550 5013 604 5070 mei
625 5013 696 5084 iuris
710 5013 770 5070 siue
784 5012 856 5070 malo
871 5026 903 5070 ac
922 5027 1006 5083 pravo
1030 5012 1142 5086 ingenio
1184 5020 1269 5076 rebus
1292 5017 1418 5088 perditis,
1435 5031 1498 5088 quae
1521 5017 1549 5072 iu
1573 5016 1673 5074 talibus
1690 5010 1775 5069 solent
1792 4987 1936 5060 etenimiti·

322 5104 425 5163 admei
449 5105 583 5162 honorem
609 5103 747 5175 recipiens
766 5101 920 5171 immiserit,
936 5109 964 5160 et
977 5103 1041 5160 illos
1056 5119 1143 5176 usque
1185 5108 1249 5176 diis,
1265 5107 1299 5164 ab
1312 5111 1428 5177 utraque
1445 5112 1533 5176 parte,
1549 5105 1626 5176 quasi
1645 5103 1720 5160 lance
1737 5079 1936 5168 111111111ῑὲξι

322 5195 425 5254 admei
449 5194 606 5262 adrentum,
628 5193 657 5250 in
672 5197 804 5266 quantum
820 5193 951 5264 potuerit,
967 5193 1002 5250 de
1017 5194 1145 5252 omuibus
1186 5198 1334 5263 trutinans,
1361 5194 1495 5266 iudicavit
1522 5193 1582 5253 lore
1613 5191 1761 5249 tacendum.
1789 5173 1848 5248 Quid
1870 5160 1937 5223 ΝΜ

323 5285 432 5357 imperii
455 5284 508 5341 mei
532 5282 701 5354 adjuvaverit
723 5281 853 5350 inimicis,
873 5287 901 5339 et
926 5282 1087 5340 fidelitatem
1110 5287 1144 5342 ab
1186 5287 1277 5345 llultis
1302 5285 1412 5342 demum
1431 5282 1556 5356 probatis
1574 5280 1704 5347 consiliis,
1727 5285 1782 5333 cun
1799 5257 1905 5322 11111111
1922 5251 1937 5300 ‘¹

1002 5421 1112 5476 VhltlAE
1139 5421 1332 5480 rectiones

364 5547 395 5580 ⁸¹⁸
409 5548 480 5604 deest
494 5549 524 5603 n.
562 5546 594 5579 ⁸⁸⁰
608 5545 759 5603 assertione
773 5543 814 5600 lii.
853 5543 882 5576 ”¹
899 5544 983 5601 multa
998 5560 1148 5616 magnaque
1164 5549 1194 5602 li.
