4036 6162
157 217 211 277 925
673 221 829 279 HISTORIA
847 221 1122 280 MEDIOLANENSIS.
1141 251 1177 262 -
1195 221 1258 280 ΗΒ.
1279 221 1324 278 tit.
1789 211 1845 270 920

157 351 184 404 et
199 345 358 418 opprimere
385 345 488 416 iniuste
507 343 653 418 disposuit,
683 345 725 404 itii
743 359 814 418 qnos
841 345 901 417 ipse
928 345 1103 412 snbAbeato
1123 347 1205 404 Petro
1219 345 1357 418 apostolo,
1380 341 1561 418 iureiurando
1585 340 1620 398 de
1643 355 1678 399 eo
1702 341 1777 397 tanta
1800 351 1846 394 ca·

156 435 294 508 quandam
312 433 497 492 obedientiam
517 449 601 507 snper
614 435 726 492 eosdem
740 434 900 492 sacerdotes
914 433 983 491 mul·
1022 434 1120 492 tbedra
1135 434 1189 505 ipsi
1203 435 1386 506 collegerunt,
1402 436 1432 490 nt
1445 429 1520 504 qnod
1537 442 1631 487 verum
1646 431 1706 485 crat
1724 424 1843 498 aperuit,

156 524 193 582 tis
204 539 265 582 cum
281 523 411 596 capitulis
425 523 572 582 animando
587 524 669 582 velud
693 538 795 596 porcos
818 524 980 592 immiserat,
1023 529 1051 582 et
1064 525 1138 595 quod
1154 523 1250 582 ialsnm
1266 523 1400 582 obmutui.
1416 523 1450 580 st
1473 520 1513 578 sic
1532 518 1599 576 ialsa
1617 515 1715 590 religio
1734 515 1843 573 illorum

157 613 198 671 illi
212 613 329 670 insidias
351 611 422 669 lama
441 613 601 684 turpissima
620 612 779 685 pervolante
802 612 831 669 in
855 611 981 684 proximo
1023 613 1136 684 opilata,
1157 614 1208 670 sub
1224 613 1354 680 obscuro,
1370 625 1404 668 ne
1419 609 1536 668 diuersis
1550 605 1718 666 cruciatibus
1740 606 1844 660 attere-

156 707 334 777 paravcrunt.
355 702 434 760 Unde
448 703 560 774 sapiens
583 702 712 761 Salomon
735 703 871 775 sapientia
894 703 947 760 sibi
966 716 983 760 a
1023 699 1129 767 rentur,
1149 702 1249 760 Urbem
1273 703 1409 760 exierunt.
1434 698 1500 756 itini
1518 697 1566 769 qui
1588 699 1678 754 autem
1699 692 1760 750 baec
1783 704 1847 748 nar-

157 797 213 852 neo
240 791 342 850 collata
369 791 456 850 dicit:
484 811 499 845 «
518 793 569 861 Qui
592 793 654 850 aliis
676 791 780 851 lorcam
804 798 894 865 parat,
922 792 983 865 ipse
1024 792 1102 857 ravit,
1124 804 1194 848 nnus
1222 789 1274 848 iuit
1298 806 1332 848 ex
1359 790 1426 857 illis,
1455 788 1503 860 qni
1531 786 1580 843 illo
1608 789 1733 854 tempore
1760 779 1846 837 nimia

157 881 258 942 incidit
275 881 305 939 in
325 895 385 938 eam
407 882 495 952 (Prou.
512 897 587 951 xxm,
602 881 657 954 27).
674 901 688 936 a
703 881 851 939 Venientes
865 895 983 952 namque
1023 880 1221 950 superstitione
1240 894 1273 937 ac
1295 879 1441 936 vanissima
1465 875 1599 948 religione
1617 877 1649 929 ut
1671 871 1721 928 iiiii
1743 871 1845 927 Scaevae

157 970 270 1044 quidam
298 969 460 1038 suburbani,
481 969 597 1027 diversis
630 984 662 1028 ac
694 971 777 1027 variis
809 970 984 1043 dogmatibus
1023 967 1149 1036 vallatus,
1168 969 1233 1026 bnic
1253 973 1329 1025 tanto
1352 966 1425 1025 iacto
1454 973 1482 1023 ct
1509 961 1667 1021 inconsulto
1694 973 1756 1016 cnm
1783 957 1846 1014 aliis

157 1059 271 1130 irretiti,
286 1065 314 1116 et
327 1058 456 1116 arialdus
483 1059 553 1130 ipse,
583 1061 611 1114 et
638 1058 698 1130 ipse
717 1074 799 1131 quem
818 1059 910 1117 animo
926 1074 983 1132 prae
1024 1055 1164 1114 cathedris
1179 1056 1256 1130 (122)
1283 1062 1312 1114 et
1334 1058 1395 1130 ipse
1418 1051 1577 1113 interfuisse
1600 1049 1694 1108 verbis
1716 1045 1845 1106 terribili·

158 1149 288 1206 omnibus
302 1147 446 1220 diligebat,
468 1151 496 1204 et
510 1146 659 1218 aliquantis
683 1161 744 1204 cnm
770 1147 848 1204 laicis
869 1147 917 1218 qui
935 1147 983 1205 Gi·
1023 1146 1076 1203 bns
1094 1145 1137 1203 ‘'0.

157 1238 233 1295 rardi
259 1236 294 1294 de
323 1235 481 1295 lionteiorti
504 1235 650 1294 sententiis
672 1235 730 1294 iere
753 1237 983 1304 consentiebant,
1060 1234 1106 1292 20.
1134 1233 1207 1308 (19.)
1233 1236 1300 1292 Cum
1326 1232 1357 1266 ”¹
1386 1233 1493 1290 interea
1510 1229 1693 1288 llcdiolannm
1720 1225 1848 1283 arialdus

158 1340 231 1398 quos
245 1327 305 1398 ipse
324 1326 407 1397 paulo
431 1333 461 1382 nt
479 1324 552 1382 tilios
570 1325 731 1398 complexus
758 1325 982 1394 deosculabatur,
1024 1324 1161 1399 uenisset,
1180 1324 1307 1382 universa
1330 1323 1580 1382 ecclesiasticorum
1604 1319 1726 1376 virorum
1750 1314 1848 1384 videns

156 1415 353 1473 adnumerum
376 1413 434 1472 iere
456 1414 563 1488 viginti,
594 1428 655 1472 cum
684 1415 811 1473 viderent
837 1429 899 1472 sese
926 1415 984 1472 suis
1025 1412 1116 1472 oiilcia
1143 1413 1261 1485 quadam
1289 1412 1475 1470 amentissima
1498 1425 1530 1468 ac
1549 1407 1755 1467 dementissima
1781 1417 1845 1461 cru-

156 1504 409 1562 maebinationibns
437 1504 549 1576 suisque
575 1504 722 1562 latratibus
749 1504 855 1576 aliquid
875 1504 984 1562 medio·
1025 1501 1138 1560 delitate
1151 1516 1168 1559 a
1182 1501 1260 1560 malis
1276 1503 1333 1574 jam
1354 1502 1453 1559 doctus
1471 1497 1634 1558 Christianis
1653 1495 1697 1552 vel
1720 1491 1848 1565 aporois

157 1595 215 1652 lani
229 1594 329 1667 egisse,
345 1599 473 1666 tanquam
499 1608 550 1665 pro
574 1594 678 1652 nicbllo
701 1595 845 1664 babentes,
871 1597 984 1653 Romam
1025 1591 1146 1649 coenosis
1167 1591 1324 1650 conculcari
1343 1595 1372 1648 ct
1399 1589 1561 1648 arianorum
1588 1584 1757 1658 argumentis
1781 1594 1848 1638 san·

157 1689 190 1741 ut
200 1683 383 1754 apostolieum
407 1687 573 1755 temptarent
592 1682 760 1754 omninoque
783 1683 981 1756 deprimerent,
993 1683 1083 1744 Bctas
1098 1680 1242 1752 depravari
1257 1680 1414 1752 Scripturas
1427 1687 1456 1736 et
1478 1685 1509 1736 ut
1532 1689 1614 1734 canes
1637 1671 1787 1730 saevissime
1806 1669 1848 1726 di·

157 1771 298 1829 adieruut.
317 1772 367 1840 Qui
387 1787 449 1829 cnm
477 1772 506 1829 in
536 1771 637 1844 palatio
667 1775 851 1830 lausanense
879 1785 983 1831 conve·
1025 1769 1151 1838 lacerari,
1167 1775 1196 1826 et
1216 1769 1308 1840 ipsum
1331 1768 1374 1826 sui
1393 1767 1458 1825 iacti
1478 1765 1636 1837 peniteret,
1659 1761 1758 1819 dolens
1780 1757 1847 1828 qnid

158 1862 275 1930 nissent,
291 1861 383 1918 verbis
405 1861 587 1932 apertissimis
610 1860 681 1918 male
700 1861 840 1919 diiiamare
863 1861 983 1919 Alexan·
1025 1864 1226 1930 ageretsecum
1250 1857 1343 1915 rimari
1368 1857 1447 1928 quasi
1473 1868 1535 1912 cnm
1557 1853 1612 1910 alio
1632 1849 1727 1921 coepit.
1751 1849 1848 1917 ltaque

158 1950 239 2007 drum
258 1955 412 2022 cmpernnt,
429 1950 554 2008 diceutes
572 1950 662 2022 ipsum
685 1950 779 2008 sedem
803 1950 983 2023 apostoticam
1025 1961 1087 2006 cunt
1110 1947 1285 2006 sacerdotum
1313 1947 1435 2004 omnium
1463 1945 1603 2014 totiusque
1627 1937 1746 1998 civitatis
1759 1933 1849 1994 solitis

157 2038 301 2107 invasisse,
317 2043 346 2096 et
359 2040 438 2113 qnasi
453 2038 497 2096 iur
512 2045 540 2096 et
557 2038 629 2097 latro
644 2053 699 2097 non
724 2054 775 2111 per
791 2040 911 2098 bostium
934 2040 983 2097 scd
1025 2038 1160 2106 moribus,
1186 2037 1267 2108 quasi
1285 2037 1407 2094 hominis
1431 2035 1512 2092 nnius
1531 2037 1695 2091 conventum
1712 2041 1774 2086 cum
1789 2024 1849 2098 pri·

159 2140 211 2199 per
225 2124 334 2184 culmen
348 2127 490 2196 intrasset,
511 2145 526 2180 u
554 2133 583 2185 et
601 2127 677 2198 quod
704 2127 780 2186 dono
805 2128 853 2185 nei
882 2128 984 2184 babere
1025 2127 1139 2183 micerio
1159 2138 1264 2194 eorum,
1285 2127 1350 2183 dnm
1371 2126 1401 2182 iu
1420 2123 1593 2196 presbyterio
1618 2120 1697 2177 locus
1716 2129 1848 2173 reueren-

158 2215 267 2284 debuit,
286 2216 339 2273 boc
363 2230 414 2287 per
436 2216 627 2274 detestabilem
646 2216 795 2274 simoniam
814 2215 982 2289 adquisivit;
1025 2215 1077 2272 dus
1091 2230 1125 2272 cx
1144 2214 1266 2286 propriis
1289 2219 1317 2272 et
1339 2214 1504 2272 comunibus
1526 2210 1646 2283 negotiis
1673 2207 1718 2265 die
1745 2211 1850 2264 statuto

158 2304 233 2362 unde
262 2304 366 2361 nullum
386 2304 507 2362 divinum
527 2304 687 2377 mysterium
711 2305 852 2363 celebrare
881 2311 983 2376 potest.
1025 2304 1140 2361 adunari
1164 2304 1356 2375 comperisset,
1385 2302 1511 2374 privatim
1538 2313 1594 2357 nno
1613 2303 1720 2354 tantum
1747 2293 1850 2351 clerico

161 2395 257 2463 itaque
285 2405 337 2449 nos
358 2392 383 2450 si
402 2392 521 2464 populns
543 2395 685 2451 Romanus
703 2393 831 2462 voluerit,
849 2392 984 2465 judicium
1024 2393 1142 2463 stipatus
1157 2406 1218 2449 eum
1232 2391 1340 2450 bomini
1359 2405 1442 2450 crnce
1471 2389 1546 2448 venit
1573 2388 1601 2444 in
1620 2385 1750 2444 medium.
1771 2383 1851 2439 Cum·

160 2481 356 2553 quodcumque
381 2481 501 2538 voluerit
519 2481 561 2540 vel
585 2483 719 2554 exegerit,
746 2488 776 2540 ut
803 2489 928 2554 apertum
957 2488 985 2541 et
1026 2494 1079 2552 que
1094 2481 1142 2538 diu
1157 2482 1229 2538 intra
1248 2496 1279 2538 se
1303 2480 1428 2552 cogimus
1447 2479 1547 2536 tacitus
1570 2479 1734 2541 moraretur,
1759 2472 1852 2543 lacry-

159 2568 344 2638 maniiestnm,
361 2569 435 2642 quod
451 2570 485 2628 dc
502 2584 537 2628 eo
557 2570 717 2640 asserimus,
745 2572 806 2628 sine
825 2585 902 2629 mora
932 2587 985 2642 ap·
1026 2569 1079 2626 mis
1092 2569 1245 2642 largissime
1264 2569 1487 2638 decurrentibus,
1508 2569 1609 2626 talibus
1633 2564 1744 2623 tandem
1758 2561 1851 2620 verbis

160 2663 267 2729 pareat,
283 2656 374 2716 iacere
394 2659 560 2731 paratissimi
578 2673 684 2716 sumus.
701 2681 714 2711 s
731 2660 818 2732 igitur
832 2660 912 2716 multi
927 2661 986 2716 lto-
1026 2657 1143 2714 adorsus
1158 2663 1218 2714 cst:
1234 2676 1249 2710 u
1263 2660 1285 2714 0
1300 2663 1452 2716 conventus
1474 2664 1502 2714 et
1525 2671 1542 2715 o
1562 2661 1665 2729 patres,
1690 2652 1774 2709 multa
1798 2662 1850 2722 pro

159 2747 233 2804 mani
249 2748 329 2820 probi
343 2749 484 2820 sapientes
508 2755 591 2820 atque
611 2748 724 2806 discreti
746 2748 807 2806 baec
830 2749 984 2816 audientes,
1026 2747 1087 2818 ipsa
1115 2760 1221 2804 summa
1244 2747 1396 2804 reverenda
1419 2746 1500 2804 solita
1523 2747 1626 2818 pietate
1648 2742 1734 2801 vestrl
1756 2753 1849 2798 sacer-

158 2836 285 2909 quicum
304 2842 397 2894 emant
415 2837 444 2895 in
465 2837 554 2908 ltalia,
580 2843 608 2894 et
630 2837 814 2895 llediolanum
843 2838 879 2895 ob
908 2838 986 2909 regui
1027 2834 1097 2891 dotii
1112 2835 1179 2892 milii
1202 2836 1318 2907 parcite,
1334 2836 1464 2894 inmerito
1484 2842 1510 2893 et
1531 2834 1659 2893 omnibns
1681 2828 1851 2888 iecinoribus

159 2925 272 2998 negotia
285 2926 489 2995 convenissent,
509 2932 537 2984 et
556 2926 754 2985 clandestinam
773 2932 888 2998 pestem,
905 2940 986 2997 qnam
1027 2923 1128 2993 quibus
1151 2924 1251 2980 misera
1278 2921 1412 2996 fragilitas
1440 2923 1559 2982 bumana
1581 2919 1697 2980 attendit
1710 2919 1818 2977 irretito
1834 2938 1849 2972 u

159 3017 222 3087 ipse
237 3029 286 3086 per
300 3015 458 3086 hujusmodi
473 3016 599 3074 bornincs
617 3016 720 3073 ibidem
744 3016 904 3084 immiserat,
921 3010 1015 3073 cumi}
1029 3025 1102 3069 nunc
1134 3011 1226 3069 debita
1253 3012 1432 3070 sceleratoria
1459 3013 1527 3070 mibi
1553 3012 1709 3070 condonate
1737 3008 1848 3066 misero.

160 3104 249 3162 multo
263 3104 396 3176 sangnine
414 3105 593 3162 exercitatam
617 3105 828 3175 comperissent,
849 3106 985 3176 agebant:
1027 3103 1084 3174 nge
1115 3115 1186 3167 sum,
1216 3102 1265 3173 qui
1296 3107 1392 3160 saneta
1420 3103 1535 3160 canibus
1562 3102 1682 3160 virorum
1716 3098 1850 3171 sangnine

161 3193 244 3252 Enim
254 3194 330 3263 iusta
344 3193 481 3264 dignaque
496 3207 541 3250 res
556 3199 607 3262 cst,
622 3201 651 3250 ut
665 3193 712 3250 ille
736 3193 784 3264 qni
807 3207 874 3251 suos
895 3193 988 3264 porcis
1027 3203 1132 3248 summa
1146 3190 1276 3248 aviditate
1295 3190 1471 3250 anelantibus
1494 3199 1591 3250 contra
1615 3193 1740 3247 sanetum
1764 3201 1850 3246 evan·

162 3289 248 3353 atque
263 3281 439 3353 serpentibus
457 3281 594 3340 commisit
613 3280 695 3350 illics,
715 3281 749 3338 ab
768 3280 825 3338 illis
837 3295 916 3338 uersa
927 3281 987 3338 vice
1027 3277 1129 3350 getium
1149 3293 1244 3352 agens,
1262 3294 1326 3337 nec
1345 3295 1388 3337 me
1417 3295 1468 3338 nec
1487 3280 1613 3338 ordinem
1638 3277 1785 3334 attendens
1811 3277 1853 3332 in·

161 3369 320 3428 diffamatus
335 3370 508 3441 dampnetur,
533 3375 561 3426 et
584 3370 648 3426 dnm
668 3370 732 3426 illos
756 3385 805 3441 per
828 3369 987 3440 hujusmodi
1029 3367 1148 3424 discrete
1167 3368 1242 3424 dedi.
1259 3369 1426 3436 Quinetiam
1450 3382 1502 3440 ego
1525 3382 1596 3435 snm,
1620 3366 1668 3437 qni
1691 3369 1789 3423 contra
1809 3363 1852 3420 ias

161 3459 292 3518 nomines
317 3460 474 3530 opprimere
500 3457 661 3529 disposuit,
677 3458 712 3514 ab
739 3457 795 3514 illis
823 3456 989 3515 dilaceratus
1029 3462 1057 3512 et
1075 3455 1181 3512 licitum
1195 3470 1244 3512 vos
1258 3464 1287 3513 et
1300 3461 1391 3514 vestra
1405 3454 1571 3514 diiiamando
1595 3455 1724 3526 nequiter
1747 3453 1853 3511 odiosis

161 3555 249 3620 atque
268 3548 427 3617 distractus,
443 3550 490 3619 qui
509 3561 564 3604 una
582 3547 611 3603 in
639 3546 727 3618 patria
754 3561 848 3604 secum
876 3545 934 3602 nati
961 3549 990 3601 et
1028 3544 1095 3601 viris
1122 3557 1155 3600 ac
1184 3550 1266 3602 terrae
1286 3545 1382 3602 bestiis
1409 3545 1566 3603 inconsulte
1590 3542 1701 3600 tradidi.
1731 3541 1852 3600 Proinde

161 3639 224 3695 aliti
243 3645 318 3707 sunt,
334 3637 506 3696 simoniacus
520 3641 635 3694 vocetur
649 3642 677 3692 et
700 3635 898 3693 convinciatur.
924 3633 990 3702 Quis
1029 3631 1110 3691 video
1130 3646 1180 3703 per
1203 3632 1309 3700 visum,
1336 3633 1403 3690 meis
1426 3640 1454 3689 et
1481 3632 1577 3704 populi
1597 3631 1719 3703 pcccatis
1737 3629 1852 3700 exigen-

160 3728 198 3760 ⁸⁸⁸
229 3729 287 3784 suis
320 3726 448 3798 capitulis
480 3725 593 3796 suisque
624 3723 865 3783 exhortationibus
891 3723 990 3781 imbuti
1029 3721 1114 3790 tibus,
1134 3721 1222 3779 saneti
1236 3723 1374 3790 ambrosii
1388 3723 1514 3780 ordinem
1533 3737 1565 3779 ac
1585 3721 1708 3792 ejusdem
1726 3719 1853 3777 ecclcsiae

161 3817 249 3888 digne
269 3817 371 3887 ipsein
390 3821 472 3885 caput
490 3817 611 3881 vertunt,
636 3827 668 3870 ac
692 3812 871 3870 ecclesiarum
894 3826 989 3869 sacer·
1030 3811 1139 3868 culmen
1167 3811 1324 3869 conculcari
1348 3818 1375 3869 ct
1394 3813 1519 3870 corninus
1542 3811 1681 3869 demoliri.
1708 3811 1852 3881 Cognosce

162 3906 280 3965 dotibus
293 3911 321 3962 et
344 3905 494 3976 episcopis,
520 3902 625 3961 nullom
654 3909 781 3960 tenentes
809 3901 990 3974 episcopum,
1032 3907 1166 3974 praterea
1182 3903 1252 3959 etin
1271 3903 1385 3960 veritate
1404 3903 1546 3974 comperio
1560 3901 1735 3973 parvulorum
1748 3897 1853 3956 multo·

163 4005 199 4056 ut
223 3995 313 4068 porei,
339 3994 414 4066 quod
443 3992 550 4050 Veritas
578 3992 657 4060 dicit,
690 4000 831 4063 appareat,
865 3991 991 4049 conversi
1031 4006 1092 4050 rum
1107 4005 1201 4048 necem
1220 3991 1281 4049 sine
1295 3993 1468 4064 baptismate,
1485 3991 1560 4065 qnod
1574 3998 1618 4050 est
1637 3997 1779 4064 peccatum
1793 4003 1855 4046 eru·

163 4088 340 4157 disrumpant
354 4083 506 4141 universos.
519 4101 533 4136 u
544 4082 725 4140 intercedam
738 4082 799 4140 baec
813 4081 883 4138 iama
897 4083 991 4139 Romae
1032 4080 1202 4139 delissimum
1230 4087 1258 4137 et
1286 4080 1357 4137 nitra
1385 4081 1494 4138 modum
1513 4080 1704 4154 gravissimum
1731 4077 1855 4135 feraliter

166 4175 245 4233 urbis
264 4175 392 4245 regiones
409 4171 623 4242 supervolasset,
639 4185 704 4229 ecce
723 4170 916 4242 Oldeprandus
935 4171 993 4227 llo·
1031 4171 1243 4244 incurrentium,
1272 4171 1339 4241 quir
1363 4171 1446 4227 etiam
1468 4171 1520 4227 sub
1543 4170 1659 4227 obtentu
1686 4168 1762 4224 ialsae
1791 4165 1855 4222 reli·

166 4263 267 4322 mania
281 4262 406 4320 ecclesiae
421 4260 642 4328 archidiaconns,
658 4260 705 4332 qui
722 4267 750 4317 ct
763 4260 824 4331 ipsc
835 4259 990 4317 Alexandro
1033 4259 1124 4332 pionis
1146 4259 1282 4316 adulteria
1304 4256 1515 4315 innumerabilia
1536 4271 1569 4313 ac
1587 4255 1786 4312 fornicationes
1803 4266 1853 4310 so·

166 4351 285 4410 aemnlu's
298 4350 481 4408 insidiabatur
499 4353 528 4406 et
545 4348 674 4406 omnibns
696 4348 815 4420 negotiis
838 4349 898 4420 ipse
922 4341 1179 4419 prae-Ddomiticas
1210 4347 1310 4405 multas
1336 4361 1369 4403 ac
1398 4345 1529 4402 diversas.
1557 4347 1632 4400 inter
1654 4349 1755 4400 caetera
1772 4340 1853 4397 uideo

167 4451 211 4500 ter
241 4440 316 4498 sedis
348 4438 508 4511 apostoticae
536 4437 688 4495 dominium
712 4436 745 4468 ’θ’
774 4437 990 4506 dominabatur,
1033 4434 1219 4506 quamplures,
1238 4436 1367 4493 sensibus
1380 4432 1536 4505 depravatis
1549 4447 1582 4488 ac
1600 4431 1701 4488 briano
1726 4428 1853 4501 dogmate

168 4531 296 4590 clanculo
311 4529 346 4586 ad
364 4543 395 4584 se
409 4529 502 4586 vocari
515 4527 568 4584 bos
591 4539 687 4584 omnes
710 4527 860 4597 praecepit3
888 4532 917 4583 et
944 4526 992 4584 diu
1032 4523 1155 4580 seductis
1173 4530 1295 4580 sanctam
1321 4523 1502 4595 depravantes
1520 4521 1700 4591 scripturam,
1722 4520 1853 4589 jamnon

169 4635 221 4692 per
235 4619 326 4678 omnia
346 4616 458 4675 illorum
477 4630 585 4674 causam
609 4615 764 4683 sciscitans,
792 4614 991 4686 aliquantulum
1033 4614 1080 4683 qui
1098 4613 1280 4681 sacerdotem,
1297 4627 1351 4671 non
1368 4613 1538 4684 episcopum,
1560 4621 1766 4667 nonsummum
1781 4618 1853 4677 pon·

169 4708 300 4766 conscius
318 4705 384 4763 iacti
397 4705 555 4773 Alexandri,
575 4704 639 4762 illos
656 4718 741 4775 snper
763 4703 921 4775 hujusmodi
944 4717 992 4760 ne·
1033 4702 1134 4759 tillcem
1143 4702 1385 4770 Romanorumad
1400 4701 1524 4760 ultimum
1540 4713 1594 4756 non
1610 4698 1693 4756 ullam
1708 4695 1854 4754 eeclesiam

169 4797 275 4868 gotium
297 4793 432 4851 incitavit.
452 4793 523 4862 Quid
551 4791 656 4848 multat
686 4793 720 4848 Ut
738 4796 829 4847 autem
858 4796 992 4848 venerunt
1032 4792 1207 4851 confitentur.
1228 4792 1408 4860 Quamobrem
1429 4790 1496 4847 mibi
1526 4788 1632 4846 veniam
1661 4787 1735 4855 elate,
1756 4791 1784 4842 et
1803 4797 1853 4855 pro

169 4886 204 4942 ad
226 4885 310 4951 diem,
332 4897 388 4955 quo
413 4882 547 4953 indicium
575 4882 689 4938 absente
718 4889 809 4938 tamen
836 4881 990 4952 apostolico
1032 4896 1099 4953 pace
1114 4880 1239 4938 eeclesia
1262 4880 1403 4938 humiliter
1420 4883 1544 4937 exorate.
1563 4879 1621 4950 Ego
1639 4877 1696 4933 lieo
1715 4878 1854 4931 annuente

170 4989 220 5046 per
238 4973 340 5031 serrum
355 4972 549 5030 calidissimum
569 4977 706 5044 ageretur,
722 4974 860 5028 annuente
882 4972 939 5028 lico
963 4977 991 5028 et
1032 4971 1131 5028 exinde
1146 4979 1176 5028 ut
1190 4970 1339 5028 scismatici
1352 4969 1410 5026 suis
1424 4983 1485 5027 cum
1496 4967 1665 5040 argumentis
1679 4963 1852 5030 discendant,

845 5095 957 5152 VARIAE
983 5096 1176 5154 unctionis

206 5195 240 5230 “⁸
261 5195 337 5268 uque
357 5194 398 5252 Bt·
435 5193 468 5226 ⁸⁶·
483 5193 549 5250 dnn
567 5194 597 5249 u.
635 5191 668 5224 ru
682 5191 893 5250 uenustissimus
915 5193 962 5250 r.
999 5193 1031 5226 ⁸⁷¹
1061 5193 1180 5251 rano:
1209 5194 1248 5251 ne
1276 5191 1381 5250 urtam
1410 5191 1595 5259 contestans,
1615 5203 1676 5247 oum
1696 5187 1796 5259 spirim
1824 5187 1853 5244 m

172 5265 482 5398 ffleffingpffiflriettim
494 5265 592 5322 subtus
606 5263 697 5323 verbis
710 5263 901 5324 velocissimis.
916 5265 962 5324 d*.
978 5265 1100 5335 Qualiter
1118 5265 1245 5325 arialdus
1258 5263 1288 5322 ln
1306 5265 1480 5339 presbyterio
1499 5279 1529 5322 se
1552 5275 1659 5322 errasse
1683 5257 1853 5319 lacrimando

962 5409 1061 5467 unns

154 5509 160 5520 ’
208 5505 284 5581 (122)
301 5507 428 5566 Fortasse
442 5503 516 5564 idem
529 5503 605 5578 quod
620 5503 726 5564 dicari
743 5519 769 5563 c.
788 5504 842 5574 29,
858 5505 893 5564 ci.
910 5521 935 5564 c.
951 5505 998 5563 31.
