4034 6152
142 239 195 296 953
505 247 648 304 APPEND.
668 249 713 305 ab
731 250 944 308 mundarunt.
963 281 999 294 -·
1017 253 1176 310 canatum
1197 251 1301 308 naiso.
1322 249 1457 306 mantnt.
1774 246 1829 304 954

176 363 223 420 33.
245 367 303 438 (lv,
323 367 365 440 3.)
396 370 504 426 Interea
527 371 559 402 ”⁷
582 374 730 444 Gregorius
752 389 813 431 sese
832 377 928 434 videus
947 379 1154 450 aAmultisque
1165 377 1273 448 palatiis
1287 389 1381 447 regum
1395 377 1580 432 Romanorum
1595 373 1711 444 adustis,
1721 375 1826 446 Grego-

142 454 248 511 ciuibus
271 463 333 512 eta
357 459 570 529 quampluribus
585 462 771 519 cardinalibus
790 453 968 536 destitutum,
1006 469 1064 524 rius
1083 468 1192 524 demum
1218 466 1283 522 liliis
1305 464 1376 520 male
1400 463 1536 520 crismatis
1560 462 1722 532 filiabusque
1750 464 1830 534 pejus

143 544 273 614 omnique
288 559 337 616 spe
352 548 412 602 auri
431 553 459 604 et
477 550 583 620 argenti
603 551 711 618 amissa,
728 565 743 608 e
762 553 864 623 quibus
877 555 965 611 sancti
1006 558 1186 624 consecratis,
1203 557 1247 612 cui
1260 556 1316 626 jam
1331 568 1394 624 spes
1408 553 1463 609 ulla
1477 552 1585 609 uiuendi
1601 551 1628 606 in
1648 551 1757 607 civitate
1772 565 1828 608 nou

142 633 215 688 Patri
232 635 322 704 regias
337 641 365 692 ει
383 637 523 695 caucellos
546 645 573 695 et
597 639 693 697 altaria
716 641 901 700 decrostando
915 658 966 700 nu·
1007 653 1076 714 erat,
1092 647 1126 702 ab
1143 645 1216 702 Urbe
1230 644 1346 701 exiliens
1356 656 1417 698 cum
1428 642 1549 697 lioberto
1560 640 1702 696 Salernum
1721 638 1829 708 proice-

142 721 263 788 daverat‚
284 739 338 795 qua
357 739 451 782 secum
471 728 608 786 Romanos
638 733 765 788 tenuerat
792 731 965 801 bellicantes,
1008 743 1053 792 tus
1076 741 1129 792 est.
1154 735 1206 792 Ubi
1230 748 1280 804 per
1303 746 1391 804 pauca
1411 732 1504 788 vivens
1531 737 1666 800 tempora,
1691 735 1828 798 tamquam

142 811 228 882 inagis
252 811 401 884 diligentes
424 829 520 871 aurum
549 831 630 888 quam
654 819 810 889 apostolum
842 823 964 890 Paulum,
1007 825 1141 882 malorum
1156 838 1264 896 poeuam
1274 823 1406 880 emeritus
1417 820 1522 877 interiit
1535 823 1590 885 (un.
1605 817 1681 886 1085,
1692 818 1758 874 11111.
1770 817 1827 891 25).

143 911 195 954 uec
226 912 281 956 uon
310 901 400 958 locum
424 903 453 958 iu
472 917 528 974 quo
547 903 654 976 fugerat
674 908 733 977 ipse
752 909 837 968 nimia
855 923 887 966 ac
901 911 967 966 dlu-
1042 913 1087 971 34.
1110 914 1167 986 (lv,
1187 913 1229 985 4.)
1251 913 1318 968 Cum
1341 910 1374 942 ‘⁷’
1396 911 1457 967 baec
1483 909 1634 980 agebantur
1648 907 1784 974 uniuersa,
1802 910 1830 962 et

141 995 222 1043 turna
249 995 440 1061 nocturnaque
468 992 614 1050 obsidione
642 996 717 1052 exire
739 1011 795 1054 uon
825 1012 916 1068 posse,
931 999 964 1055 ad
1007 1004 1172 1061 clericorum
1190 1003 1290 1059 scisma
1305 999 1494 1069 laicorumque
1513 997 1621 1054 lurialia
1636 996 1732 1068 praelia
1750 996 1828 1067 prin-

142 1075 294 1132 liobcrtum
309 1076 407 1134 ducem
426 1079 532 1150 Apuliae
546 1081 662 1153 legatos,
686 1090 716 1141 ut
734 1086 787 1142 sibi
802 1087 967 1157 quamcitius
1007 1093 1128 1163 cipalum
1152 1096 1289 1158 tenerent,
1315 1088 1426 1160 quidam
1454 1087 1586 1144 sacerdos
1608 1085 1752 1143 anselmus
1776 1098 1828 1142 no·

141 1171 237 1233 posset
264 1171 345 1236 geute
373 1168 526 1226 coadunata
546 1171 687 1240 immensa,
718 1183 745 1230 et
778 1177 865 1232 sancti
893 1177 966 1234 Petri
1007 1182 1090 1248 mine,
1107 1195 1189 1253 quem
1213 1180 1331 1236 domnus
1352 1177 1488 1234 Tbealdus
1507 1177 1535 1233 iu
1558 1175 1715 1232 sacerdotio
1734 1187 1830 1232 conse

142 1253 282 1324 regalibus
304 1254 345 1310 illi
360 1254 495 1328 refutatis,
515 1260 684 1332 subveniret,
700 1265 857 1320 cautissime
877 1271 905 1322 ει
919 1281 966 1321 εε-
1007 1277 1140 1338 oraverat,
1156 1269 1273 1340 quadam
1289 1267 1334 1324 die
1357 1268 1386 1323 iu
1400 1267 1489 1323 sancti
1504 1265 1623 1320 llauritii
1637 1263 1748 1336 vigiliis,
1764 1263 1828 1320 dum

141 1342 296 1399 cratissima
320 1345 405 1401 misit.
435 1347 486 1403 llic
509 1350 582 1405 euim
609 1352 734 1422 apuliam
758 1361 786 1410 et
810 1355 964 1410 caravriam
1007 1361 1128 1416 omnium
1142 1363 1300 1415 sauctorum
1314 1356 1468 1422 collectam,
1486 1360 1589 1411 sanetae
1608 1353 1699 1410 llariae
1713 1365 1828 1422 vespero

140 1430 297 1502 multasque
330 1434 455 1492 ciuitates
487 1439 616 1506 marinas,
636 1441 731 1498 exiens
760 1443 966 1510 Nurmaudiam‚
1007 1447 1095 1514 inito,
1115 1453 1178 1504 ante
1197 1447 1283 1503 altare
1298 1450 1401 1502 sanctae
1416 1444 1508 1500 llarim
1522 1443 1556 1499 ad
1571 1439 1828 1512 Funticulumlllil

139 1521 222 1589 cujus
236 1521 315 1577 miles
334 1537 438 1594 pauper
457 1539 519 1582 cum
542 1529 654 1599 suisque
682 1531 767 1586 sociis
791 1530 890 1602 iuerat,
914 1546 967 1590 uo·
1007 1549 1111 1592 summa
1134 1549 1196 1591 cum
1221 1534 1375 1590 reverentia
1397 1531 1514 1598 diceret,
1534 1529 1692 1586 uidentibus
1717 1527 1829 1584 clericis

139 1610 214 1666 uitcr
237 1616 265 1666 et
289 1611 391 1682 injuste
415 1629 477 1670 cum
501 1617 559 1672 suis
581 1618 676 1675 multis
694 1620 857 1678 criminibus
879 1622 967 1678 iuva-
1008 1632 1145 1695 tamquam
1164 1629 1298 1690 mortuus,
1319 1621 1395 1678 vultu
1419 1627 1510 1676 tamen
1533 1619 1673 1676 coloratus
1691 1617 1827 1688 pulsanti·
1859 1621 1861 1628 ’

139 1705 225 1756 serat.
243 1701 329 1772 igitur
342 1708 424 1773 gente
444 1705 596 1762 coadunata
625 1708 757 1766 immensa
776 1716 804 1767 et
822 1713 1115 1784 Saracenlstnsque
1139 1713 1226 1780 tibris,
1247 1711 1349 1768 cadens
1372 1709 1485 1766 occidit.
1513 1709 1572 1776 Quo
1591 1705 1685 1761 andito
1701 1703 1779 1760 multi
1794 1717 1828 1760 ex

140 1789 270 1846 omnibus
284 1805 355 1861 quos
379 1793 481 1851 babere
508 1796 608 1865 potuit,
628 1798 657 1854 in
677 1799 773 1869 paucis
794 1799 893 1857 diebus
907 1803 965 1859 lto-
1007 1803 1116 1859 civitate
1139 1802 1283 1871 utriusque
1306 1813 1389 1856 sexus
1403 1803 1545 1866 exeuntes,
1561 1795 1619 1850 uisu
1635 1793 1764 1850 uidebant
1778 1792 1829 1848 mi·

140 1891 212 1933 mam
227 1884 358 1948 ueterem,
373 1883 505 1939 Romanis
527 1898 589 1940 sese
613 1900 645 1942 ac
659 1886 778 1944 liliosae
797 1902 897 1946 uxores
912 1891 965 1946 mi·
1005 1890 1092 1947 rabile
1107 1890 1289 1959 ornnibusque
1305 1887 1439 1945 terribile.
1454 1888 1576 1955 Cumque
1595 1884 1744 1940 multorum
1765 1889 1827 1937 tur·

139 1966 215 2023 nime
238 1969 390 2038 tuentibus,
409 1971 500 2028 liuilni
520 1979 548 2029 et
570 1975 661 2032 albim
685 1976 812 2048 reliquiis
831 1978 964 2036 delicien·
1005 1993 1057 2036 rnae
1076 1979 1214 2034 turmatim
1234 1977 1269 2033 ad
1297 1975 1351 2032 linc
1374 1975 1567 2032 convenissent
1595 1965 1758 2038 inauditum,
1780 1968 1827 2025 alii

140 2054 216 2110 tibus
230 2061 333 2114 armata
352 2072 432 2116 manu
450 2061 588 2118 liobertus
611 2062 643 2095 ⁸⁷⁸
670 2065 783 2121 intrauit
804 2065 861 2138 (on.
885 2066 963 2136 1084,
1006 2066 1156 2124 credebant
1175 2066 1311 2132 liminium,
1327 2063 1376 2121 alii
1391 2063 1476 2135 pedes
1490 2061 1588 2119 subula
1600 2061 1643 2119 uel
1660 2075 1711 2116 acu
1730 2073 1827 2116 secure

140 2143 236 2216 111111).λ
247 2146 306 2214 Quo
324 2147 460 2219 ingresso,
481 2156 544 2220 post
570 2151 676 2223 aliquot
695 2153 756 2210 dies
771 2155 965 2225 imperatorem
1006 2156 1084 2226 quasi
1099 2159 1208 2212 mortuo
1227 2154 1395 2224 pungebant.
1416 2155 1527 2209 iactum
1538 2155 1581 2207 εει
1595 2157 1685 2206 autern
1700 2148 1827 2205 inaltero

141 2233 243 2290 Urbem
264 2236 364 2292 exiisse
388 2237 503 2294 inuenit.
529 2239 623 2310 ltaque
642 2255 711 2310 gens
729 2242 837 2298 diuersa
855 2244 890 2300 de
909 2245 966 2300 lieo
1006 2243 1051 2300 die
1066 2244 1140 2300 circa
1155 2242 1307 2308 meridiem,
1324 2241 1481 2297 videntibus
1494 2239 1588 2295 multis
1602 2252 1634 2294 ae
1653 2235 1826 2307 stupolactis,

139 2321 249 2394 ignara,
273 2323 426 2380 sceleribus
446 2339 478 2380 ac
504 2325 661 2382 homicidiis
685 2329 793 2398 edocta,
823 2331 966 2388 adulteriis
1006 2334 1085 2404 quasi
1104 2333 1139 2389 ab
1162 2331 1296 2403 angustiis
1319 2331 1461 2395 liberatus,
1487 2329 1608 2385 clamans
1626 2326 1826 2398 poenitentiam,

141 2411 280 2480 variisque
303 2408 534 2469 fornicationibus
560 2413 722 2476 assuefacta,
751 2418 879 2476 omnibus
907 2421 965 2476 eri·
1005 2423 1105 2494 spiritu
1128 2427 1281 2479 restaurato
1306 2419 1359 2476 sibi
1377 2433 1438 2476 sese
1457 2417 1628 2475 uelocissime
1644 2414 1731 2472 erexit
1751 2435 1758 2472 :
1779 2415 1827 2485 qui

142 2497 274 2567 minibus,
300 2513 363 2570 qum
387 2498 460 2558 lerro
480 2507 507 2558 et
530 2503 594 2573 igne
614 2504 715 2562 talibus
729 2507 773 2578 agl
787 2509 858 2565 solet
878 2522 966 2581 nego·
1007 2511 1091 2567 multa
1109 2517 1245 2568 tormenta
1261 2508 1411 2566 incredulis
1440 2522 1472 2565 ac
1495 2506 1628 2564 usurariis
1641 2502 1826 2570 incredibilia,

140 2586 199 2654 tiis,
215 2601 276 2643 sose
291 2586 429 2645 iurialiter
446 2590 637 2660 immerserata
663 2595 730 2664 quin
746 2597 827 2653 etiam
846 2598 967 2668 virgines
1006 2607 1035 2657 et
1053 2599 1216 2656 bonoresct
1230 2598 1421 2670 gloriamque
1436 2610 1520 2667 super
1533 2600 1646 2652 sanctos
1658 2592 1728 2649 vidit
1741 2592 1826 2658 uiros,

140 2679 263 2732 sacratas
293 2685 503 2748 corrumpentes
530 2681 749 2754 miserorumque
781 2687 965 2744 llomanorum
1007 2693 1089 2760 prout
1104 2688 1204 2758 potuit,
1220 2686 1318 2758 angelo
1333 2686 1386 2742 sibi
1408 2685 1468 2742 baec
1483 2685 1574 2741 omnia
1589 2681 1763 2748 ostendente,
1779 2678 1827 2750 qui

141 2777 244 2820 uxores
258 2765 436 2835 incestantes,
456 2781 488 2823 ac
511 2769 610 2826 anulos
634 2773 695 2842 eius
721 2787 814 2830 earum
843 2774 966 2847 digitulis
1004 2778 1133 2848 spiritum
1152 2777 1213 2846 ejus
1228 2790 1278 2847 per
1302 2775 1410 2832 diversa
1438 2773 1568 2845 portauit,
1593 2770 1715 2828 lacrimis
1733 2769 1827 2826 multis

141 2853 353 2913 detruncabant.
382 2855 451 2924 Quid
469 2857 575 2914 multat
600 2859 690 2916 tribus
708 2862 826 2919 ciuitatis
841 2864 966 2934 partibus
1006 2865 1146 2936 patefecit.

580 2983 698 3056 [implicit
712 2983 778 3043 liber
796 2987 974 3046 Historiarum
987 2989 1109 3062 1111111111ιί
1123 2987 1327 3061 bistonioqrapbi
1344 2986 1386 3044 ”⁰.

817 3115 929 3172 vnnlAE
956 3115 1150 3172 unctiones

174 3203 209 3235 ⁶²⁷
230 3201 331 3260 lodus
353 3203 382 3259 io
402 3203 478 3262 codd.
494 3206 533 3262 lic
557 3212 645 3266 morta
667 3209 845 3281 Oldeprandi,
866 3213 914 3284 qui
935 3215 1084 3286 Gregorius
1102 3218 1157 3272 Vll.
1179 3215 1270 3272 dictus
1292 3218 1334 3270 est
1351 3212 1393 3284 (q.
1413 3213 1447 3294 (1.Ι
1460 3217 1574 3267 vocatus
1588 3214 1640 3265 est.
1656 3223 1682 3265 c.
1697 3206 1744 3263 33.
1754 3207 1827 3290 εἱ).

139 3273 171 3306 ⁸⁷⁸
192 3275 331 3332 liubertus
344 3275 375 3330 B.
390 3274 433 3330 bic
446 3281 471 3333 et
484 3277 565 3348 intre.
604 3279 635 3311 ⁸⁷⁹
656 3281 755 3338 iltutus
769 3283 797 3338 in
810 3285 871 3340 Ψ·
892 3286 913 3341 Β
933 3306 939 3341 :
959 3287 994 3342 lle
1009 3287 1126 3343 transitu
1150 3286 1305 3343 sacerdotis
1327 3283 1458 3350 anselmi,
1479 3289 1508 3337 et
1532 3279 1673 3360 quomodo
1688 3278 1829 3348 (quonlam

136 3347 196 3404 d**.
212 3345 263 3416 Bt.)
282 3345 429 3402 incolumis
441 3349 569 3418 sequenti
584 3349 629 3407 die
646 3354 782 3422 apparuit.
799 3356 837 3410 lle
852 3371 875 3411 s.
886 3359 918 3412 Α.
930 3362 950 3411 t.
962 3357 1081 3427 qualiter
1096 3358 1211 3426 spiritus
1225 3357 1285 3426 ejus
1299 3352 1446 3410 incolumis
1459 3357 1522 3408 ante
1541 3365 1564 3407 s.
1580 3350 1671 3406 llarrae
1683 3348 1769 3405 altare
1780 3361 1831 3418 per

137 3417 269 3488 angelum
288 3417 335 3474 lici
355 3419 490 3475 transivit.
505 3422 553 3477 ι’.
591 3419 622 3453 ‘⁸⁰
639 3424 678 3479 ito
692 3424 737 3480 a&
754 3427 784 3480 B.
800 3427 876 3482 Finis
890 3427 1012 3483 laudulti
1027 3427 1146 3484 senioris
1160 3427 1294 3483 historia.
1309 3424 1371 3481 Μ’.

175 3584 260 3658 (¹4⁷)
275 3586 314 3644 ne
328 3599 361 3642 aa
378 3601 404 3643 v.
419 3586 521 3644 crurum
540 3591 571 3656 v,
592 3589 655 3644 ma.
927 3525 1035 3580 ΝΟΤΕ·

430 3913 841 4060 urrunnun
889 3920 992 4064 ln
1041 3921 1539 4066 ulnnuunnu

971 4165 1005 4272 I

318 4387 609 4478 tinitonis
650 4390 1154 4488 inuniunlnttueunnll
1199 4391 1649 4487 Miniotlndllsmll

544 4566 736 4624 micanum
753 4569 784 4624 1.
805 4569 835 4626 ε.
857 4569 1041 4626 urrunnun
1059 4572 1102 4628 nr
1121 4535 1164 4626 11.
1185 4569 1427 4628 alamannica.

413 4717 503 4790 (apud
522 4719 619 4789 Psnm,
634 4721 961 4779 Monumenlollermooioe
973 4723 1109 4792 betorica,
1124 4723 1226 4794 Script.
1242 4729 1310 4780 tom.
1327 4722 1393 4788 lllll,
1410 4734 1472 4792 pag.
1490 4718 1560 4790 101.)

884 4844 1075 4868 -ιΙ--η

856 4985 1112 5072 MONITUM

177 5139 282 5196 arnulli
301 5146 329 5198 et
342 5141 467 5199 Landulti
481 5143 610 5200 Historiis
628 5145 790 5216 subjicimus
810 5147 964 5220 catalogum
978 5149 1012 5204 ad
1028 5149 1154 5206 eumdem
1173 5163 1235 5206 cum
1253 5148 1309 5205 illis
1323 5149 1469 5205 terminum
1492 5148 1651 5218 deductum,
1671 5145 1779 5203 scilicet
1793 5144 1828 5202 ad

144 5210 382 5282 archiepiscopum
401 5214 568 5271 Tbedaldum
583 5235 590 5282 ;
606 5231 687 5286 quem
703 5231 736 5274 ex
751 5219 840 5275 tribus
852 5220 1032 5289 proponimus
1046 5220 1190 5277 codicibus
1206 5241 1212 5277 :

183 5279 212 5350 l)
230 5283 427 5340 ambrosianus
440 5286 470 5342 G.
487 5285 537 5340 133
553 5288 639 5356 partis
652 5287 803 5358 interioris,
825 5290 891 5346 olim
913 5292 943 5346 P.
963 5291 1018 5344 246
1032 5298 1061 5347 et
1074 5292 1104 5347 Β.
1120 5291 1174 5346 245
1187 5292 1321 5363 signatus,
1336 5291 1451 5347 membr.
1467 5289 1516 5347 iol.
1536 5296 1600 5346 aute
1621 5290 1693 5346 vitas
1712 5295 1830 5344 sancto-

145 5364 205 5407 rnm
219 5361 248 5408 et
261 5367 403 5411 sermones
420 5355 494 5412 beati
517 5359 653 5414 ambrosii
678 5360 791 5416 exbibet
813 5361 977 5432 catalogum,
999 5363 1131 5418 continuo
1150 5363 1255 5419 calamo
1270 5363 1418 5419 deductum
1433 5376 1519 5432 usque
1534 5362 1568 5417 ad
1587 5362 1738 5417 secundum
1757 5361 1829 5444 bau·

145 5424 274 5493 rentium,
294 5426 323 5482 in
338 5440 394 5496 quo
413 5427 533 5483 calamus
551 5428 661 5498 quidam
687 5437 817 5500 mutatur,
842 5433 891 5488 sed
912 5447 1008 5489 manus
1024 5434 1120 5490 eadem
1134 5441 1227 5490 manet
1241 5440 1269 5490 et
1287 5433 1418 5490 continuo
1434 5433 1524 5505 pergit
1538 5447 1625 5504 usque
1641 5438 1703 5504 post
1718 5431 1830 5514 Gurdo-

144 5505 207 5548 nem
221 5509 247 5551 a.
271 5495 349 5553 1075.
365 5497 430 5555 ilaec
449 5499 541 5555 omnia
559 5500 644 5570 igitur
665 5515 700 5557 ex
723 5502 879 5573 antiquiore
900 5503 1037 5561 luxerunt
1056 5519 1072 5561 a
1093 5504 1201 5561 duobus
1227 5503 1324 5562 saltem
1347 5502 1485 5572 conlecto,
1504 5511 1534 5562 ut
1549 5507 1606 5576 jam
1624 5502 1830 5575 Papebrocbrus
