<?xml version="1.0" encoding="UTF-8"?>
<!DOCTYPE html PUBLIC "-//W3C//DTD XHTML 1.0 Transitional//EN"
    "http://www.w3.org/TR/xhtml1/DTD/xhtml1-transitional.dtd">
<html xmlns="http://www.w3.org/1999/xhtml" xml:lang="en" lang="en">
 <head>
  <title>
</title>
<meta http-equiv="Content-Type" content="text/html;charset=utf-8" />
  <meta name='ocr-system' content='tesseract 3.04.00' />
  <meta name='ocr-capabilities' content='ocr_page ocr_carea ocr_par ocr_line ocrx_word'/>
</head>
<body>
  <div class='ocr_page' id='page_1' title='image "./patrologiaecurs128unkngoog_0284.png"; bbox 0 0 4024 6174; ppageno 0'>
   <div class='ocr_carea' id='block_1_1' title="bbox 258 275 1932 354">
    <p class='ocr_par' dir='ltr' id='par_1_1' title="bbox 258 275 1932 354">
     <span class='ocr_line' id='line_1_1' title="bbox 258 275 1932 354; baseline -0.002 0"><span class='ocrx_word' id='word_1_1' title='bbox 258 289 312 354; x_wconf 77' lang='lat' dir='ltr'><strong>sce</strong></span> <span class='ocrx_word' id='word_1_2' title='bbox 755 275 758 280; x_wconf 86' lang='grc'><strong>’</strong></span> <span class='ocrx_word' id='word_1_3' title='bbox 783 289 951 350; x_wconf 77' lang='lat' dir='ltr'><strong>nntrnoms</strong></span> <span class='ocrx_word' id='word_1_4' title='bbox 970 291 1102 349; x_wconf 83' lang='lat' dir='ltr'><strong>cunam</strong></span> <span class='ocrx_word' id='word_1_5' title='bbox 1121 289 1420 350; x_wconf 83' lang='lat' dir='ltr'><strong>uacnnnnncsnsrs</strong></span> <span class='ocrx_word' id='word_1_6' title='bbox 1886 289 1932 350; x_wconf 84' lang='lat' dir='ltr'><strong>sno</strong></span> 
     </span>
    </p>
   </div>
   <div class='ocr_carea' id='block_1_2' title="bbox 224 419 2000 5108">
    <p class='ocr_par' dir='ltr' id='par_1_2' title="bbox 224 419 2000 5108">
     <span class='ocr_line' id='line_1_2' title="bbox 257 419 2000 494; baseline -0.003 -12"><span class='ocrx_word' id='word_1_7' title='bbox 257 424 537 490; x_wconf 90' lang='lat' dir='ltr'><strong>essevolebant,ne</strong></span> <span class='ocrx_word' id='word_1_8' title='bbox 562 419 661 494; x_wconf 77' lang='lat' dir='ltr'><strong>singuli</strong></span> <span class='ocrx_word' id='word_1_9' title='bbox 686 421 832 478; x_wconf 88' lang='lat' dir='ltr'><strong>eominus</strong></span> <span class='ocrx_word' id='word_1_10' title='bbox 857 419 1225 492; x_wconf 74' lang='lat' dir='ltr'><strong>illinsrcgionisdmontes</strong></span> <span class='ocrx_word' id='word_1_11' title='bbox 1254 420 1391 491; x_wconf 88' lang='lat' dir='ltr'><strong>prolicisci</strong></span> <span class='ocrx_word' id='word_1_12' title='bbox 1422 419 1603 491; x_wconf 76' lang='lat' dir='ltr'><strong>nequivimus.</strong></span> <span class='ocrx_word' id='word_1_13' title='bbox 1632 419 1766 488; x_wconf 79' lang='lat' dir='ltr'><strong>Quocirca</strong></span> <span class='ocrx_word' id='word_1_14' title='bbox 1800 433 1931 476; x_wconf 85' lang='lat' dir='ltr'><strong>monemus</strong></span> <span class='ocrx_word' id='word_1_15' title='bbox 1999 447 2000 452; x_wconf 19' lang='grc' dir='ltr'>ι</span> 
     </span>
     <span class='ocr_line' id='line_1_3' title="bbox 255 508 1930 587; baseline -0.004 -15"><span class='ocrx_word' id='word_1_16' title='bbox 255 515 494 587; x_wconf 67' lang='lat' dir='ltr'><strong>acciperentque</strong></span> <span class='ocrx_word' id='word_1_17' title='bbox 515 514 607 584; x_wconf 88' lang='lat' dir='ltr'><strong>plures</strong></span> <span class='ocrx_word' id='word_1_18' title='bbox 625 509 825 567; x_wconf 85' lang='lat' dir='ltr'><strong>illamdivisnri</strong></span> <span class='ocrx_word' id='word_1_19' title='bbox 851 509 985 575; x_wconf 85' lang='lat' dir='ltr'><strong>luissent;</strong></span> <span class='ocrx_word' id='word_1_20' title='bbox 1012 512 1075 580; x_wconf 82' lang='lat' dir='ltr'><strong>quia</strong></span> <span class='ocrx_word' id='word_1_21' title='bbox 1118 525 1176 578; x_wconf 88' lang='lat' dir='ltr'><strong>vos,</strong></span> <span class='ocrx_word' id='word_1_22' title='bbox 1201 518 1228 566; x_wconf 90' lang='lat' dir='ltr'><strong>et</strong></span> <span class='ocrx_word' id='word_1_23' title='bbox 1252 518 1386 580; x_wconf 86' lang='lat' dir='ltr'><strong>exparte</strong></span> <span class='ocrx_word' id='word_1_24' title='bbox 1410 510 1484 566; x_wconf 89' lang='lat' dir='ltr'><strong>beati</strong></span> <span class='ocrx_word' id='word_1_25' title='bbox 1510 511 1583 566; x_wconf 89' lang='lat' dir='ltr'><strong>Petri</strong></span> <span class='ocrx_word' id='word_1_26' title='bbox 1614 510 1801 581; x_wconf 82' lang='lat' dir='ltr'><strong>praecipimus,</strong></span> <span class='ocrx_word' id='word_1_27' title='bbox 1826 515 1856 565; x_wconf 95' lang='lat' dir='ltr'><strong>ut</strong></span> <span class='ocrx_word' id='word_1_28' title='bbox 1878 508 1930 566; x_wconf 90' lang='lat' dir='ltr'><strong>iultl</strong></span> 
     </span>
     <span class='ocr_line' id='line_1_4' title="bbox 258 598 1931 671; baseline -0.004 -11"><span class='ocrx_word' id='word_1_29' title='bbox 258 614 353 662; x_wconf 90' lang='lat' dir='ltr'><strong>natura</strong></span> <span class='ocrx_word' id='word_1_30' title='bbox 372 605 425 661; x_wconf 84' lang='lat' dir='ltr'><strong>lert</strong></span> <span class='ocrx_word' id='word_1_31' title='bbox 448 613 477 660; x_wconf 87' lang='lat' dir='ltr'><strong>ut</strong></span> <span class='ocrx_word' id='word_1_32' title='bbox 501 611 576 658; x_wconf 89' lang='lat' dir='ltr'><strong>tanto</strong></span> <span class='ocrx_word' id='word_1_33' title='bbox 601 603 647 657; x_wconf 88' lang='lat' dir='ltr'><strong>liat</strong></span> <span class='ocrx_word' id='word_1_34' title='bbox 670 601 787 670; x_wconf 90' lang='lat' dir='ltr'><strong>partium</strong></span> <span class='ocrx_word' id='word_1_35' title='bbox 812 599 902 655; x_wconf 90' lang='lat' dir='ltr'><strong>minor</strong></span> <span class='ocrx_word' id='word_1_36' title='bbox 925 599 1074 671; x_wconf 89' lang='lat' dir='ltr'><strong>quantitas,</strong></span> <span class='ocrx_word' id='word_1_37' title='bbox 1118 602 1281 656; x_wconf 88' lang='lat' dir='ltr'><strong>auctoritate</strong></span> <span class='ocrx_word' id='word_1_38' title='bbox 1296 598 1422 668; x_wconf 72' lang='lat' dir='ltr'><strong>nrrjus⁸⁷⁸</strong></span> <span class='ocrx_word' id='word_1_39' title='bbox 1444 601 1532 656; x_wconf 87' lang='lat' dir='ltr'><strong>nostri</strong></span> <span class='ocrx_word' id='word_1_40' title='bbox 1552 599 1696 669; x_wconf 85' lang='lat' dir='ltr'><strong>praecepti,</strong></span> <span class='ocrx_word' id='word_1_41' title='bbox 1712 605 1861 669; x_wconf 85' lang='lat' dir='ltr'><strong>nostraque</strong></span> <span class='ocrx_word' id='word_1_42' title='bbox 1878 599 1931 654; x_wconf 79' lang='lat' dir='ltr'><strong>viae</strong></span> 
     </span>
     <span class='ocr_line' id='line_1_5' title="bbox 258 689 1931 766; baseline -0.005 -16"><span class='ocrx_word' id='word_1_43' title='bbox 258 702 361 766; x_wconf 86' lang='lat' dir='ltr'><strong>quanto</strong></span> <span class='ocrx_word' id='word_1_44' title='bbox 382 695 466 750; x_wconf 90' lang='lat' dir='ltr'><strong>luerit</strong></span> <span class='ocrx_word' id='word_1_45' title='bbox 479 691 627 748; x_wconf 87' lang='lat' dir='ltr'><strong>earundem</strong></span> <span class='ocrx_word' id='word_1_46' title='bbox 654 691 772 759; x_wconf 87' lang='lat' dir='ltr'><strong>partium</strong></span> <span class='ocrx_word' id='word_1_47' title='bbox 797 690 971 746; x_wconf 91' lang='lat' dir='ltr'><strong>numerosior</strong></span> <span class='ocrx_word' id='word_1_48' title='bbox 986 689 1076 758; x_wconf 87' lang='lat' dir='ltr'><strong>plura·</strong></span> <span class='ocrx_word' id='word_1_49' title='bbox 1118 690 1151 745; x_wconf 91' lang='lat' dir='ltr'><strong>ab</strong></span> <span class='ocrx_word' id='word_1_50' title='bbox 1181 690 1277 744; x_wconf 88' lang='lat' dir='ltr'><strong>codem</strong></span> <span class='ocrx_word' id='word_1_51' title='bbox 1306 689 1494 759; x_wconf 87' lang='lat' dir='ltr'><strong>apostolorum</strong></span> <span class='ocrx_word' id='word_1_52' title='bbox 1526 689 1650 758; x_wconf 77' lang='lat' dir='ltr'><strong>principe</strong></span> <span class='ocrx_word' id='word_1_53' title='bbox 1678 689 1807 752; x_wconf 80' lang='lat' dir='ltr'><strong>accincti,</strong></span> <span class='ocrx_word' id='word_1_54' title='bbox 1832 695 1931 742; x_wconf 90' lang='lat' dir='ltr'><strong>utrum·</strong></span> 
     </span>
     <span class='ocr_line' id='line_1_6' title="bbox 259 773 1931 849; baseline -0.005 -10"><span class='ocrx_word' id='word_1_55' title='bbox 259 785 329 840; x_wconf 90' lang='lat' dir='ltr'><strong>litas.</strong></span> <span class='ocrx_word' id='word_1_56' title='bbox 361 783 505 838; x_wconf 87' lang='lat' dir='ltr'><strong>Venientes</strong></span> <span class='ocrx_word' id='word_1_57' title='bbox 529 793 594 849; x_wconf 88' lang='lat' dir='ltr'><strong>ergo</strong></span> <span class='ocrx_word' id='word_1_58' title='bbox 618 778 652 832; x_wconf 93' lang='lat' dir='ltr'><strong>ad</strong></span> <span class='ocrx_word' id='word_1_59' title='bbox 677 777 771 832; x_wconf 87' lang='lat' dir='ltr'><strong>silvam</strong></span> <span class='ocrx_word' id='word_1_60' title='bbox 796 791 857 846; x_wconf 83' lang='lat' dir='ltr'><strong>quae</strong></span> <span class='ocrx_word' id='word_1_61' title='bbox 881 776 1075 845; x_wconf 61' lang='lat' dir='ltr'><strong>Thuringosli</strong></span> <span class='ocrx_word' id='word_1_62' title='bbox 1117 792 1171 847; x_wconf 81' lang='lat' dir='ltr'><strong>que</strong></span> <span class='ocrx_word' id='word_1_63' title='bbox 1200 791 1302 848; x_wconf 88' lang='lat' dir='ltr'><strong>regem,</strong></span> <span class='ocrx_word' id='word_1_64' title='bbox 1329 778 1486 833; x_wconf 82' lang='lat' dir='ltr'><strong>Heinricum</strong></span> <span class='ocrx_word' id='word_1_65' title='bbox 1515 777 1644 832; x_wconf 89' lang='lat' dir='ltr'><strong>videlieet</strong></span> <span class='ocrx_word' id='word_1_66' title='bbox 1670 784 1754 845; x_wconf 83' lang='lat' dir='ltr'><strong>atque</strong></span> <span class='ocrx_word' id='word_1_67' title='bbox 1782 773 1931 842; x_wconf 87' lang='lat' dir='ltr'><strong>ltodulium,</strong></span> 
     </span>
     <span class='ocr_line' id='line_1_7' title="bbox 258 865 1932 943; baseline -0.004 -16"><span class='ocrx_word' id='word_1_68' title='bbox 258 879 400 943; x_wconf 88' lang='lat' dir='ltr'><strong>separata</strong></span> <span class='ocrx_word' id='word_1_69' title='bbox 425 867 547 934; x_wconf 79' lang='lat' dir='ltr'><strong>Francia,</strong></span> <span class='ocrx_word' id='word_1_70' title='bbox 572 867 730 932; x_wconf 87' lang='lat' dir='ltr'><strong>audiebant,</strong></span> <span class='ocrx_word' id='word_1_71' title='bbox 747 865 821 935; x_wconf 89' lang='lat' dir='ltr'><strong>quod</strong></span> <span class='ocrx_word' id='word_1_72' title='bbox 844 873 872 920; x_wconf 89' lang='lat' dir='ltr'><strong>ct</strong></span> <span class='ocrx_word' id='word_1_73' title='bbox 891 880 983 921; x_wconf 88' lang='lat' dir='ltr'><strong>verum</strong></span> <span class='ocrx_word' id='word_1_74' title='bbox 1006 876 1074 933; x_wconf 90' lang='lat' dir='ltr'><strong>crat,</strong></span> <span class='ocrx_word' id='word_1_75' title='bbox 1117 869 1333 932; x_wconf 89' lang='lat' dir='ltr'><strong>commoneatis,</strong></span> <span class='ocrx_word' id='word_1_76' title='bbox 1367 874 1504 937; x_wconf 85' lang='lat' dir='ltr'><strong>quatenus</strong></span> <span class='ocrx_word' id='word_1_77' title='bbox 1537 867 1618 922; x_wconf 87' lang='lat' dir='ltr'><strong>nobis</strong></span> <span class='ocrx_word' id='word_1_78' title='bbox 1647 867 1717 922; x_wconf 87' lang='lat' dir='ltr'><strong>vlam</strong></span> <span class='ocrx_word' id='word_1_79' title='bbox 1750 865 1808 921; x_wconf 90' lang='lat' dir='ltr'><strong>illic</strong></span> <span class='ocrx_word' id='word_1_80' title='bbox 1841 880 1932 921; x_wconf 88' lang='lat' dir='ltr'><strong>secure</strong></span> 
     </span>
     <span class='ocr_line' id='line_1_8' title="bbox 257 953 1932 1031; baseline -0.004 -14"><span class='ocrx_word' id='word_1_81' title='bbox 257 963 320 1031; x_wconf 83' lang='lat' dir='ltr'><strong>nula</strong></span> <span class='ocrx_word' id='word_1_82' title='bbox 340 963 460 1028; x_wconf 83' lang='lat' dir='ltr'><strong>Saxopes</strong></span> <span class='ocrx_word' id='word_1_83' title='bbox 482 971 515 1012; x_wconf 87' lang='lat' dir='ltr'><strong>ex</strong></span> <span class='ocrx_word' id='word_1_84' title='bbox 534 953 619 1011; x_wconf 90' lang='lat' dir='ltr'><strong>altera</strong></span> <span class='ocrx_word' id='word_1_85' title='bbox 640 961 718 1024; x_wconf 89' lang='lat' dir='ltr'><strong>parte</strong></span> <span class='ocrx_word' id='word_1_86' title='bbox 741 954 817 1009; x_wconf 83' lang='lat' dir='ltr'><strong>silvae</strong></span> <span class='ocrx_word' id='word_1_87' title='bbox 834 968 895 1009; x_wconf 94' lang='lat' dir='ltr'><strong>cum</strong></span> <span class='ocrx_word' id='word_1_88' title='bbox 915 962 990 1009; x_wconf 90' lang='lat' dir='ltr'><strong>tanta</strong></span> <span class='ocrx_word' id='word_1_89' title='bbox 1009 956 1076 1011; x_wconf 91' lang='lat' dir='ltr'><strong>mul·</strong></span> <span class='ocrx_word' id='word_1_90' title='bbox 1118 956 1276 1012; x_wconf 87' lang='lat' dir='ltr'><strong>transeundi</strong></span> <span class='ocrx_word' id='word_1_91' title='bbox 1301 957 1437 1025; x_wconf 91' lang='lat' dir='ltr'><strong>aperiant,</strong></span> <span class='ocrx_word' id='word_1_92' title='bbox 1461 963 1490 1011; x_wconf 92' lang='lat' dir='ltr'><strong>et</strong></span> <span class='ocrx_word' id='word_1_93' title='bbox 1512 956 1678 1025; x_wconf 83' lang='lat' dir='ltr'><strong>adjutorium</strong></span> <span class='ocrx_word' id='word_1_94' title='bbox 1702 962 1785 1024; x_wconf 83' lang='lat' dir='ltr'><strong>atquc</strong></span> <span class='ocrx_word' id='word_1_95' title='bbox 1809 954 1932 1012; x_wconf 88' lang='lat' dir='ltr'><strong>ducamn</strong></span> 
     </span>
     <span class='ocr_line' id='line_1_9' title="bbox 257 1043 1932 1114; baseline -0.004 -9"><span class='ocrx_word' id='word_1_96' title='bbox 257 1049 373 1106; x_wconf 74' lang='lat' dir='ltr'><strong>titudine</strong></span> <span class='ocrx_word' id='word_1_97' title='bbox 401 1046 539 1112; x_wconf 84' lang='lat' dir='ltr'><strong>sederent,</strong></span> <span class='ocrx_word' id='word_1_98' title='bbox 574 1053 702 1114; x_wconf 82' lang='lat' dir='ltr'><strong>quantam</strong></span> <span class='ocrx_word' id='word_1_99' title='bbox 735 1044 812 1112; x_wconf 91' lang='lat' dir='ltr'><strong>prius</strong></span> <span class='ocrx_word' id='word_1_100' title='bbox 843 1058 989 1113; x_wconf 85' lang='lat' dir='ltr'><strong>numquam</strong></span> <span class='ocrx_word' id='word_1_101' title='bbox 1021 1045 1076 1100; x_wconf 90' lang='lat' dir='ltr'><strong>siut</strong></span> <span class='ocrx_word' id='word_1_102' title='bbox 1118 1059 1167 1114; x_wconf 90' lang='lat' dir='ltr'><strong>per</strong></span> <span class='ocrx_word' id='word_1_103' title='bbox 1182 1045 1250 1100; x_wconf 90' lang='lat' dir='ltr'><strong>tales</strong></span> <span class='ocrx_word' id='word_1_104' title='bbox 1275 1057 1416 1114; x_wconf 89' lang='lat' dir='ltr'><strong>personas,</strong></span> <span class='ocrx_word' id='word_1_105' title='bbox 1433 1044 1467 1100; x_wconf 92' lang='lat' dir='ltr'><strong>de</strong></span> <span class='ocrx_word' id='word_1_106' title='bbox 1492 1044 1592 1114; x_wconf 84' lang='lat' dir='ltr'><strong>quibus</strong></span> <span class='ocrx_word' id='word_1_107' title='bbox 1616 1057 1665 1099; x_wconf 91' lang='lat' dir='ltr'><strong>vos</strong></span> <span class='ocrx_word' id='word_1_108' title='bbox 1688 1043 1758 1098; x_wconf 87' lang='lat' dir='ltr'><strong>bene</strong></span> <span class='ocrx_word' id='word_1_109' title='bbox 1781 1043 1932 1109; x_wconf 80' lang='lat' dir='ltr'><strong>confidatis,</strong></span> 
     </span>
     <span class='ocr_line' id='line_1_10' title="bbox 255 1131 1932 1205; baseline -0.005 -11"><span class='ocrx_word' id='word_1_110' title='bbox 255 1137 340 1194; x_wconf 90' lang='lat' dir='ltr'><strong>auditi</strong></span> <span class='ocrx_word' id='word_1_111' title='bbox 369 1135 523 1205; x_wconf 85' lang='lat' dir='ltr'><strong>collegisse.</strong></span> <span class='ocrx_word' id='word_1_112' title='bbox 552 1135 618 1188; x_wconf 88' lang='lat' dir='ltr'><strong>Nam</strong></span> <span class='ocrx_word' id='word_1_113' title='bbox 643 1131 677 1188; x_wconf 91' lang='lat' dir='ltr'><strong>de</strong></span> <span class='ocrx_word' id='word_1_114' title='bbox 703 1131 836 1186; x_wconf 82' lang='lat' dir='ltr'><strong>militibus</strong></span> <span class='ocrx_word' id='word_1_115' title='bbox 863 1134 975 1187; x_wconf 90' lang='lat' dir='ltr'><strong>armatis</strong></span> <span class='ocrx_word' id='word_1_116' title='bbox 1001 1132 1075 1188; x_wconf 89' lang='lat' dir='ltr'><strong>milia</strong></span> <span class='ocrx_word' id='word_1_117' title='bbox 1118 1135 1268 1203; x_wconf 83' lang='lat' dir='ltr'><strong>praebeant,</strong></span> <span class='ocrx_word' id='word_1_118' title='bbox 1285 1141 1315 1188; x_wconf 94' lang='lat' dir='ltr'><strong>ut</strong></span> <span class='ocrx_word' id='word_1_119' title='bbox 1333 1134 1387 1190; x_wconf 92' lang='lat' dir='ltr'><strong>iter</strong></span> <span class='ocrx_word' id='word_1_120' title='bbox 1405 1135 1496 1199; x_wconf 91' lang='lat' dir='ltr'><strong>uobis,</strong></span> <span class='ocrx_word' id='word_1_121' title='bbox 1512 1134 1621 1189; x_wconf 81' lang='lat' dir='ltr'><strong>Gbristo</strong></span> <span class='ocrx_word' id='word_1_122' title='bbox 1646 1139 1817 1203; x_wconf 79' lang='lat' dir='ltr'><strong>protegente,</strong></span> <span class='ocrx_word' id='word_1_123' title='bbox 1834 1141 1932 1200; x_wconf 88' lang='lat' dir='ltr'><strong>pateat.</strong></span> 
     </span>
     <span class='ocr_line' id='line_1_11' title="bbox 256 1219 1933 1294; baseline -0.001 -14"><span class='ocrx_word' id='word_1_124' title='bbox 256 1225 312 1281; x_wconf 87' lang='lat' dir='ltr'><strong>lere</strong></span> <span class='ocrx_word' id='word_1_125' title='bbox 338 1224 478 1294; x_wconf 81' lang='lat' dir='ltr'><strong>sexaginta</strong></span> <span class='ocrx_word' id='word_1_126' title='bbox 505 1221 653 1286; x_wconf 87' lang='lat' dir='ltr'><strong>habebant,</strong></span> <span class='ocrx_word' id='word_1_127' title='bbox 670 1221 717 1290; x_wconf 87' lang='lat' dir='ltr'><strong>qui</strong></span> <span class='ocrx_word' id='word_1_128' title='bbox 740 1221 782 1275; x_wconf 85' lang='lat' dir='ltr'><strong>uel</strong></span> <span class='ocrx_word' id='word_1_129' title='bbox 807 1219 916 1275; x_wconf 82' lang='lat' dir='ltr'><strong>fortiter</strong></span> <span class='ocrx_word' id='word_1_130' title='bbox 940 1222 1010 1277; x_wconf 91' lang='lat' dir='ltr'><strong>mori</strong></span> <span class='ocrx_word' id='word_1_131' title='bbox 1032 1222 1074 1276; x_wconf 89' lang='lat' dir='ltr'><strong>vel</strong></span> <span class='ocrx_word' id='word_1_132' title='bbox 1117 1223 1308 1279; x_wconf 80' lang='lat' dir='ltr'><strong>desideramus</strong></span> <span class='ocrx_word' id='word_1_133' title='bbox 1335 1224 1407 1278; x_wconf 90' lang='lat' dir='ltr'><strong>enlm</strong></span> <span class='ocrx_word' id='word_1_134' title='bbox 1436 1237 1498 1278; x_wconf 89' lang='lat' dir='ltr'><strong>cum</strong></span> <span class='ocrx_word' id='word_1_135' title='bbox 1527 1223 1644 1278; x_wconf 88' lang='lat' dir='ltr'><strong>consilio</strong></span> <span class='ocrx_word' id='word_1_136' title='bbox 1668 1222 1830 1278; x_wconf 88' lang='lat' dir='ltr'><strong>clericorum</strong></span> <span class='ocrx_word' id='word_1_137' title='bbox 1854 1231 1933 1290; x_wconf 77' lang='lat' dir='ltr'><strong>atque</strong></span> 
     </span>
     <span class='ocr_line' id='line_1_12' title="bbox 256 1308 1933 1382; baseline -0.001 -14"><span class='ocrx_word' id='word_1_138' title='bbox 256 1323 356 1368; x_wconf 86' lang='lat' dir='ltr'><strong>verram</strong></span> <span class='ocrx_word' id='word_1_139' title='bbox 384 1324 460 1368; x_wconf 88' lang='lat' dir='ltr'><strong>snam</strong></span> <span class='ocrx_word' id='word_1_140' title='bbox 489 1311 560 1365; x_wconf 92' lang='lat' dir='ltr'><strong>tueri</strong></span> <span class='ocrx_word' id='word_1_141' title='bbox 588 1309 725 1364; x_wconf 88' lang='lat' dir='ltr'><strong>volebant.</strong></span> <span class='ocrx_word' id='word_1_142' title='bbox 755 1308 832 1376; x_wconf 78' lang='lat' dir='ltr'><strong>Quod</strong></span> <span class='ocrx_word' id='word_1_143' title='bbox 865 1308 986 1365; x_wconf 90' lang='lat' dir='ltr'><strong>auditum</strong></span> <span class='ocrx_word' id='word_1_144' title='bbox 1013 1323 1074 1364; x_wconf 74' lang='lat' dir='ltr'><strong>rrum</strong></span> <span class='ocrx_word' id='word_1_145' title='bbox 1117 1312 1249 1367; x_wconf 91' lang='lat' dir='ltr'><strong>laicorum</strong></span> <span class='ocrx_word' id='word_1_146' title='bbox 1270 1312 1393 1379; x_wconf 86' lang='lat' dir='ltr'><strong>ejusdem</strong></span> <span class='ocrx_word' id='word_1_147' title='bbox 1418 1314 1494 1382; x_wconf 85' lang='lat' dir='ltr'><strong>regni</strong></span> <span class='ocrx_word' id='word_1_148' title='bbox 1519 1311 1566 1381; x_wconf 87' lang='lat' dir='ltr'><strong>qui</strong></span> <span class='ocrx_word' id='word_1_149' title='bbox 1591 1313 1675 1367; x_wconf 83' lang='lat' dir='ltr'><strong>boum</strong></span> <span class='ocrx_word' id='word_1_150' title='bbox 1700 1311 1798 1366; x_wconf 88' lang='lat' dir='ltr'><strong>timent</strong></span> <span class='ocrx_word' id='word_1_151' title='bbox 1820 1317 1847 1366; x_wconf 88' lang='lat' dir='ltr'><strong>et</strong></span> <span class='ocrx_word' id='word_1_152' title='bbox 1868 1309 1933 1366; x_wconf 92' lang='lat' dir='ltr'><strong>dili·</strong></span> 
     </span>
     <span class='ocr_line' id='line_1_13' title="bbox 256 1398 1934 1472; baseline -0.001 -15"><span class='ocrx_word' id='word_1_153' title='bbox 256 1403 344 1472; x_wconf 91' lang='lat' dir='ltr'><strong>primo</strong></span> <span class='ocrx_word' id='word_1_154' title='bbox 368 1414 423 1457; x_wconf 95' lang='lat' dir='ltr'><strong>non</strong></span> <span class='ocrx_word' id='word_1_155' title='bbox 447 1400 602 1463; x_wconf 85' lang='lat' dir='ltr'><strong>crederent,</strong></span> <span class='ocrx_word' id='word_1_156' title='bbox 629 1405 773 1468; x_wconf 85' lang='lat' dir='ltr'><strong>postquam</strong></span> <span class='ocrx_word' id='word_1_157' title='bbox 802 1398 893 1454; x_wconf 88' lang='lat' dir='ltr'><strong>missis</strong></span> <span class='ocrx_word' id='word_1_158' title='bbox 920 1399 1075 1467; x_wconf 82' lang='lat' dir='ltr'><strong>explorato·</strong></span> <span class='ocrx_word' id='word_1_159' title='bbox 1116 1407 1193 1472; x_wconf 88' lang='lat' dir='ltr'><strong>gunt,</strong></span> <span class='ocrx_word' id='word_1_160' title='bbox 1219 1414 1326 1456; x_wconf 90' lang='lat' dir='ltr'><strong>causam</strong></span> <span class='ocrx_word' id='word_1_161' title='bbox 1353 1402 1498 1456; x_wconf 89' lang='lat' dir='ltr'><strong>intereos</strong></span> <span class='ocrx_word' id='word_1_162' title='bbox 1522 1403 1578 1456; x_wconf 87' lang='lat' dir='ltr'><strong>beo</strong></span> <span class='ocrx_word' id='word_1_163' title='bbox 1605 1399 1712 1455; x_wconf 78' lang='lat' dir='ltr'><strong>fauente</strong></span> <span class='ocrx_word' id='word_1_164' title='bbox 1739 1400 1884 1465; x_wconf 88' lang='lat' dir='ltr'><strong>discutere,</strong></span> <span class='ocrx_word' id='word_1_165' title='bbox 1911 1408 1934 1455; x_wconf 89' lang='lat' dir='ltr'><strong>et</strong></span> 
     </span>
     <span class='ocr_line' id='line_1_14' title="bbox 258 1474 1932 1559; baseline -0.002 -13"><span class='ocrx_word' id='word_1_166' title='bbox 258 1493 333 1546; x_wconf 91' lang='lat' dir='ltr'><strong>ribus</strong></span> <span class='ocrx_word' id='word_1_167' title='bbox 354 1491 435 1545; x_wconf 91' lang='lat' dir='ltr'><strong>nimis</strong></span> <span class='ocrx_word' id='word_1_168' title='bbox 455 1503 548 1544; x_wconf 88' lang='lat' dir='ltr'><strong>verum</strong></span> <span class='ocrx_word' id='word_1_169' title='bbox 572 1501 632 1542; x_wconf 84' lang='lat' dir='ltr'><strong>esse</strong></span> <span class='ocrx_word' id='word_1_170' title='bbox 657 1488 870 1557; x_wconf 80' lang='lat' dir='ltr'><strong>cognoscebant,</strong></span> <span class='ocrx_word' id='word_1_171' title='bbox 885 1487 971 1543; x_wconf 88' lang='lat' dir='ltr'><strong>multo</strong></span> <span class='ocrx_word' id='word_1_172' title='bbox 990 1490 1075 1558; x_wconf 86' lang='lat' dir='ltr'><strong>magis</strong></span> <span class='ocrx_word' id='word_1_173' title='bbox 1117 1491 1196 1558; x_wconf 87' lang='lat' dir='ltr'><strong>cujus</strong></span> <span class='ocrx_word' id='word_1_174' title='bbox 1220 1491 1289 1558; x_wconf 89' lang='lat' dir='ltr'><strong>parti</strong></span> <span class='ocrx_word' id='word_1_175' title='bbox 1305 1489 1391 1559; x_wconf 90' lang='lat' dir='ltr'><strong>magis</strong></span> <span class='ocrx_word' id='word_1_176' title='bbox 1405 1489 1438 1543; x_wconf 92' lang='lat' dir='ltr'><strong>ad</strong></span> <span class='ocrx_word' id='word_1_177' title='bbox 1463 1491 1540 1558; x_wconf 88' lang='lat' dir='ltr'><strong>regni</strong></span> <span class='ocrx_word' id='word_1_178' title='bbox 1564 1474 1749 1558; x_wconf 80' lang='lat' dir='ltr'><strong>gubernacula</strong></span> <span class='ocrx_word' id='word_1_179' title='bbox 1769 1489 1873 1558; x_wconf 87' lang='lat' dir='ltr'><strong>justitia</strong></span> <span class='ocrx_word' id='word_1_180' title='bbox 1893 1487 1932 1542; x_wconf 85' lang='lat' dir='ltr'><strong>ia·</strong></span> 
     </span>
     <span class='ocr_line' id='line_1_15' title="bbox 257 1575 1932 1649; baseline -0.003 -13"><span class='ocrx_word' id='word_1_181' title='bbox 257 1580 358 1644; x_wconf 86' lang='lat' dir='ltr'><strong>redire,</strong></span> <span class='ocrx_word' id='word_1_182' title='bbox 378 1581 477 1634; x_wconf 89' lang='lat' dir='ltr'><strong>timore</strong></span> <span class='ocrx_word' id='word_1_183' title='bbox 496 1583 623 1649; x_wconf 83' lang='lat' dir='ltr'><strong>cogente,</strong></span> <span class='ocrx_word' id='word_1_184' title='bbox 644 1590 723 1645; x_wconf 84' lang='lat' dir='ltr'><strong>quarn</strong></span> <span class='ocrx_word' id='word_1_185' title='bbox 744 1577 846 1641; x_wconf 89' lang='lat' dir='ltr'><strong>venire,</strong></span> <span class='ocrx_word' id='word_1_186' title='bbox 867 1591 915 1646; x_wconf 88' lang='lat' dir='ltr'><strong>spe</strong></span> <span class='ocrx_word' id='word_1_187' title='bbox 938 1577 1073 1645; x_wconf 89' lang='lat' dir='ltr'><strong>trabeate,</strong></span> <span class='ocrx_word' id='word_1_188' title='bbox 1117 1584 1177 1633; x_wconf 85' lang='lat' dir='ltr'><strong>reat</strong></span> <span class='ocrx_word' id='word_1_189' title='bbox 1201 1577 1400 1632; x_wconf 90' lang='lat' dir='ltr'><strong>demonstrare.</strong></span> <span class='ocrx_word' id='word_1_190' title='bbox 1433 1577 1515 1632; x_wconf 88' lang='lat' dir='ltr'><strong>Scitis</strong></span> <span class='ocrx_word' id='word_1_191' title='bbox 1542 1577 1614 1631; x_wconf 91' lang='lat' dir='ltr'><strong>enirn</strong></span> <span class='ocrx_word' id='word_1_192' title='bbox 1644 1577 1708 1646; x_wconf 85' lang='lat' dir='ltr'><strong>quia</strong></span> <span class='ocrx_word' id='word_1_193' title='bbox 1738 1575 1825 1632; x_wconf 88' lang='lat' dir='ltr'><strong>nostri</strong></span> <span class='ocrx_word' id='word_1_194' title='bbox 1852 1575 1932 1632; x_wconf 87' lang='lat' dir='ltr'><strong>oiticli</strong></span> 
     </span>
     <span class='ocr_line' id='line_1_16' title="bbox 258 1665 1934 1739; baseline -0.002 -15"><span class='ocrx_word' id='word_1_195' title='bbox 258 1669 451 1739; x_wconf 87' lang='lat' dir='ltr'><strong>properabant.</strong></span> <span class='ocrx_word' id='word_1_196' title='bbox 468 1667 520 1722; x_wconf 84' lang='lat' dir='ltr'><strong>Sed</strong></span> <span class='ocrx_word' id='word_1_197' title='bbox 536 1666 681 1720; x_wconf 87' lang='lat' dir='ltr'><strong>lleinrlcus</strong></span> <span class='ocrx_word' id='word_1_198' title='bbox 697 1679 789 1729; x_wconf 84' lang='lat' dir='ltr'><strong>exrex,</strong></span> <span class='ocrx_word' id='word_1_199' title='bbox 806 1679 840 1720; x_wconf 91' lang='lat' dir='ltr'><strong>ne</strong></span> <span class='ocrx_word' id='word_1_200' title='bbox 856 1673 959 1721; x_wconf 86' lang='lat' dir='ltr'><strong>tantum</strong></span> <span class='ocrx_word' id='word_1_201' title='bbox 975 1665 1074 1722; x_wconf 84' lang='lat' dir='ltr'><strong>trustra</strong></span> <span class='ocrx_word' id='word_1_202' title='bbox 1117 1673 1144 1721; x_wconf 87' lang='lat' dir='ltr'><strong>et</strong></span> <span class='ocrx_word' id='word_1_203' title='bbox 1168 1665 1329 1735; x_wconf 86' lang='lat' dir='ltr'><strong>apostolicae</strong></span> <span class='ocrx_word' id='word_1_204' title='bbox 1348 1665 1422 1721; x_wconf 88' lang='lat' dir='ltr'><strong>sedis</strong></span> <span class='ocrx_word' id='word_1_205' title='bbox 1441 1673 1483 1720; x_wconf 91' lang='lat' dir='ltr'><strong>est</strong></span> <span class='ocrx_word' id='word_1_206' title='bbox 1504 1665 1694 1734; x_wconf 83' lang='lat' dir='ltr'><strong>providendae,</strong></span> <span class='ocrx_word' id='word_1_207' title='bbox 1711 1665 1814 1733; x_wconf 81' lang='lat' dir='ltr'><strong>majora</strong></span> <span class='ocrx_word' id='word_1_208' title='bbox 1829 1667 1934 1734; x_wconf 78' lang='lat' dir='ltr'><strong>negotis</strong></span> 
     </span>
     <span class='ocr_line' id='line_1_17' title="bbox 257 1749 1931 1826; baseline 0 -16"><span class='ocrx_word' id='word_1_209' title='bbox 257 1761 451 1826; x_wconf 84' lang='lat' dir='ltr'><strong>congregasset</strong></span> <span class='ocrx_word' id='word_1_210' title='bbox 472 1755 631 1820; x_wconf 87' lang='lat' dir='ltr'><strong>exereitum,</strong></span> <span class='ocrx_word' id='word_1_211' title='bbox 648 1767 708 1809; x_wconf 90' lang='lat' dir='ltr'><strong>curn</strong></span> <span class='ocrx_word' id='word_1_212' title='bbox 732 1755 828 1810; x_wconf 88' lang='lat' dir='ltr'><strong>eodem</strong></span> <span class='ocrx_word' id='word_1_213' title='bbox 851 1755 958 1825; x_wconf 85' lang='lat' dir='ltr'><strong>agmine</strong></span> <span class='ocrx_word' id='word_1_214' title='bbox 971 1749 1296 1811; x_wconf 83' lang='lat' dir='ltr'><strong>SueuosBecolesiarnm</strong></span> <span class='ocrx_word' id='word_1_215' title='bbox 1320 1754 1470 1819; x_wconf 88' lang='lat' dir='ltr'><strong>discutere,</strong></span> <span class='ocrx_word' id='word_1_216' title='bbox 1486 1763 1514 1810; x_wconf 92' lang='lat' dir='ltr'><strong>et</strong></span> <span class='ocrx_word' id='word_1_217' title='bbox 1533 1755 1654 1810; x_wconf 88' lang='lat' dir='ltr'><strong>dictante</strong></span> <span class='ocrx_word' id='word_1_218' title='bbox 1677 1754 1784 1823; x_wconf 84' lang='lat' dir='ltr'><strong>justitia</strong></span> <span class='ocrx_word' id='word_1_219' title='bbox 1806 1753 1931 1810; x_wconf 82' lang='lat' dir='ltr'><strong>dillinirc</strong></span> 
     </span>
     <span class='ocr_line' id='line_1_18' title="bbox 258 1843 1933 1914; baseline 0.001 -16"><span class='ocrx_word' id='word_1_220' title='bbox 258 1845 354 1914; x_wconf 85' lang='lat' dir='ltr'><strong>petilt;</strong></span> <span class='ocrx_word' id='word_1_221' title='bbox 379 1845 427 1899; x_wconf 91' lang='lat' dir='ltr'><strong>ubi</strong></span> <span class='ocrx_word' id='word_1_222' title='bbox 451 1857 501 1899; x_wconf 87' lang='lat' dir='ltr'><strong>neo</strong></span> <span class='ocrx_word' id='word_1_223' title='bbox 523 1843 647 1898; x_wconf 86' lang='lat' dir='ltr'><strong>eeclesiis</strong></span> <span class='ocrx_word' id='word_1_224' title='bbox 671 1857 722 1898; x_wconf 92' lang='lat' dir='ltr'><strong>nee</strong></span> <span class='ocrx_word' id='word_1_225' title='bbox 743 1843 821 1898; x_wconf 89' lang='lat' dir='ltr'><strong>atriis</strong></span> <span class='ocrx_word' id='word_1_226' title='bbox 835 1844 1012 1899; x_wconf 89' lang='lat' dir='ltr'><strong>ecclesiarum</strong></span> <span class='ocrx_word' id='word_1_227' title='bbox 1029 1859 1076 1914; x_wconf 88' lang='lat' dir='ltr'><strong>pe·</strong></span> <span class='ocrx_word' id='word_1_228' title='bbox 1117 1845 1176 1899; x_wconf 91' lang='lat' dir='ltr'><strong>lloc</strong></span> <span class='ocrx_word' id='word_1_229' title='bbox 1198 1851 1288 1900; x_wconf 91' lang='lat' dir='ltr'><strong>autem</strong></span> <span class='ocrx_word' id='word_1_230' title='bbox 1304 1843 1379 1913; x_wconf 83' lang='lat' dir='ltr'><strong>quod</strong></span> <span class='ocrx_word' id='word_1_231' title='bbox 1403 1844 1476 1898; x_wconf 88' lang='lat' dir='ltr'><strong>inter</strong></span> <span class='ocrx_word' id='word_1_232' title='bbox 1501 1856 1550 1898; x_wconf 89' lang='lat' dir='ltr'><strong>eos</strong></span> <span class='ocrx_word' id='word_1_233' title='bbox 1572 1845 1662 1914; x_wconf 91' lang='lat' dir='ltr'><strong>agitur</strong></span> <span class='ocrx_word' id='word_1_234' title='bbox 1685 1843 1836 1912; x_wconf 87' lang='lat' dir='ltr'><strong>negotium,</strong></span> <span class='ocrx_word' id='word_1_235' title='bbox 1853 1851 1933 1900; x_wconf 80' lang='lat' dir='ltr'><strong>tante</strong></span> 
     </span>
     <span class='ocr_line' id='line_1_19' title="bbox 257 1930 1933 2003; baseline -0.001 -15"><span class='ocrx_word' id='word_1_236' title='bbox 257 1934 354 2003; x_wconf 86' lang='lat' dir='ltr'><strong>percit,</strong></span> <span class='ocrx_word' id='word_1_237' title='bbox 371 1939 399 1988; x_wconf 91' lang='lat' dir='ltr'><strong>et</strong></span> <span class='ocrx_word' id='word_1_238' title='bbox 416 1933 489 1987; x_wconf 88' lang='lat' dir='ltr'><strong>inter</strong></span> <span class='ocrx_word' id='word_1_239' title='bbox 512 1945 604 1987; x_wconf 90' lang='lat' dir='ltr'><strong>sacras</strong></span> <span class='ocrx_word' id='word_1_240' title='bbox 619 1930 801 2000; x_wconf 81' lang='lat' dir='ltr'><strong>profanasque</strong></span> <span class='ocrx_word' id='word_1_241' title='bbox 816 1945 861 1986; x_wconf 89' lang='lat' dir='ltr'><strong>res</strong></span> <span class='ocrx_word' id='word_1_242' title='bbox 880 1933 981 1987; x_wconf 90' lang='lat' dir='ltr'><strong>nullam</strong></span> <span class='ocrx_word' id='word_1_243' title='bbox 1000 1932 1076 1988; x_wconf 79' lang='lat' dir='ltr'><strong>dille-</strong></span> <span class='ocrx_word' id='word_1_244' title='bbox 1117 1931 1258 2002; x_wconf 87' lang='lat' dir='ltr'><strong>dignitatis</strong></span> <span class='ocrx_word' id='word_1_245' title='bbox 1283 1939 1325 1987; x_wconf 84' lang='lat' dir='ltr'><strong>est</strong></span> <span class='ocrx_word' id='word_1_246' title='bbox 1347 1933 1471 2001; x_wconf 89' lang='lat' dir='ltr'><strong>tantique</strong></span> <span class='ocrx_word' id='word_1_247' title='bbox 1495 1931 1621 2000; x_wconf 89' lang='lat' dir='ltr'><strong>periculi,</strong></span> <span class='ocrx_word' id='word_1_248' title='bbox 1643 1937 1672 1986; x_wconf 90' lang='lat' dir='ltr'><strong>ut</strong></span> <span class='ocrx_word' id='word_1_249' title='bbox 1695 1933 1718 1986; x_wconf 95' lang='lat' dir='ltr'><strong>si</strong></span> <span class='ocrx_word' id='word_1_250' title='bbox 1741 1945 1757 1985; x_wconf 91' lang='lat' dir='ltr'><strong>a</strong></span> <span class='ocrx_word' id='word_1_251' title='bbox 1782 1931 1860 1987; x_wconf 88' lang='lat' dir='ltr'><strong>nobis</strong></span> <span class='ocrx_word' id='word_1_252' title='bbox 1881 1932 1933 1986; x_wconf 88' lang='lat' dir='ltr'><strong>ali·</strong></span> 
     </span>
     <span class='ocr_line' id='line_1_20' title="bbox 256 2019 1933 2089; baseline -0.002 -13"><span class='ocrx_word' id='word_1_253' title='bbox 256 2023 371 2076; x_wconf 89' lang='lat' dir='ltr'><strong>reutiam</strong></span> <span class='ocrx_word' id='word_1_254' title='bbox 398 2019 477 2086; x_wconf 88' lang='lat' dir='ltr'><strong>iecit,</strong></span> <span class='ocrx_word' id='word_1_255' title='bbox 507 2026 537 2074; x_wconf 92' lang='lat' dir='ltr'><strong>ut</strong></span> <span class='ocrx_word' id='word_1_256' title='bbox 564 2019 672 2074; x_wconf 93' lang='lat' dir='ltr'><strong>illorum</strong></span> <span class='ocrx_word' id='word_1_257' title='bbox 702 2021 842 2074; x_wconf 86' lang='lat' dir='ltr'><strong>avaritiam</strong></span> <span class='ocrx_word' id='word_1_258' title='bbox 870 2021 1075 2076; x_wconf 80' lang='lat' dir='ltr'><strong>insaturabilem</strong></span> <span class='ocrx_word' id='word_1_259' title='bbox 1117 2033 1170 2088; x_wconf 89' lang='lat' dir='ltr'><strong>qua</strong></span> <span class='ocrx_word' id='word_1_260' title='bbox 1194 2019 1276 2075; x_wconf 88' lang='lat' dir='ltr'><strong>luerit</strong></span> <span class='ocrx_word' id='word_1_261' title='bbox 1298 2021 1443 2076; x_wconf 86' lang='lat' dir='ltr'><strong>occasione</strong></span> <span class='ocrx_word' id='word_1_262' title='bbox 1468 2020 1632 2089; x_wconf 89' lang='lat' dir='ltr'><strong>neglectum,</strong></span> <span class='ocrx_word' id='word_1_263' title='bbox 1649 2032 1705 2074; x_wconf 93' lang='lat' dir='ltr'><strong>nnn</strong></span> <span class='ocrx_word' id='word_1_264' title='bbox 1728 2019 1815 2075; x_wconf 90' lang='lat' dir='ltr'><strong>solum</strong></span> <span class='ocrx_word' id='word_1_265' title='bbox 1835 2020 1891 2074; x_wconf 92' lang='lat' dir='ltr'><strong>illls</strong></span> <span class='ocrx_word' id='word_1_266' title='bbox 1910 2028 1933 2074; x_wconf 85' lang='lat' dir='ltr'><strong>et</strong></span> 
     </span>
     <span class='ocr_line' id='line_1_21' title="bbox 254 2107 1933 2179; baseline -0.001 -15"><span class='ocrx_word' id='word_1_267' title='bbox 254 2115 390 2165; x_wconf 90' lang='lat' dir='ltr'><strong>saturaret</strong></span> <span class='ocrx_word' id='word_1_268' title='bbox 409 2122 479 2179; x_wconf 85' lang='lat' dir='ltr'><strong>quos</strong></span> <span class='ocrx_word' id='word_1_269' title='bbox 502 2108 645 2163; x_wconf 83' lang='lat' dir='ltr'><strong>saxoniam</strong></span> <span class='ocrx_word' id='word_1_270' title='bbox 671 2108 828 2177; x_wconf 86' lang='lat' dir='ltr'><strong>pollicendo</strong></span> <span class='ocrx_word' id='word_1_271' title='bbox 852 2107 995 2164; x_wconf 86' lang='lat' dir='ltr'><strong>leiellcrat.</strong></span> <span class='ocrx_word' id='word_1_272' title='bbox 1023 2109 1074 2175; x_wconf 94' lang='lat' dir='ltr'><strong>lbi,</strong></span> <span class='ocrx_word' id='word_1_273' title='bbox 1117 2108 1216 2171; x_wconf 90' lang='lat' dir='ltr'><strong>nobis,</strong></span> <span class='ocrx_word' id='word_1_274' title='bbox 1246 2109 1294 2164; x_wconf 88' lang='lat' dir='ltr'><strong>sed</strong></span> <span class='ocrx_word' id='word_1_275' title='bbox 1324 2109 1405 2164; x_wconf 91' lang='lat' dir='ltr'><strong>etiam</strong></span> <span class='ocrx_word' id='word_1_276' title='bbox 1430 2107 1576 2164; x_wconf 85' lang='lat' dir='ltr'><strong>arriversall</strong></span> <span class='ocrx_word' id='word_1_277' title='bbox 1606 2107 1731 2164; x_wconf 81' lang='lat' dir='ltr'><strong>ecclcsiae</strong></span> <span class='ocrx_word' id='word_1_278' title='bbox 1759 2121 1883 2178; x_wconf 87' lang='lat' dir='ltr'><strong>magnum</strong></span> <span class='ocrx_word' id='word_1_279' title='bbox 1909 2116 1933 2163; x_wconf 89' lang='lat' dir='ltr'><strong>et</strong></span> 
     </span>
     <span class='ocr_line' id='line_1_22' title="bbox 256 2195 1933 2268; baseline -0.001 -15"><span class='ocrx_word' id='word_1_280' title='bbox 256 2198 330 2268; x_wconf 73' lang='lat' dir='ltr'><strong>rpuod</strong></span> <span class='ocrx_word' id='word_1_281' title='bbox 353 2195 530 2267; x_wconf 89' lang='lat' dir='ltr'><strong>anticipando</strong></span> <span class='ocrx_word' id='word_1_282' title='bbox 551 2199 605 2266; x_wconf 88' lang='lat' dir='ltr'><strong>jam</strong></span> <span class='ocrx_word' id='word_1_283' title='bbox 630 2197 736 2252; x_wconf 86' lang='lat' dir='ltr'><strong>narravi</strong></span> <span class='ocrx_word' id='word_1_284' title='bbox 763 2197 799 2268; x_wconf 87' lang='lat' dir='ltr'><strong>(c.</strong></span> <span class='ocrx_word' id='word_1_285' title='bbox 820 2195 880 2267; x_wconf 84' lang='lat' dir='ltr'><strong>to),</strong></span> <span class='ocrx_word' id='word_1_286' title='bbox 901 2199 1076 2254; x_wconf 74' lang='lat' dir='ltr'><strong>&#39;treverensis</strong></span> <span class='ocrx_word' id='word_1_287' title='bbox 1117 2195 1289 2252; x_wconf 80' lang='lat' dir='ltr'><strong>lamentabile</strong></span> <span class='ocrx_word' id='word_1_288' title='bbox 1318 2197 1406 2265; x_wconf 90' lang='lat' dir='ltr'><strong>pariat</strong></span> <span class='ocrx_word' id='word_1_289' title='bbox 1430 2195 1634 2252; x_wconf 89' lang='lat' dir='ltr'><strong>detrimentum.</strong></span> <span class='ocrx_word' id='word_1_290' title='bbox 1659 2197 1832 2264; x_wconf 80' lang='lat' dir='ltr'><strong>Quapropter</strong></span> <span class='ocrx_word' id='word_1_291' title='bbox 1849 2195 1874 2250; x_wconf 91' lang='lat' dir='ltr'><strong>si</strong></span> <span class='ocrx_word' id='word_1_292' title='bbox 1893 2195 1933 2251; x_wconf 92' lang='lat' dir='ltr'><strong>al-</strong></span> 
     </span>
     <span class='ocr_line' id='line_1_23' title="bbox 255 2284 1934 2356; baseline -0.001 -15"><span class='ocrx_word' id='word_1_293' title='bbox 255 2285 434 2356; x_wconf 84' lang='lat' dir='ltr'><strong>arcblpraesul</strong></span> <span class='ocrx_word' id='word_1_294' title='bbox 451 2284 509 2341; x_wconf 89' lang='lat' dir='ltr'><strong>Udo</strong></span> <span class='ocrx_word' id='word_1_295' title='bbox 524 2284 667 2340; x_wconf 88' lang='lat' dir='ltr'><strong>subitanea</strong></span> <span class='ocrx_word' id='word_1_296' title='bbox 683 2291 769 2340; x_wconf 89' lang='lat' dir='ltr'><strong>morte</strong></span> <span class='ocrx_word' id='word_1_297' title='bbox 785 2284 980 2341; x_wconf 88' lang='lat' dir='ltr'><strong>miserabiliter</strong></span> <span class='ocrx_word' id='word_1_298' title='bbox 995 2286 1073 2352; x_wconf 91' lang='lat' dir='ltr'><strong>obiit,</strong></span> <span class='ocrx_word' id='word_1_299' title='bbox 1116 2290 1222 2340; x_wconf 90' lang='lat' dir='ltr'><strong>ternter</strong></span> <span class='ocrx_word' id='word_1_300' title='bbox 1245 2285 1440 2354; x_wconf 86' lang='lat' dir='ltr'><strong>praedictorum</strong></span> <span class='ocrx_word' id='word_1_301' title='bbox 1469 2298 1562 2354; x_wconf 85' lang='lat' dir='ltr'><strong>regunt</strong></span> <span class='ocrx_word' id='word_1_302' title='bbox 1586 2284 1651 2340; x_wconf 90' lang='lat' dir='ltr'><strong>bulc</strong></span> <span class='ocrx_word' id='word_1_303' title='bbox 1677 2293 1780 2340; x_wconf 77' lang='lat' dir='ltr'><strong>nostre</strong></span> <span class='ocrx_word' id='word_1_304' title='bbox 1802 2285 1934 2340; x_wconf 86' lang='lat' dir='ltr'><strong>uoluntati</strong></span> 
     </span>
     <span class='ocr_line' id='line_1_24' title="bbox 255 2371 1934 2444; baseline -0.002 -13"><span class='ocrx_word' id='word_1_305' title='bbox 255 2375 330 2442; x_wconf 92' lang='lat' dir='ltr'><strong>dum,</strong></span> <span class='ocrx_word' id='word_1_306' title='bbox 357 2375 456 2430; x_wconf 90' lang='lat' dir='ltr'><strong>timore</strong></span> <span class='ocrx_word' id='word_1_307' title='bbox 479 2374 528 2429; x_wconf 80' lang='lat' dir='ltr'><strong>llei</strong></span> <span class='ocrx_word' id='word_1_308' title='bbox 554 2374 718 2444; x_wconf 89' lang='lat' dir='ltr'><strong>postposito,</strong></span> <span class='ocrx_word' id='word_1_309' title='bbox 743 2374 869 2429; x_wconf 90' lang='lat' dir='ltr'><strong>manibus</strong></span> <span class='ocrx_word' id='word_1_310' title='bbox 898 2374 1021 2443; x_wconf 82' lang='lat' dir='ltr'><strong>prolenis</strong></span> <span class='ocrx_word' id='word_1_311' title='bbox 1047 2375 1074 2429; x_wconf 93' lang='lat' dir='ltr'><strong>in</strong></span> <span class='ocrx_word' id='word_1_312' title='bbox 1116 2385 1148 2426; x_wconf 89' lang='lat' dir='ltr'><strong>ac</strong></span> <span class='ocrx_word' id='word_1_313' title='bbox 1171 2372 1365 2428; x_wconf 88' lang='lat' dir='ltr'><strong>deliberationi</strong></span> <span class='ocrx_word' id='word_1_314' title='bbox 1390 2386 1486 2443; x_wconf 89' lang='lat' dir='ltr'><strong>parere</strong></span> <span class='ocrx_word' id='word_1_315' title='bbox 1510 2379 1538 2429; x_wconf 89' lang='lat' dir='ltr'><strong>et</strong></span> <span class='ocrx_word' id='word_1_316' title='bbox 1561 2372 1595 2428; x_wconf 94' lang='lat' dir='ltr'><strong>ad</strong></span> <span class='ocrx_word' id='word_1_317' title='bbox 1618 2371 1750 2429; x_wconf 60' lang='lat' dir='ltr'><strong>vestram</strong></span> <span class='ocrx_word' id='word_1_318' title='bbox 1769 2373 1871 2428; x_wconf 89' lang='lat' dir='ltr'><strong>monita</strong></span> <span class='ocrx_word' id='word_1_319' title='bbox 1893 2373 1934 2428; x_wconf 93' lang='lat' dir='ltr'><strong>ln·</strong></span> 
     </span>
     <span class='ocr_line' id='line_1_25' title="bbox 255 2461 1936 2532; baseline 0 -15"><span class='ocrx_word' id='word_1_320' title='bbox 255 2477 348 2519; x_wconf 88' lang='lat' dir='ltr'><strong>sacras</strong></span> <span class='ocrx_word' id='word_1_321' title='bbox 362 2476 407 2517; x_wconf 90' lang='lat' dir='ltr'><strong>res</strong></span> <span class='ocrx_word' id='word_1_322' title='bbox 421 2462 537 2517; x_wconf 89' lang='lat' dir='ltr'><strong>licenter</strong></span> <span class='ocrx_word' id='word_1_323' title='bbox 552 2461 592 2516; x_wconf 90' lang='lat' dir='ltr'><strong>ire</strong></span> <span class='ocrx_word' id='word_1_324' title='bbox 607 2461 741 2530; x_wconf 88' lang='lat' dir='ltr'><strong>permisit.</strong></span> <span class='ocrx_word' id='word_1_325' title='bbox 1116 2475 1177 2516; x_wconf 91' lang='lat' dir='ltr'><strong>eum</strong></span> <span class='ocrx_word' id='word_1_326' title='bbox 1202 2461 1267 2516; x_wconf 89' lang='lat' dir='ltr'><strong>dare</strong></span> <span class='ocrx_word' id='word_1_327' title='bbox 1290 2461 1442 2528; x_wconf 90' lang='lat' dir='ltr'><strong>rennuerit,</strong></span> <span class='ocrx_word' id='word_1_328' title='bbox 1458 2475 1589 2530; x_wconf 84' lang='lat' dir='ltr'><strong>suamquc</strong></span> <span class='ocrx_word' id='word_1_329' title='bbox 1613 2461 1769 2532; x_wconf 89' lang='lat' dir='ltr'><strong>superbiam</strong></span> <span class='ocrx_word' id='word_1_330' title='bbox 1788 2467 1870 2530; x_wconf 82' lang='lat' dir='ltr'><strong>atque</strong></span> <span class='ocrx_word' id='word_1_331' title='bbox 1891 2477 1936 2518; x_wconf 95' lang='lat' dir='ltr'><strong>cu·</strong></span> 
     </span>
     <span class='ocr_line' id='line_1_26' title="bbox 292 2549 2000 2621; baseline 0.001 -17"><span class='ocrx_word' id='word_1_332' title='bbox 292 2549 1076 2621; x_wconf 70' lang='lat' dir='ltr'><strong>loetali.1079).tntcreadonuusapostolicus,apo·</strong></span> <span class='ocrx_word' id='word_1_333' title='bbox 1117 2549 1239 2620; x_wconf 89' lang='lat' dir='ltr'><strong>piditatis</strong></span> <span class='ocrx_word' id='word_1_334' title='bbox 1271 2549 1345 2605; x_wconf 88' lang='lat' dir='ltr'><strong>iaces</strong></span> <span class='ocrx_word' id='word_1_335' title='bbox 1375 2556 1470 2606; x_wconf 85' lang='lat' dir='ltr'><strong>contra</strong></span> <span class='ocrx_word' id='word_1_336' title='bbox 1504 2551 1636 2606; x_wconf 90' lang='lat' dir='ltr'><strong>bonorem</strong></span> <span class='ocrx_word' id='word_1_337' title='bbox 1665 2551 1713 2606; x_wconf 87' lang='lat' dir='ltr'><strong>bei</strong></span> <span class='ocrx_word' id='word_1_338' title='bbox 1740 2551 1936 2619; x_wconf 86' lang='lat' dir='ltr'><strong>omnipotentis</strong></span> <span class='ocrx_word' id='word_1_339' title='bbox 1999 2565 2000 2572; x_wconf 54' lang='lat'>¹</span> 
     </span>
     <span class='ocr_line' id='line_1_27' title="bbox 255 2639 2000 2714; baseline 0 -19"><span class='ocrx_word' id='word_1_340' title='bbox 255 2641 346 2696; x_wconf 87' lang='lat' dir='ltr'><strong>stolici</strong></span> <span class='ocrx_word' id='word_1_341' title='bbox 369 2639 472 2710; x_wconf 86' lang='lat' dir='ltr'><strong>uigoris</strong></span> <span class='ocrx_word' id='word_1_342' title='bbox 495 2639 678 2709; x_wconf 70' lang='lat' dir='ltr'><strong>oblitusque</strong></span> <span class='ocrx_word' id='word_1_343' title='bbox 697 2652 777 2694; x_wconf 91' lang='lat' dir='ltr'><strong>cansa</strong></span> <span class='ocrx_word' id='word_1_344' title='bbox 797 2640 943 2704; x_wconf 88' lang='lat' dir='ltr'><strong>nescimus,</strong></span> <span class='ocrx_word' id='word_1_345' title='bbox 961 2642 1074 2696; x_wconf 90' lang='lat' dir='ltr'><strong>multum</strong></span> <span class='ocrx_word' id='word_1_346' title='bbox 1116 2640 1280 2704; x_wconf 89' lang='lat' dir='ltr'><strong>accendens,</strong></span> <span class='ocrx_word' id='word_1_347' title='bbox 1305 2639 1338 2695; x_wconf 93' lang='lat' dir='ltr'><strong>ad</strong></span> <span class='ocrx_word' id='word_1_348' title='bbox 1363 2639 1563 2696; x_wconf 88' lang='lat' dir='ltr'><strong>desolationem</strong></span> <span class='ocrx_word' id='word_1_349' title='bbox 1585 2643 1671 2696; x_wconf 89' lang='lat' dir='ltr'><strong>totius</strong></span> <span class='ocrx_word' id='word_1_350' title='bbox 1693 2641 1809 2696; x_wconf 78' lang='lat' dir='ltr'><strong>Romani</strong></span> <span class='ocrx_word' id='word_1_351' title='bbox 1829 2641 1934 2710; x_wconf 84' lang='lat' dir='ltr'><strong>imperii</strong></span> <span class='ocrx_word' id='word_1_352' title='bbox 1999 2693 2000 2714; x_wconf 51' lang='lat'><strong>,</strong></span> 
     </span>
     <span class='ocr_line' id='line_1_28' title="bbox 255 2727 2000 2799; baseline 0.001 -15"><span class='ocrx_word' id='word_1_353' title='bbox 255 2737 326 2784; x_wconf 90' lang='lat' dir='ltr'><strong>csta</strong></span> <span class='ocrx_word' id='word_1_354' title='bbox 343 2727 434 2798; x_wconf 89' lang='lat' dir='ltr'><strong>priore</strong></span> <span class='ocrx_word' id='word_1_355' title='bbox 453 2727 589 2783; x_wconf 89' lang='lat' dir='ltr'><strong>sententia</strong></span> <span class='ocrx_word' id='word_1_356' title='bbox 609 2735 738 2783; x_wconf 89' lang='lat' dir='ltr'><strong>mutatus.</strong></span> <span class='ocrx_word' id='word_1_357' title='bbox 754 2729 820 2782; x_wconf 79' lang='lat' dir='ltr'><strong>llam</strong></span> <span class='ocrx_word' id='word_1_358' title='bbox 836 2730 882 2797; x_wconf 81' lang='lat' dir='ltr'><strong>qul</strong></span> <span class='ocrx_word' id='word_1_359' title='bbox 904 2728 1076 2797; x_wconf 88' lang='lat' dir='ltr'><strong>priusllein-</strong></span> <span class='ocrx_word' id='word_1_360' title='bbox 1116 2729 1245 2784; x_wconf 88' lang='lat' dir='ltr'><strong>anhelare</strong></span> <span class='ocrx_word' id='word_1_361' title='bbox 1281 2730 1478 2797; x_wconf 85' lang='lat' dir='ltr'><strong>temptaverit,</strong></span> <span class='ocrx_word' id='word_1_362' title='bbox 1517 2730 1645 2785; x_wconf 90' lang='lat' dir='ltr'><strong>omnibus</strong></span> <span class='ocrx_word' id='word_1_363' title='bbox 1681 2729 1770 2784; x_wconf 89' lang='lat' dir='ltr'><strong>modis</strong></span> <span class='ocrx_word' id='word_1_364' title='bbox 1805 2731 1935 2799; x_wconf 88' lang='lat' dir='ltr'><strong>omnique</strong></span> <span class='ocrx_word' id='word_1_365' title='bbox 1999 2740 2000 2784; x_wconf 87' lang='lat' dir='ltr'><strong>l</strong></span> 
     </span>
     <span class='ocr_line' id='line_1_29' title="bbox 256 2802 1936 2888; baseline -0.001 -15"><span class='ocrx_word' id='word_1_366' title='bbox 256 2818 342 2873; x_wconf 90' lang='lat' dir='ltr'><strong>ricum</strong></span> <span class='ocrx_word' id='word_1_367' title='bbox 356 2831 417 2873; x_wconf 90' lang='lat' dir='ltr'><strong>cum</strong></span> <span class='ocrx_word' id='word_1_368' title='bbox 433 2814 560 2872; x_wconf 92' lang='lat' dir='ltr'><strong>omnibus</strong></span> <span class='ocrx_word' id='word_1_369' title='bbox 574 2817 631 2871; x_wconf 88' lang='lat' dir='ltr'><strong>suis</strong></span> <span class='ocrx_word' id='word_1_370' title='bbox 645 2815 818 2885; x_wconf 85' lang='lat' dir='ltr'><strong>adjutoribus</strong></span> <span class='ocrx_word' id='word_1_371' title='bbox 834 2817 986 2886; x_wconf 87' lang='lat' dir='ltr'><strong>apostolica</strong></span> <span class='ocrx_word' id='word_1_372' title='bbox 1000 2831 1075 2873; x_wconf 90' lang='lat' dir='ltr'><strong>seve·</strong></span> <span class='ocrx_word' id='word_1_373' title='bbox 1104 2802 1227 2888; x_wconf 63' lang='lat' dir='ltr'><strong>&#39;ingenio</strong></span> <span class='ocrx_word' id='word_1_374' title='bbox 1250 2831 1338 2886; x_wconf 85' lang='lat' dir='ltr'><strong>usque</strong></span> <span class='ocrx_word' id='word_1_375' title='bbox 1361 2817 1395 2872; x_wconf 91' lang='lat' dir='ltr'><strong>ad</strong></span> <span class='ocrx_word' id='word_1_376' title='bbox 1419 2826 1544 2882; x_wconf 89' lang='lat' dir='ltr'><strong>mortem,</strong></span> <span class='ocrx_word' id='word_1_377' title='bbox 1569 2818 1593 2874; x_wconf 94' lang='lat' dir='ltr'><strong>si</strong></span> <span class='ocrx_word' id='word_1_378' title='bbox 1617 2824 1738 2887; x_wconf 86' lang='lat' dir='ltr'><strong>oportet,</strong></span> <span class='ocrx_word' id='word_1_379' title='bbox 1763 2825 1859 2874; x_wconf 87' lang='lat' dir='ltr'><strong>nostra</strong></span> <span class='ocrx_word' id='word_1_380' title='bbox 1878 2820 1936 2874; x_wconf 88' lang='lat' dir='ltr'><strong>vice</strong></span> 
     </span>
     <span class='ocr_line' id='line_1_30' title="bbox 256 2905 1936 2975; baseline 0.001 -14"><span class='ocrx_word' id='word_1_381' title='bbox 256 2907 336 2962; x_wconf 88' lang='lat' dir='ltr'><strong>ritate</strong></span> <span class='ocrx_word' id='word_1_382' title='bbox 351 2906 643 2970; x_wconf 84' lang='lat' dir='ltr'><strong>excommunicaverat,</strong></span> <span class='ocrx_word' id='word_1_383' title='bbox 659 2905 740 2973; x_wconf 82' lang='lat' dir='ltr'><strong>eique</strong></span> <span class='ocrx_word' id='word_1_384' title='bbox 760 2905 892 2975; x_wconf 88' lang='lat' dir='ltr'><strong>regnandi</strong></span> <span class='ocrx_word' id='word_1_385' title='bbox 912 2913 1074 2974; x_wconf 87' lang='lat' dir='ltr'><strong>potestatem</strong></span> <span class='ocrx_word' id='word_1_386' title='bbox 1116 2905 1287 2972; x_wconf 72' lang='lat' dir='ltr'><strong>resistite⁸⁷⁰,</strong></span> <span class='ocrx_word' id='word_1_387' title='bbox 1313 2909 1395 2962; x_wconf 92' lang='lat' dir='ltr'><strong>immo</strong></span> <span class='ocrx_word' id='word_1_388' title='bbox 1419 2907 1493 2961; x_wconf 88' lang='lat' dir='ltr'><strong>beati</strong></span> <span class='ocrx_word' id='word_1_389' title='bbox 1518 2905 1590 2962; x_wconf 85' lang='lat' dir='ltr'><strong>Petri</strong></span> <span class='ocrx_word' id='word_1_390' title='bbox 1614 2907 1778 2963; x_wconf 88' lang='lat' dir='ltr'><strong>auctoritate</strong></span> <span class='ocrx_word' id='word_1_391' title='bbox 1803 2909 1936 2963; x_wconf 85' lang='lat' dir='ltr'><strong>citatius</strong></span> 
     </span>
     <span class='ocr_line' id='line_1_31' title="bbox 256 2992 2000 3068; baseline 0.002 -19"><span class='ocrx_word' id='word_1_392' title='bbox 256 3001 384 3064; x_wconf 89' lang='lat' dir='ltr'><strong>potenter</strong></span> <span class='ocrx_word' id='word_1_393' title='bbox 410 2992 600 3058; x_wconf 86' lang='lat' dir='ltr'><strong>interdixerat,</strong></span> <span class='ocrx_word' id='word_1_394' title='bbox 623 3001 651 3048; x_wconf 90' lang='lat' dir='ltr'><strong>ct</strong></span> <span class='ocrx_word' id='word_1_395' title='bbox 677 2993 842 3062; x_wconf 84' lang='lat' dir='ltr'><strong>omnesqui</strong></span> <span class='ocrx_word' id='word_1_396' title='bbox 866 2993 890 3048; x_wconf 92' lang='lat' dir='ltr'><strong>ci</strong></span> <span class='ocrx_word' id='word_1_397' title='bbox 915 2993 1074 3049; x_wconf 79' lang='lat' dir='ltr'><strong>fidelitatem</strong></span> <span class='ocrx_word' id='word_1_398' title='bbox 1116 2997 1193 3066; x_wconf 87' lang='lat' dir='ltr'><strong>regni</strong></span> <span class='ocrx_word' id='word_1_399' title='bbox 1217 2996 1402 3067; x_wconf 70' lang='lat' dir='ltr'><strong>gubernacula</strong></span> <span class='ocrx_word' id='word_1_400' title='bbox 1431 2994 1657 3061; x_wconf 89' lang='lat' dir='ltr'><strong>contradicendo,</strong></span> <span class='ocrx_word' id='word_1_401' title='bbox 1674 3003 1728 3052; x_wconf 87' lang='lat' dir='ltr'><strong>tam</strong></span> <span class='ocrx_word' id='word_1_402' title='bbox 1751 2996 1828 3052; x_wconf 93' lang='lat' dir='ltr'><strong>illum</strong></span> <span class='ocrx_word' id='word_1_403' title='bbox 1855 3012 1935 3068; x_wconf 85' lang='lat' dir='ltr'><strong>quam</strong></span> <span class='ocrx_word' id='word_1_404' title='bbox 1999 2999 2000 3016; x_wconf 66' lang='lat'>¹</span> 
     </span>
     <span class='ocr_line' id='line_1_32' title="bbox 252 3073 2000 3156; baseline 0.005 -20"><span class='ocrx_word' id='word_1_405' title='bbox 252 3085 401 3151; x_wconf 83' lang='lat' dir='ltr'><strong>jurassent,</strong></span> <span class='ocrx_word' id='word_1_406' title='bbox 426 3095 442 3135; x_wconf 89' lang='lat' dir='ltr'><strong>a</strong></span> <span class='ocrx_word' id='word_1_407' title='bbox 462 3081 609 3150; x_wconf 83' lang='lat' dir='ltr'><strong>juramenti</strong></span> <span class='ocrx_word' id='word_1_408' title='bbox 636 3079 717 3135; x_wconf 89' lang='lat' dir='ltr'><strong>nodis</strong></span> <span class='ocrx_word' id='word_1_409' title='bbox 738 3081 889 3149; x_wconf 85' lang='lat' dir='ltr'><strong>apostolica</strong></span> <span class='ocrx_word' id='word_1_410' title='bbox 910 3073 1210 3140; x_wconf 75' lang='lat' dir='ltr'><strong>anctoritatessornnes</strong></span> <span class='ocrx_word' id='word_1_411' title='bbox 1232 3085 1284 3140; x_wconf 90' lang='lat' dir='ltr'><strong>sibi</strong></span> <span class='ocrx_word' id='word_1_412' title='bbox 1308 3085 1513 3141; x_wconf 87' lang='lat' dir='ltr'><strong>consentientes</strong></span> <span class='ocrx_word' id='word_1_413' title='bbox 1527 3099 1543 3139; x_wconf 89' lang='lat' dir='ltr'><strong>a</strong></span> <span class='ocrx_word' id='word_1_414' title='bbox 1557 3086 1750 3142; x_wconf 87' lang='lat' dir='ltr'><strong>communione</strong></span> <span class='ocrx_word' id='word_1_415' title='bbox 1765 3089 1894 3156; x_wconf 87' lang='lat' dir='ltr'><strong>corporis</strong></span> <span class='ocrx_word' id='word_1_416' title='bbox 1908 3095 1934 3142; x_wconf 88' lang='lat' dir='ltr'><strong>et</strong></span> <span class='ocrx_word' id='word_1_417' title='bbox 1999 3139 2000 3144; x_wconf 73' lang='grc'>,</span> 
     </span>
     <span class='ocr_line' id='line_1_33' title="bbox 224 3170 2000 3244; baseline 0.002 -22"><span class='ocrx_word' id='word_1_418' title='bbox 224 3207 228 3222; x_wconf 88' lang='grc'><strong>.</strong></span> <span class='ocrx_word' id='word_1_419' title='bbox 254 3172 417 3237; x_wconf 77' lang='lat' dir='ltr'><strong>absolverat,</strong></span> <span class='ocrx_word' id='word_1_420' title='bbox 443 3177 470 3226; x_wconf 90' lang='lat' dir='ltr'><strong>et</strong></span> <span class='ocrx_word' id='word_1_421' title='bbox 489 3170 652 3224; x_wconf 87' lang='lat' dir='ltr'><strong>electionem</strong></span> <span class='ocrx_word' id='word_1_422' title='bbox 676 3171 739 3224; x_wconf 85' lang='lat' dir='ltr'><strong>noui</strong></span> <span class='ocrx_word' id='word_1_423' title='bbox 764 3171 837 3239; x_wconf 89' lang='lat' dir='ltr'><strong>regis</strong></span> <span class='ocrx_word' id='word_1_424' title='bbox 863 3183 999 3226; x_wconf 88' lang='lat' dir='ltr'><strong>consensu</strong></span> <span class='ocrx_word' id='word_1_425' title='bbox 1022 3185 1073 3228; x_wconf 91' lang='lat' dir='ltr'><strong>suo</strong></span> <span class='ocrx_word' id='word_1_426' title='bbox 1114 3174 1254 3244; x_wconf 87' lang='lat' dir='ltr'><strong>sauguinis</strong></span> <span class='ocrx_word' id='word_1_427' title='bbox 1276 3175 1384 3229; x_wconf 86' lang='lat' dir='ltr'><strong>bomini</strong></span> <span class='ocrx_word' id='word_1_428' title='bbox 1409 3173 1495 3228; x_wconf 92' lang='lat' dir='ltr'><strong>nostri</strong></span> <span class='ocrx_word' id='word_1_429' title='bbox 1519 3175 1584 3228; x_wconf 85' lang='lat' dir='ltr'><strong>lesu</strong></span> <span class='ocrx_word' id='word_1_430' title='bbox 1607 3173 1708 3229; x_wconf 82' lang='lat' dir='ltr'><strong>Gbristi</strong></span> <span class='ocrx_word' id='word_1_431' title='bbox 1734 3180 1802 3230; x_wconf 88' lang='lat' dir='ltr'><strong>eta</strong></span> <span class='ocrx_word' id='word_1_432' title='bbox 1831 3177 1934 3232; x_wconf 88' lang='lat' dir='ltr'><strong>limini·</strong></span> <span class='ocrx_word' id='word_1_433' title='bbox 1999 3221 2000 3226; x_wconf 73' lang='grc'>,</span> 
     </span>
     <span class='ocr_line' id='line_1_34' title="bbox 253 3257 1935 3332; baseline 0.003 -16"><span class='ocrx_word' id='word_1_434' title='bbox 253 3261 470 3323; x_wconf 79' lang='lat' dir='ltr'><strong>confirmaverat,</strong></span> <span class='ocrx_word' id='word_1_435' title='bbox 491 3271 563 3313; x_wconf 92' lang='lat' dir='ltr'><strong>nunc</strong></span> <span class='ocrx_word' id='word_1_436' title='bbox 579 3271 629 3327; x_wconf 90' lang='lat' dir='ltr'><strong>per</strong></span> <span class='ocrx_word' id='word_1_437' title='bbox 646 3257 752 3313; x_wconf 88' lang='lat' dir='ltr'><strong>litteras</strong></span> <span class='ocrx_word' id='word_1_438' title='bbox 767 3259 913 3322; x_wconf 87' lang='lat' dir='ltr'><strong>mandavit,</strong></span> <span class='ocrx_word' id='word_1_439' title='bbox 934 3267 964 3314; x_wconf 92' lang='lat' dir='ltr'><strong>nt</strong></span> <span class='ocrx_word' id='word_1_440' title='bbox 982 3261 1073 3316; x_wconf 88' lang='lat' dir='ltr'><strong>conci·</strong></span> <span class='ocrx_word' id='word_1_441' title='bbox 1114 3262 1165 3317; x_wconf 90' lang='lat' dir='ltr'><strong>bus</strong></span> <span class='ocrx_word' id='word_1_442' title='bbox 1179 3271 1281 3318; x_wconf 76' lang='lat' dir='ltr'><strong>sancta</strong></span> <span class='ocrx_word' id='word_1_443' title='bbox 1297 3263 1421 3318; x_wconf 80' lang='lat' dir='ltr'><strong>ecclesiae</strong></span> <span class='ocrx_word' id='word_1_444' title='bbox 1441 3269 1576 3331; x_wconf 90' lang='lat' dir='ltr'><strong>separate,</strong></span> <span class='ocrx_word' id='word_1_445' title='bbox 1593 3262 1662 3317; x_wconf 92' lang='lat' dir='ltr'><strong>illud</strong></span> <span class='ocrx_word' id='word_1_446' title='bbox 1677 3276 1786 3332; x_wconf 81' lang='lat' dir='ltr'><strong>semper</strong></span> <span class='ocrx_word' id='word_1_447' title='bbox 1802 3264 1935 3322; x_wconf 85' lang='lat' dir='ltr'><strong>babentes</strong></span> 
     </span>
     <span class='ocr_line' id='line_1_35' title="bbox 252 3347 1936 3424; baseline 0.002 -20"><span class='ocrx_word' id='word_1_448' title='bbox 252 3350 290 3406; x_wconf 91' lang='lat' dir='ltr'><strong>lio</strong></span> <span class='ocrx_word' id='word_1_449' title='bbox 310 3349 382 3405; x_wconf 89' lang='lat' dir='ltr'><strong>lacto</strong></span> <span class='ocrx_word' id='word_1_450' title='bbox 398 3362 446 3403; x_wconf 83' lang='lat' dir='ltr'><strong>rex</strong></span> <span class='ocrx_word' id='word_1_451' title='bbox 470 3354 585 3416; x_wconf 84' lang='lat' dir='ltr'><strong>uterque</strong></span> <span class='ocrx_word' id='word_1_452' title='bbox 605 3355 771 3401; x_wconf 86' lang='lat' dir='ltr'><strong>corrvocatns</strong></span> <span class='ocrx_word' id='word_1_453' title='bbox 790 3347 927 3412; x_wconf 88' lang='lat' dir='ltr'><strong>audiatur,</strong></span> <span class='ocrx_word' id='word_1_454' title='bbox 944 3355 971 3403; x_wconf 91' lang='lat' dir='ltr'><strong>et</strong></span> <span class='ocrx_word' id='word_1_455' title='bbox 990 3363 1070 3418; x_wconf 85' lang='lat' dir='ltr'><strong>quem</strong></span> <span class='ocrx_word' id='word_1_456' title='bbox 1112 3351 1141 3406; x_wconf 89' lang='lat' dir='ltr'><strong>ln</strong></span> <span class='ocrx_word' id='word_1_457' title='bbox 1156 3353 1297 3417; x_wconf 89' lang='lat' dir='ltr'><strong>memoria,</strong></span> <span class='ocrx_word' id='word_1_458' title='bbox 1314 3353 1378 3420; x_wconf 85' lang='lat' dir='ltr'><strong>quia</strong></span> <span class='ocrx_word' id='word_1_459' title='bbox 1392 3351 1483 3406; x_wconf 88' lang='lat' dir='ltr'><strong>scelus</strong></span> <span class='ocrx_word' id='word_1_460' title='bbox 1497 3350 1662 3407; x_wconf 73' lang='lat' dir='ltr'><strong>idololatrias</strong></span> <span class='ocrx_word' id='word_1_461' title='bbox 1676 3352 1795 3407; x_wconf 87' lang='lat' dir='ltr'><strong>incurrit</strong></span> <span class='ocrx_word' id='word_1_462' title='bbox 1807 3355 1855 3423; x_wconf 89' lang='lat' dir='ltr'><strong>qui</strong></span> <span class='ocrx_word' id='word_1_463' title='bbox 1869 3367 1936 3424; x_wconf 86' lang='lat' dir='ltr'><strong>apo-</strong></span> 
     </span>
     <span class='ocr_line' id='line_1_36' title="bbox 247 3435 1935 3510; baseline 0.002 -16"><span class='ocrx_word' id='word_1_464' title='bbox 247 3439 355 3509; x_wconf 80' lang='lat' dir='ltr'><strong>justitla</strong></span> <span class='ocrx_word' id='word_1_465' title='bbox 380 3450 494 3506; x_wconf 89' lang='lat' dir='ltr'><strong>regnare</strong></span> <span class='ocrx_word' id='word_1_466' title='bbox 520 3436 684 3505; x_wconf 90' lang='lat' dir='ltr'><strong>permiserit,</strong></span> <span class='ocrx_word' id='word_1_467' title='bbox 701 3435 788 3491; x_wconf 89' lang='lat' dir='ltr'><strong>altero</strong></span> <span class='ocrx_word' id='word_1_468' title='bbox 804 3435 931 3505; x_wconf 83' lang='lat' dir='ltr'><strong>deposito</strong></span> <span class='ocrx_word' id='word_1_469' title='bbox 951 3443 1026 3492; x_wconf 88' lang='lat' dir='ltr'><strong>tutus</strong></span> <span class='ocrx_word' id='word_1_470' title='bbox 1042 3438 1070 3493; x_wconf 91' lang='lat' dir='ltr'><strong>in</strong></span> <span class='ocrx_word' id='word_1_471' title='bbox 1111 3440 1217 3496; x_wconf 89' lang='lat' dir='ltr'><strong>stollcae</strong></span> <span class='ocrx_word' id='word_1_472' title='bbox 1245 3440 1305 3496; x_wconf 90' lang='lat' dir='ltr'><strong>sedi</strong></span> <span class='ocrx_word' id='word_1_473' title='bbox 1334 3439 1447 3496; x_wconf 89' lang='lat' dir='ltr'><strong>obedire</strong></span> <span class='ocrx_word' id='word_1_474' title='bbox 1475 3440 1657 3509; x_wconf 85' lang='lat' dir='ltr'><strong>contempnit,</strong></span> <span class='ocrx_word' id='word_1_475' title='bbox 1682 3447 1710 3496; x_wconf 90' lang='lat' dir='ltr'><strong>ct</strong></span> <span class='ocrx_word' id='word_1_476' title='bbox 1734 3441 1808 3510; x_wconf 84' lang='lat' dir='ltr'><strong>quod</strong></span> <span class='ocrx_word' id='word_1_477' title='bbox 1838 3443 1935 3498; x_wconf 87' lang='lat' dir='ltr'><strong>beatus</strong></span> 
     </span>
     <span class='ocr_line' id='line_1_37' title="bbox 251 3515 1932 3600; baseline 0.002 -17"><span class='ocrx_word' id='word_1_478' title='bbox 251 3515 336 3598; x_wconf 83' lang='lat' dir='ltr'><strong>regno</strong></span> <span class='ocrx_word' id='word_1_479' title='bbox 360 3526 547 3582; x_wconf 89' lang='lat' dir='ltr'><strong>contirmctur.</strong></span> <span class='ocrx_word' id='word_1_480' title='bbox 572 3524 690 3591; x_wconf 86' lang='lat' dir='ltr'><strong>Quarum</strong></span> <span class='ocrx_word' id='word_1_481' title='bbox 715 3523 878 3590; x_wconf 89' lang='lat' dir='ltr'><strong>litterarum,</strong></span> <span class='ocrx_word' id='word_1_482' title='bbox 905 3531 935 3580; x_wconf 96' lang='lat' dir='ltr'><strong>ut</strong></span> <span class='ocrx_word' id='word_1_483' title='bbox 963 3523 1072 3594; x_wconf 92' lang='lat' dir='ltr'><strong>planius</strong></span> <span class='ocrx_word' id='word_1_484' title='bbox 1110 3530 1267 3600; x_wconf 84' lang='lat' dir='ltr'><strong>Gregorius,</strong></span> <span class='ocrx_word' id='word_1_485' title='bbox 1289 3529 1387 3584; x_wconf 92' lang='lat' dir='ltr'><strong>doctor</strong></span> <span class='ocrx_word' id='word_1_486' title='bbox 1409 3536 1521 3584; x_wconf 87' lang='lat' dir='ltr'><strong>sanctus</strong></span> <span class='ocrx_word' id='word_1_487' title='bbox 1544 3535 1572 3584; x_wconf 93' lang='lat' dir='ltr'><strong>et</strong></span> <span class='ocrx_word' id='word_1_488' title='bbox 1595 3528 1774 3595; x_wconf 87' lang='lat' dir='ltr'><strong>humillimus,</strong></span> <span class='ocrx_word' id='word_1_489' title='bbox 1799 3530 1932 3596; x_wconf 84' lang='lat' dir='ltr'><strong>decrerit,</strong></span> 
     </span>
     <span class='ocr_line' id='line_1_38' title="bbox 250 3613 1932 3688; baseline 0.001 -16"><span class='ocrx_word' id='word_1_490' title='bbox 250 3616 324 3686; x_wconf 85' lang='lat' dir='ltr'><strong>quod</strong></span> <span class='ocrx_word' id='word_1_491' title='bbox 347 3615 410 3672; x_wconf 89' lang='lat' dir='ltr'><strong>dico</strong></span> <span class='ocrx_word' id='word_1_492' title='bbox 432 3617 520 3685; x_wconf 90' lang='lat' dir='ltr'><strong>possit</strong></span> <span class='ocrx_word' id='word_1_493' title='bbox 535 3613 661 3684; x_wconf 88' lang='lat' dir='ltr'><strong>intelllgi,</strong></span> <span class='ocrx_word' id='word_1_494' title='bbox 679 3613 776 3669; x_wconf 88' lang='lat' dir='ltr'><strong>subtus</strong></span> <span class='ocrx_word' id='word_1_495' title='bbox 791 3613 944 3682; x_wconf 86' lang='lat' dir='ltr'><strong>exemplum</strong></span> <span class='ocrx_word' id='word_1_496' title='bbox 967 3627 1070 3684; x_wconf 88' lang='lat' dir='ltr'><strong>ponere</strong></span> <span class='ocrx_word' id='word_1_497' title='bbox 1111 3631 1220 3688; x_wconf 91' lang='lat' dir='ltr'><strong>regesa</strong></span> <span class='ocrx_word' id='word_1_498' title='bbox 1243 3619 1301 3672; x_wconf 91' lang='lat' dir='ltr'><strong>suis</strong></span> <span class='ocrx_word' id='word_1_499' title='bbox 1319 3617 1499 3688; x_wconf 85' lang='lat' dir='ltr'><strong>dignitatibus</strong></span> <span class='ocrx_word' id='word_1_500' title='bbox 1522 3618 1632 3682; x_wconf 90' lang='lat' dir='ltr'><strong>cadere,</strong></span> <span class='ocrx_word' id='word_1_501' title='bbox 1653 3618 1676 3672; x_wconf 91' lang='lat' dir='ltr'><strong>si</strong></span> <span class='ocrx_word' id='word_1_502' title='bbox 1699 3619 1848 3676; x_wconf 82' lang='lat' dir='ltr'><strong>temerario</strong></span> <span class='ocrx_word' id='word_1_503' title='bbox 1867 3635 1932 3676; x_wconf 88' lang='lat' dir='ltr'><strong>ausu</strong></span> 
     </span>
     <span class='ocr_line' id='line_1_39' title="bbox 249 3702 1931 3776; baseline 0.002 -16"><span class='ocrx_word' id='word_1_504' title='bbox 249 3705 362 3770; x_wconf 87' lang='lat' dir='ltr'><strong>curavi;</strong></span> <span class='ocrx_word' id='word_1_505' title='bbox 387 3718 449 3774; x_wconf 83' lang='lat' dir='ltr'><strong>quae</strong></span> <span class='ocrx_word' id='word_1_506' title='bbox 473 3711 608 3758; x_wconf 83' lang='lat' dir='ltr'><strong>venerunt</strong></span> <span class='ocrx_word' id='word_1_507' title='bbox 631 3715 724 3757; x_wconf 91' lang='lat' dir='ltr'><strong>mense</strong></span> <span class='ocrx_word' id='word_1_508' title='bbox 751 3702 900 3757; x_wconf 83' lang='lat' dir='ltr'><strong>Februario</strong></span> <span class='ocrx_word' id='word_1_509' title='bbox 928 3717 1000 3758; x_wconf 91' lang='lat' dir='ltr'><strong>auno</strong></span> <span class='ocrx_word' id='word_1_510' title='bbox 1019 3705 1071 3760; x_wconf 81' lang='lat' dir='ltr'><strong>Do</strong></span> <span class='ocrx_word' id='word_1_511' title='bbox 1112 3712 1310 3775; x_wconf 72' lang='lat' dir='ltr'><strong>presumerent</strong></span> <span class='ocrx_word' id='word_1_512' title='bbox 1334 3713 1430 3761; x_wconf 88' lang='lat' dir='ltr'><strong>contra</strong></span> <span class='ocrx_word' id='word_1_513' title='bbox 1453 3706 1528 3761; x_wconf 87' lang='lat' dir='ltr'><strong>sedis</strong></span> <span class='ocrx_word' id='word_1_514' title='bbox 1550 3707 1710 3775; x_wconf 84' lang='lat' dir='ltr'><strong>apostolieae</strong></span> <span class='ocrx_word' id='word_1_515' title='bbox 1730 3706 1809 3776; x_wconf 90' lang='lat' dir='ltr'><strong>jussa</strong></span> <span class='ocrx_word' id='word_1_516' title='bbox 1828 3709 1931 3764; x_wconf 88' lang='lat' dir='ltr'><strong>venire.</strong></span> 
     </span>
     <span class='ocr_line' id='line_1_40' title="bbox 250 3791 1933 3865; baseline 0.002 -17"><span class='ocrx_word' id='word_1_517' title='bbox 250 3793 316 3848; x_wconf 89' lang='lat' dir='ltr'><strong>mini</strong></span> <span class='ocrx_word' id='word_1_518' title='bbox 334 3791 452 3848; x_wconf 56' lang='grc'><strong>11179111.</strong></span> <span class='ocrx_word' id='word_1_519' title='bbox 1110 3795 1194 3851; x_wconf 80' lang='lat' dir='ltr'><strong>Alteri</strong></span> <span class='ocrx_word' id='word_1_520' title='bbox 1214 3809 1291 3858; x_wconf 87' lang='lat' dir='ltr'><strong>vero,</strong></span> <span class='ocrx_word' id='word_1_521' title='bbox 1308 3795 1356 3864; x_wconf 87' lang='lat' dir='ltr'><strong>qui</strong></span> <span class='ocrx_word' id='word_1_522' title='bbox 1380 3803 1482 3850; x_wconf 85' lang='lat' dir='ltr'><strong>nostrae</strong></span> <span class='ocrx_word' id='word_1_523' title='bbox 1504 3796 1622 3865; x_wconf 82' lang='lat' dir='ltr'><strong>jussioni</strong></span> <span class='ocrx_word' id='word_1_524' title='bbox 1646 3794 1789 3850; x_wconf 86' lang='lat' dir='ltr'><strong>humiliter</strong></span> <span class='ocrx_word' id='word_1_525' title='bbox 1811 3799 1933 3865; x_wconf 88' lang='lat' dir='ltr'><strong>paruerit</strong></span> 
     </span>
     <span class='ocr_line' id='line_1_41' title="bbox 289 3879 1932 3951; baseline 0.004 -17"><span class='ocrx_word' id='word_1_526' title='bbox 289 3881 348 3936; x_wconf 79' lang='lat'>105.</span> <span class='ocrx_word' id='word_1_527' title='bbox 366 3899 380 3931; x_wconf 87' lang='lat' dir='ltr'><strong>a</strong></span> <span class='ocrx_word' id='word_1_528' title='bbox 395 3881 542 3951; x_wconf 88' lang='lat' dir='ltr'><strong>Gregorius</strong></span> <span class='ocrx_word' id='word_1_529' title='bbox 555 3879 743 3949; x_wconf 63' lang='lat' dir='ltr'><strong>episcopusi⁶⁹</strong></span> <span class='ocrx_word' id='word_1_530' title='bbox 756 3894 852 3936; x_wconf 88' lang='lat' dir='ltr'><strong>servus</strong></span> <span class='ocrx_word' id='word_1_531' title='bbox 866 3894 1006 3937; x_wconf 85' lang='lat' dir='ltr'><strong>servorum</strong></span> <span class='ocrx_word' id='word_1_532' title='bbox 1022 3883 1070 3938; x_wconf 88' lang='lat' dir='ltr'><strong>Dei</strong></span> <span class='ocrx_word' id='word_1_533' title='bbox 1111 3889 1138 3940; x_wconf 90' lang='lat' dir='ltr'><strong>et</strong></span> <span class='ocrx_word' id='word_1_534' title='bbox 1162 3884 1347 3939; x_wconf 88' lang='lat' dir='ltr'><strong>obedientiam</strong></span> <span class='ocrx_word' id='word_1_535' title='bbox 1372 3882 1518 3940; x_wconf 88' lang='lat' dir='ltr'><strong>universali</strong></span> <span class='ocrx_word' id='word_1_536' title='bbox 1543 3883 1633 3951; x_wconf 90' lang='lat' dir='ltr'><strong>matri,</strong></span> <span class='ocrx_word' id='word_1_537' title='bbox 1658 3884 1731 3938; x_wconf 91' lang='lat' dir='ltr'><strong>sicut</strong></span> <span class='ocrx_word' id='word_1_538' title='bbox 1752 3884 1836 3940; x_wconf 90' lang='lat' dir='ltr'><strong>decet</strong></span> <span class='ocrx_word' id='word_1_539' title='bbox 1856 3886 1932 3942; x_wconf 86' lang='lat' dir='ltr'><strong>eluri-</strong></span> 
     </span>
     <span class='ocr_line' id='line_1_42' title="bbox 252 3968 1932 4043; baseline 0.002 -16"><span class='ocrx_word' id='word_1_540' title='bbox 252 3969 562 4043; x_wconf 66' lang='lat' dir='ltr'><strong>(auscultantur.</strong></span> <span class='ocrx_word' id='word_1_541' title='bbox 588 3983 626 4030; x_wconf 86' lang='grc' dir='ltr'><strong>ιι,</strong></span> <span class='ocrx_word' id='word_1_542' title='bbox 651 3968 711 4038; x_wconf 79' lang='lat'><strong>23).</strong></span> <span class='ocrx_word' id='word_1_543' title='bbox 737 3970 886 4024; x_wconf 90' lang='lat' dir='ltr'><strong>carissimis</strong></span> <span class='ocrx_word' id='word_1_544' title='bbox 909 3970 937 4024; x_wconf 93' lang='lat' dir='ltr'><strong>iu</strong></span> <span class='ocrx_word' id='word_1_545' title='bbox 961 3972 1069 4028; x_wconf 82' lang='lat' dir='ltr'><strong>Glrristc</strong></span> <span class='ocrx_word' id='word_1_546' title='bbox 1110 3974 1228 4028; x_wconf 90' lang='lat' dir='ltr'><strong>stianum</strong></span> <span class='ocrx_word' id='word_1_547' title='bbox 1257 3986 1360 4043; x_wconf 89' lang='lat' dir='ltr'><strong>regem,</strong></span> <span class='ocrx_word' id='word_1_548' title='bbox 1390 3973 1555 4038; x_wconf 82' lang='lat' dir='ltr'><strong>exhibuerit,</strong></span> <span class='ocrx_word' id='word_1_549' title='bbox 1586 3981 1737 4030; x_wconf 88' lang='lat' dir='ltr'><strong>convocato</strong></span> <span class='ocrx_word' id='word_1_550' title='bbox 1765 3975 1932 4031; x_wconf 55' lang='lat' dir='ltr'><strong>conciliem</strong></span> 
     </span>
     <span class='ocr_line' id='line_1_43' title="bbox 249 4055 1932 4132; baseline 0.002 -16"><span class='ocrx_word' id='word_1_551' title='bbox 249 4061 313 4118; x_wconf 90' lang='lat' dir='ltr'><strong>lllils</strong></span> <span class='ocrx_word' id='word_1_552' title='bbox 336 4055 678 4122; x_wconf 62' lang='lat' dir='ltr'><strong>Berrrbardciwdlarono,</strong></span> <span class='ocrx_word' id='word_1_553' title='bbox 695 4064 723 4112; x_wconf 91' lang='lat' dir='ltr'><strong>et</strong></span> <span class='ocrx_word' id='word_1_554' title='bbox 744 4059 943 4115; x_wconf 64' lang='lat' dir='ltr'><strong>bernbardo⁸2¹</strong></span> <span class='ocrx_word' id='word_1_555' title='bbox 965 4060 1067 4127; x_wconf 89' lang='lat' dir='ltr'><strong>abbati,</strong></span> <span class='ocrx_word' id='word_1_556' title='bbox 1110 4064 1231 4117; x_wconf 88' lang='lat' dir='ltr'><strong>omnium</strong></span> <span class='ocrx_word' id='word_1_557' title='bbox 1270 4062 1433 4126; x_wconf 73' lang='lat' dir='ltr'><strong>clericorum</strong></span> <span class='ocrx_word' id='word_1_558' title='bbox 1468 4071 1495 4117; x_wconf 86' lang='lat' dir='ltr'><strong>et</strong></span> <span class='ocrx_word' id='word_1_559' title='bbox 1528 4062 1660 4118; x_wconf 87' lang='lat' dir='ltr'><strong>laieorum</strong></span> <span class='ocrx_word' id='word_1_560' title='bbox 1693 4077 1764 4132; x_wconf 89' lang='lat' dir='ltr'><strong>quos</strong></span> <span class='ocrx_word' id='word_1_561' title='bbox 1797 4063 1932 4120; x_wconf 85' lang='lat' dir='ltr'><strong>advocare</strong></span> 
     </span>
     <span class='ocr_line' id='line_1_44' title="bbox 248 4145 1934 4224; baseline 0.003 -19"><span class='ocrx_word' id='word_1_562' title='bbox 248 4149 363 4206; x_wconf 90' lang='lat' dir='ltr'><strong>salutem</strong></span> <span class='ocrx_word' id='word_1_563' title='bbox 379 4155 406 4202; x_wconf 84' lang='lat' dir='ltr'><strong>et</strong></span> <span class='ocrx_word' id='word_1_564' title='bbox 421 4145 598 4214; x_wconf 87' lang='lat' dir='ltr'><strong>apostolicam</strong></span> <span class='ocrx_word' id='word_1_565' title='bbox 614 4145 844 4202; x_wconf 86' lang='lat' dir='ltr'><strong>benedictionem.</strong></span> <span class='ocrx_word' id='word_1_566' title='bbox 1112 4151 1248 4219; x_wconf 89' lang='lat' dir='ltr'><strong>poteritis,</strong></span> <span class='ocrx_word' id='word_1_567' title='bbox 1264 4151 1451 4207; x_wconf 91' lang='lat' dir='ltr'><strong>consiliumet</strong></span> <span class='ocrx_word' id='word_1_568' title='bbox 1474 4151 1639 4220; x_wconf 82' lang='lat' dir='ltr'><strong>adjutorium</strong></span> <span class='ocrx_word' id='word_1_569' title='bbox 1659 4151 1687 4206; x_wconf 92' lang='lat' dir='ltr'><strong>in</strong></span> <span class='ocrx_word' id='word_1_570' title='bbox 1708 4151 1839 4210; x_wconf 88' lang='lat' dir='ltr'><strong>omnibus</strong></span> <span class='ocrx_word' id='word_1_571' title='bbox 1862 4167 1934 4224; x_wconf 76' lang='lat' dir='ltr'><strong>prae-</strong></span> 
     </span>
     <span class='ocr_line' id='line_1_45' title="bbox 285 4235 1932 4310; baseline 0.006 -23"><span class='ocrx_word' id='word_1_572' title='bbox 285 4235 489 4292; x_wconf 75' lang='lat' dir='ltr'><strong>«l&#39;raternitatl</strong></span> <span class='ocrx_word' id='word_1_573' title='bbox 503 4241 601 4290; x_wconf 80' lang='lat' dir='ltr'><strong>vestras</strong></span> <span class='ocrx_word' id='word_1_574' title='bbox 623 4241 717 4290; x_wconf 93' lang='lat' dir='ltr'><strong>uotum</strong></span> <span class='ocrx_word' id='word_1_575' title='bbox 738 4249 873 4291; x_wconf 90' lang='lat' dir='ltr'><strong>essenon</strong></span> <span class='ocrx_word' id='word_1_576' title='bbox 894 4237 1067 4308; x_wconf 84' lang='lat' dir='ltr'><strong>ambigimus,</strong></span> <span class='ocrx_word' id='word_1_577' title='bbox 1110 4239 1183 4304; x_wconf 87' lang='lat' dir='ltr'><strong>bete,</strong></span> <span class='ocrx_word' id='word_1_578' title='bbox 1201 4245 1229 4294; x_wconf 90' lang='lat' dir='ltr'><strong>et</strong></span> <span class='ocrx_word' id='word_1_579' title='bbox 1252 4239 1280 4293; x_wconf 88' lang='lat' dir='ltr'><strong>iu</strong></span> <span class='ocrx_word' id='word_1_580' title='bbox 1300 4241 1373 4310; x_wconf 89' lang='lat' dir='ltr'><strong>regia</strong></span> <span class='ocrx_word' id='word_1_581' title='bbox 1394 4239 1526 4310; x_wconf 88' lang='lat' dir='ltr'><strong>dignitate</strong></span> <span class='ocrx_word' id='word_1_582' title='bbox 1545 4246 1597 4310; x_wconf 86' lang='lat' dir='ltr'><strong>per</strong></span> <span class='ocrx_word' id='word_1_583' title='bbox 1615 4241 1807 4296; x_wconf 87' lang='lat' dir='ltr'><strong>auctoritatem</strong></span> <span class='ocrx_word' id='word_1_584' title='bbox 1834 4243 1932 4298; x_wconf 89' lang='lat' dir='ltr'><strong>beate·</strong></span> 
     </span>
     <span class='ocr_line' id='line_1_46' title="bbox 246 4321 1936 4398; baseline 0.001 -15"><span class='ocrx_word' id='word_1_585' title='bbox 246 4325 311 4398; x_wconf 76' lang='lat' dir='ltr'><strong>apula</strong></span> <span class='ocrx_word' id='word_1_586' title='bbox 336 4327 399 4381; x_wconf 90' lang='lat' dir='ltr'><strong>iden</strong></span> <span class='ocrx_word' id='word_1_587' title='bbox 423 4323 457 4378; x_wconf 92' lang='lat' dir='ltr'><strong>ab</strong></span> <span class='ocrx_word' id='word_1_588' title='bbox 481 4322 564 4386; x_wconf 88' lang='lat' dir='ltr'><strong>Urbe,</strong></span> <span class='ocrx_word' id='word_1_589' title='bbox 586 4321 681 4378; x_wconf 91' lang='lat' dir='ltr'><strong>conlisi</strong></span> <span class='ocrx_word' id='word_1_590' title='bbox 706 4321 783 4378; x_wconf 77' lang='lat' dir='ltr'><strong>de⁸⁷¹</strong></span> <span class='ocrx_word' id='word_1_591' title='bbox 807 4324 854 4380; x_wconf 86' lang='lat' dir='ltr'><strong>bei</strong></span> <span class='ocrx_word' id='word_1_592' title='bbox 879 4325 1068 4382; x_wconf 88' lang='lat' dir='ltr'><strong>misericordia</strong></span> <span class='ocrx_word' id='word_1_593' title='bbox 1110 4343 1168 4383; x_wconf 88' lang='lat' dir='ltr'><strong>rum</strong></span> <span class='ocrx_word' id='word_1_594' title='bbox 1192 4328 1379 4397; x_wconf 90' lang='lat' dir='ltr'><strong>apostolorum</strong></span> <span class='ocrx_word' id='word_1_595' title='bbox 1405 4330 1478 4384; x_wconf 88' lang='lat' dir='ltr'><strong>Petri</strong></span> <span class='ocrx_word' id='word_1_596' title='bbox 1494 4336 1521 4384; x_wconf 92' lang='lat' dir='ltr'><strong>et</strong></span> <span class='ocrx_word' id='word_1_597' title='bbox 1548 4330 1621 4384; x_wconf 81' lang='lat' dir='ltr'><strong>Pauli</strong></span> <span class='ocrx_word' id='word_1_598' title='bbox 1647 4335 1740 4385; x_wconf 88' lang='lat' dir='ltr'><strong>nostra</strong></span> <span class='ocrx_word' id='word_1_599' title='bbox 1754 4329 1816 4386; x_wconf 87' lang='lat' dir='ltr'><strong>vice</strong></span> <span class='ocrx_word' id='word_1_600' title='bbox 1836 4330 1936 4388; x_wconf 87' lang='lat' dir='ltr'><strong>contir-</strong></span> 
     </span>
     <span class='ocr_line' id='line_1_47' title="bbox 248 4395 1934 4488; baseline 0.001 -16"><span class='ocrx_word' id='word_1_601' title='bbox 248 4424 275 4472; x_wconf 89' lang='lat' dir='ltr'><strong>et</strong></span> <span class='ocrx_word' id='word_1_602' title='bbox 291 4417 429 4485; x_wconf 74' lang='lat' dir='ltr'><strong>adjutorio</strong></span> <span class='ocrx_word' id='word_1_603' title='bbox 445 4413 518 4468; x_wconf 87' lang='lat' dir='ltr'><strong>beati</strong></span> <span class='ocrx_word' id='word_1_604' title='bbox 542 4414 625 4478; x_wconf 84' lang='lat' dir='ltr'><strong>Petri,</strong></span> <span class='ocrx_word' id='word_1_605' title='bbox 642 4413 745 4483; x_wconf 88' lang='lat' dir='ltr'><strong>egressi</strong></span> <span class='ocrx_word' id='word_1_606' title='bbox 760 4427 863 4480; x_wconf 89' lang='lat' dir='ltr'><strong>snmus,</strong></span> <span class='ocrx_word' id='word_1_607' title='bbox 881 4421 911 4470; x_wconf 88' lang='lat' dir='ltr'><strong>ut</strong></span> <span class='ocrx_word' id='word_1_608' title='bbox 929 4416 962 4471; x_wconf 94' lang='lat' dir='ltr'><strong>ad</strong></span> <span class='ocrx_word' id='word_1_609' title='bbox 978 4395 1191 4481; x_wconf 77' lang='lat' dir='ltr'><strong>&#39;locu-Dmate,</strong></span> <span class='ocrx_word' id='word_1_610' title='bbox 1211 4416 1393 4486; x_wconf 87' lang='lat' dir='ltr'><strong>omnibusque</strong></span> <span class='ocrx_word' id='word_1_611' title='bbox 1418 4417 1566 4488; x_wconf 86' lang='lat' dir='ltr'><strong>episeopis,</strong></span> <span class='ocrx_word' id='word_1_612' title='bbox 1591 4417 1746 4484; x_wconf 88' lang='lat' dir='ltr'><strong>abbatibus,</strong></span> <span class='ocrx_word' id='word_1_613' title='bbox 1772 4418 1882 4476; x_wconf 88' lang='lat' dir='ltr'><strong>clericis</strong></span> <span class='ocrx_word' id='word_1_614' title='bbox 1899 4433 1934 4475; x_wconf 89' lang='lat' dir='ltr'><strong>ac</strong></span> 
     </span>
     <span class='ocr_line' id='line_1_48' title="bbox 250 4502 1935 4576; baseline 0.003 -16"><span class='ocrx_word' id='word_1_615' title='bbox 250 4508 404 4562; x_wconf 89' lang='lat' dir='ltr'><strong>lonicorum</strong></span> <span class='ocrx_word' id='word_1_616' title='bbox 428 4507 530 4572; x_wconf 87' lang='lat' dir='ltr'><strong>partes,</strong></span> <span class='ocrx_word' id='word_1_617' title='bbox 556 4502 736 4570; x_wconf 87' lang='lat' dir='ltr'><strong>composituri</strong></span> <span class='ocrx_word' id='word_1_618' title='bbox 761 4504 834 4557; x_wconf 88' lang='lat' dir='ltr'><strong>inter</strong></span> <span class='ocrx_word' id='word_1_619' title='bbox 855 4517 903 4559; x_wconf 90' lang='lat' dir='ltr'><strong>eos</strong></span> <span class='ocrx_word' id='word_1_620' title='bbox 926 4505 959 4558; x_wconf 94' lang='lat' dir='ltr'><strong>ad</strong></span> <span class='ocrx_word' id='word_1_621' title='bbox 985 4506 1069 4562; x_wconf 90' lang='lat' dir='ltr'><strong>bono·</strong></span> <span class='ocrx_word' id='word_1_622' title='bbox 1110 4505 1188 4560; x_wconf 78' lang='lat' dir='ltr'><strong>lanas</strong></span> <span class='ocrx_word' id='word_1_623' title='bbox 1202 4507 1229 4560; x_wconf 90' lang='lat' dir='ltr'><strong>in</strong></span> <span class='ocrx_word' id='word_1_624' title='bbox 1245 4513 1303 4565; x_wconf 89' lang='lat' dir='ltr'><strong>toto</strong></span> <span class='ocrx_word' id='word_1_625' title='bbox 1319 4519 1404 4576; x_wconf 90' lang='lat' dir='ltr'><strong>regno</strong></span> <span class='ocrx_word' id='word_1_626' title='bbox 1421 4507 1616 4571; x_wconf 88' lang='lat' dir='ltr'><strong>babitantibus,</strong></span> <span class='ocrx_word' id='word_1_627' title='bbox 1633 4514 1663 4562; x_wconf 92' lang='lat' dir='ltr'><strong>ut</strong></span> <span class='ocrx_word' id='word_1_628' title='bbox 1677 4508 1702 4562; x_wconf 91' lang='lat' dir='ltr'><strong>ci</strong></span> <span class='ocrx_word' id='word_1_629' title='bbox 1719 4507 1850 4576; x_wconf 89' lang='lat' dir='ltr'><strong>lideliter,</strong></span> <span class='ocrx_word' id='word_1_630' title='bbox 1861 4511 1935 4565; x_wconf 79' lang='lat' dir='ltr'><strong>deut</strong></span> 
     </span>
     <span class='ocr_line' id='line_1_49' title="bbox 251 4589 1933 4665; baseline 0.002 -16"><span class='ocrx_word' id='word_1_631' title='bbox 251 4606 307 4649; x_wconf 88' lang='lat' dir='ltr'><strong>reru</strong></span> <span class='ocrx_word' id='word_1_632' title='bbox 322 4591 369 4647; x_wconf 86' lang='lat' dir='ltr'><strong>bei</strong></span> <span class='ocrx_word' id='word_1_633' title='bbox 387 4598 415 4646; x_wconf 88' lang='lat' dir='ltr'><strong>et</strong></span> <span class='ocrx_word' id='word_1_634' title='bbox 431 4589 576 4645; x_wconf 87' lang='lat' dir='ltr'><strong>utilitatem</strong></span> <span class='ocrx_word' id='word_1_635' title='bbox 592 4595 694 4643; x_wconf 86' lang='lat' dir='ltr'><strong>sanctae</strong></span> <span class='ocrx_word' id='word_1_636' title='bbox 713 4589 838 4644; x_wconf 83' lang='lat' dir='ltr'><strong>ecclesiae</strong></span> <span class='ocrx_word' id='word_1_637' title='bbox 860 4605 964 4660; x_wconf 89' lang='lat' dir='ltr'><strong>pacem,</strong></span> <span class='ocrx_word' id='word_1_638' title='bbox 982 4602 1069 4648; x_wconf 92' lang='lat' dir='ltr'><strong>trans-</strong></span> <span class='ocrx_word' id='word_1_639' title='bbox 1110 4597 1167 4665; x_wconf 87' lang='lat' dir='ltr'><strong>regi</strong></span> <span class='ocrx_word' id='word_1_640' title='bbox 1192 4600 1311 4663; x_wconf 89' lang='lat' dir='ltr'><strong>oportet,</strong></span> <span class='ocrx_word' id='word_1_641' title='bbox 1337 4594 1478 4658; x_wconf 88' lang='lat' dir='ltr'><strong>obediant,</strong></span> <span class='ocrx_word' id='word_1_642' title='bbox 1503 4609 1537 4651; x_wconf 85' lang='lat' dir='ltr'><strong>ex</strong></span> <span class='ocrx_word' id='word_1_643' title='bbox 1561 4603 1637 4664; x_wconf 90' lang='lat' dir='ltr'><strong>parte</strong></span> <span class='ocrx_word' id='word_1_644' title='bbox 1661 4596 1862 4665; x_wconf 86' lang='lat' dir='ltr'><strong>omnipotentis</strong></span> <span class='ocrx_word' id='word_1_645' title='bbox 1883 4599 1933 4652; x_wconf 77' lang='lat' dir='ltr'><strong>bei</strong></span> 
     </span>
     <span class='ocr_line' id='line_1_50' title="bbox 250 4675 1336 4754; baseline -0.004 -17"><span class='ocrx_word' id='word_1_646' title='bbox 250 4685 361 4738; x_wconf 88' lang='lat' dir='ltr'><strong>iremus.</strong></span> <span class='ocrx_word' id='word_1_647' title='bbox 390 4678 443 4736; x_wconf 90' lang='lat' dir='ltr'><strong>Sed</strong></span> <span class='ocrx_word' id='word_1_648' title='bbox 472 4679 536 4748; x_wconf 85' lang='lat' dir='ltr'><strong>qula</strong></span> <span class='ocrx_word' id='word_1_649' title='bbox 564 4675 729 4742; x_wconf 80' lang='lat' dir='ltr'><strong>defuerunt,</strong></span> <span class='ocrx_word' id='word_1_650' title='bbox 763 4679 887 4747; x_wconf 87' lang='lat' dir='ltr'><strong>quinos</strong></span> <span class='ocrx_word' id='word_1_651' title='bbox 918 4682 1068 4739; x_wconf 92' lang='lat' dir='ltr'><strong>secundum</strong></span> <span class='ocrx_word' id='word_1_652' title='bbox 1111 4681 1336 4754; x_wconf 59' lang='lat' dir='ltr'><strong>praecipitem.»</strong></span> 
     </span>
     <span class='ocr_line' id='line_1_51' title="bbox 248 4766 1934 4843; baseline 0.002 -19"><span class='ocrx_word' id='word_1_653' title='bbox 248 4771 322 4840; x_wconf 79' lang='lat' dir='ltr'><strong>qnod</strong></span> <span class='ocrx_word' id='word_1_654' title='bbox 342 4768 507 4837; x_wconf 88' lang='lat' dir='ltr'><strong>dispositum</strong></span> <span class='ocrx_word' id='word_1_655' title='bbox 522 4773 581 4820; x_wconf 89' lang='lat' dir='ltr'><strong>erat</strong></span> <span class='ocrx_word' id='word_1_656' title='bbox 596 4766 793 4832; x_wconf 88' lang='lat' dir='ltr'><strong>conducerent,</strong></span> <span class='ocrx_word' id='word_1_657' title='bbox 811 4766 935 4835; x_wconf 89' lang='lat' dir='ltr'><strong>impediti</strong></span> <span class='ocrx_word' id='word_1_658' title='bbox 950 4770 1068 4827; x_wconf 87' lang='lat' dir='ltr'><strong>adventu</strong></span> <span class='ocrx_word' id='word_1_659' title='bbox 1148 4773 1206 4826; x_wconf 85' lang='lat' dir='ltr'><strong>ldd.</strong></span> <span class='ocrx_word' id='word_1_660' title='bbox 1229 4789 1243 4822; x_wconf 84' lang='lat' dir='ltr'><strong>a</strong></span> <span class='ocrx_word' id='word_1_661' title='bbox 1267 4772 1415 4842; x_wconf 81' lang='lat' dir='ltr'><strong>Gregorius</strong></span> <span class='ocrx_word' id='word_1_662' title='bbox 1439 4773 1586 4842; x_wconf 83' lang='lat' dir='ltr'><strong>episcopus</strong></span> <span class='ocrx_word' id='word_1_663' title='bbox 1611 4772 1708 4843; x_wconf 84' lang='lat' dir='ltr'><strong>(Gnsc.</strong></span> <span class='ocrx_word' id='word_1_664' title='bbox 1736 4774 1791 4841; x_wconf 85' lang='lat' dir='ltr'><strong>vll,</strong></span> <span class='ocrx_word' id='word_1_665' title='bbox 1818 4775 1934 4843; x_wconf 70' lang='lat' dir='ltr'><strong>aegon.</strong></span> 
     </span>
     <span class='ocr_line' id='line_1_52' title="bbox 249 4845 1936 4930; baseline 0.004 -18"><span class='ocrx_word' id='word_1_666' title='bbox 249 4861 321 4930; x_wconf 88' lang='lat' dir='ltr'><strong>regis</strong></span> <span class='ocrx_word' id='word_1_667' title='bbox 343 4859 371 4913; x_wconf 87' lang='lat' dir='ltr'><strong>iu</strong></span> <span class='ocrx_word' id='word_1_668' title='bbox 395 4856 509 4921; x_wconf 84' lang='lat' dir='ltr'><strong>ltaliam,</strong></span> <span class='ocrx_word' id='word_1_669' title='bbox 530 4856 559 4910; x_wconf 92' lang='lat' dir='ltr'><strong>in</strong></span> <span class='ocrx_word' id='word_1_670' title='bbox 583 4853 825 4924; x_wconf 72' lang='lat' dir='ltr'><strong>langobardta⁸⁷⁸,</strong></span> <span class='ocrx_word' id='word_1_671' title='bbox 845 4859 918 4912; x_wconf 91' lang='lat' dir='ltr'><strong>inter</strong></span> <span class='ocrx_word' id='word_1_672' title='bbox 943 4859 1069 4916; x_wconf 91' lang='lat' dir='ltr'><strong>inimicos</strong></span> <span class='ocrx_word' id='word_1_673' title='bbox 1109 4875 1147 4928; x_wconf 85' lang='grc' dir='ltr'><strong>ιι,</strong></span> <span class='ocrx_word' id='word_1_674' title='bbox 1161 4859 1209 4929; x_wconf 81' lang='grc'><strong>21)</strong></span> <span class='ocrx_word' id='word_1_675' title='bbox 1225 4845 1485 4917; x_wconf 77' lang='lat' dir='ltr'><strong>servus&#39;servorum</strong></span> <span class='ocrx_word' id='word_1_676' title='bbox 1511 4861 1569 4928; x_wconf 88' lang='lat' dir='ltr'><strong>bei,</strong></span> <span class='ocrx_word' id='word_1_677' title='bbox 1590 4862 1700 4918; x_wconf 89' lang='lat' dir='ltr'><strong>dilectis</strong></span> <span class='ocrx_word' id='word_1_678' title='bbox 1714 4860 1746 4893; x_wconf 72' lang='lat'><strong>⁸⁷⁹</strong></span> <span class='ocrx_word' id='word_1_679' title='bbox 1769 4863 1797 4918; x_wconf 94' lang='lat' dir='ltr'><strong>in</strong></span> <span class='ocrx_word' id='word_1_680' title='bbox 1822 4864 1936 4919; x_wconf 82' lang='lat' dir='ltr'><strong>cbristo</strong></span> 
     </span>
     <span class='ocr_line' id='line_1_53' title="bbox 247 4943 1936 5020; baseline 0.002 -17"><span class='ocrx_word' id='word_1_681' title='bbox 247 4946 409 5004; x_wconf 83' lang='lat' dir='ltr'><strong>Gbristianae</strong></span> <span class='ocrx_word' id='word_1_682' title='bbox 435 4943 588 5014; x_wconf 88' lang='lat' dir='ltr'><strong>religionis,</strong></span> <span class='ocrx_word' id='word_1_683' title='bbox 604 4956 659 4998; x_wconf 95' lang='lat' dir='ltr'><strong>non</strong></span> <span class='ocrx_word' id='word_1_684' title='bbox 677 4946 738 4998; x_wconf 89' lang='lat' dir='ltr'><strong>sine</strong></span> <span class='ocrx_word' id='word_1_685' title='bbox 759 4956 856 5014; x_wconf 88' lang='lat' dir='ltr'><strong>magno</strong></span> <span class='ocrx_word' id='word_1_686' title='bbox 882 4947 1005 5014; x_wconf 90' lang='lat' dir='ltr'><strong>periculo</strong></span> <span class='ocrx_word' id='word_1_687' title='bbox 1027 4963 1068 5005; x_wconf 84' lang='lat' dir='ltr'><strong>re</strong></span> <span class='ocrx_word' id='word_1_688' title='bbox 1108 4949 1238 5006; x_wconf 84' lang='lat' dir='ltr'><strong>tratribus</strong></span> <span class='ocrx_word' id='word_1_689' title='bbox 1262 4949 1492 5019; x_wconf 81' lang='lat' dir='ltr'><strong>archiepiscopis,</strong></span> <span class='ocrx_word' id='word_1_690' title='bbox 1518 4949 1667 5020; x_wconf 88' lang='lat' dir='ltr'><strong>episcopis,</strong></span> <span class='ocrx_word' id='word_1_691' title='bbox 1692 4949 1822 5016; x_wconf 89' lang='lat' dir='ltr'><strong>ducibus,</strong></span> <span class='ocrx_word' id='word_1_692' title='bbox 1846 4952 1936 5008; x_wconf 90' lang='lat' dir='ltr'><strong>comi-</strong></span> 
     </span>
     <span class='ocr_line' id='line_1_54' title="bbox 247 5031 1932 5108; baseline 0.002 -16"><span class='ocrx_word' id='word_1_693' title='bbox 247 5036 410 5101; x_wconf 87' lang='lat' dir='ltr'><strong>mansimus,</strong></span> <span class='ocrx_word' id='word_1_694' title='bbox 441 5039 469 5088; x_wconf 90' lang='lat' dir='ltr'><strong>et</strong></span> <span class='ocrx_word' id='word_1_695' title='bbox 497 5031 601 5095; x_wconf 87' lang='lat' dir='ltr'><strong>adbuc,</strong></span> <span class='ocrx_word' id='word_1_696' title='bbox 636 5033 707 5087; x_wconf 90' lang='lat' dir='ltr'><strong>sicut</strong></span> <span class='ocrx_word' id='word_1_697' title='bbox 735 5031 966 5100; x_wconf 88' lang='lat' dir='ltr'><strong>desideravimus,</strong></span> <span class='ocrx_word' id='word_1_698' title='bbox 997 5038 1068 5094; x_wconf 93' lang='lat' dir='ltr'><strong>ultra</strong></span> <span class='ocrx_word' id='word_1_699' title='bbox 1109 5039 1192 5105; x_wconf 89' lang='lat' dir='ltr'><strong>tibus,</strong></span> <span class='ocrx_word' id='word_1_700' title='bbox 1208 5039 1498 5094; x_wconf 87' lang='lat' dir='ltr'><strong>etuniverslstrlsti</strong></span> <span class='ocrx_word' id='word_1_701' title='bbox 1518 5038 1656 5106; x_wconf 84' lang='lat' dir='ltr'><strong>ildelibus,</strong></span> <span class='ocrx_word' id='word_1_702' title='bbox 1671 5040 1781 5096; x_wconf 90' lang='lat' dir='ltr'><strong>clericis</strong></span> <span class='ocrx_word' id='word_1_703' title='bbox 1796 5049 1825 5097; x_wconf 88' lang='lat' dir='ltr'><strong>et</strong></span> <span class='ocrx_word' id='word_1_704' title='bbox 1840 5040 1932 5108; x_wconf 85' lang='lat' dir='ltr'><strong>laicis,</strong></span> 
     </span>
    </p>
   </div>
   <div class='ocr_carea' id='block_1_3' title="bbox 924 5161 1252 5220">
    <p class='ocr_par' dir='ltr' id='par_1_3' title="bbox 924 5161 1252 5220">
     <span class='ocr_line' id='line_1_55' title="bbox 924 5161 1252 5220; baseline 0.006 -5"><span class='ocrx_word' id='word_1_705' title='bbox 924 5161 1036 5217; x_wconf 79' lang='lat' dir='ltr'>VARIAE</span> <span class='ocrx_word' id='word_1_706' title='bbox 1060 5164 1252 5220; x_wconf 75' lang='lat' dir='ltr'><strong>unctiones.</strong></span> 
     </span>
    </p>
   </div>
   <div class='ocr_carea' id='block_1_4' title="bbox 244 5281 1937 5650">
    <p class='ocr_par' dir='ltr' id='par_1_4' title="bbox 244 5281 1937 5650">
     <span class='ocr_line' id='line_1_56' title="bbox 281 5281 1936 5365; baseline 0.004 -24"><span class='ocrx_word' id='word_1_707' title='bbox 281 5286 313 5319; x_wconf 76' lang='lat'><strong>“²</strong></span> <span class='ocrx_word' id='word_1_708' title='bbox 333 5285 459 5355; x_wconf 89' lang='lat' dir='ltr'><strong>turingos</strong></span> <span class='ocrx_word' id='word_1_709' title='bbox 472 5282 567 5365; x_wconf 73' lang='lat' dir='ltr'><strong>sepios</strong></span> <span class='ocrx_word' id='word_1_710' title='bbox 585 5283 608 5336; x_wconf 89' lang='lat' dir='ltr'><strong>l.</strong></span> <span class='ocrx_word' id='word_1_711' title='bbox 646 5281 1065 5345; x_wconf 62' lang='grc' dir='ltr'><strong>διο11111111111111.Ειιιειι</strong></span> <span class='ocrx_word' id='word_1_712' title='bbox 1111 5289 1263 5345; x_wconf 72' lang='lat' dir='ltr'><strong>bloledaae</strong></span> <span class='ocrx_word' id='word_1_713' title='bbox 1277 5305 1354 5362; x_wconf 83' lang='lat' dir='ltr'><strong>capp.</strong></span> <span class='ocrx_word' id='word_1_714' title='bbox 1374 5289 1423 5344; x_wconf 83' lang='grc'><strong>105</strong></span> <span class='ocrx_word' id='word_1_715' title='bbox 1437 5295 1462 5346; x_wconf 88' lang='lat' dir='ltr'><strong>et</strong></span> <span class='ocrx_word' id='word_1_716' title='bbox 1480 5288 1539 5344; x_wconf 84' lang='lat'><strong>106.</strong></span> <span class='ocrx_word' id='word_1_717' title='bbox 1555 5289 1631 5346; x_wconf 80' lang='lat' dir='ltr'><strong>edite</strong></span> <span class='ocrx_word' id='word_1_718' title='bbox 1649 5305 1719 5346; x_wconf 82' lang='lat' dir='ltr'><strong>caco</strong></span> <span class='ocrx_word' id='word_1_719' title='bbox 1735 5289 1814 5348; x_wconf 86' lang='grc'><strong>1078.</strong></span> <span class='ocrx_word' id='word_1_720' title='bbox 1834 5293 1936 5349; x_wconf 72' lang='lat' dir='ltr'><strong>Saxo·</strong></span> 
     </span>
     <span class='ocr_line' id='line_1_57' title="bbox 245 5354 1935 5438; baseline 0.002 -22"><span class='ocrx_word' id='word_1_721' title='bbox 245 5357 321 5416; x_wconf 81' lang='lat' dir='ltr'><strong>ttibate</strong></span> <span class='ocrx_word' id='word_1_722' title='bbox 338 5357 490 5438; x_wconf 82' lang='lat' dir='ltr'><strong>irvttoirtr&#39;eae¹</strong></span> <span class='ocrx_word' id='word_1_723' title='bbox 503 5354 639 5410; x_wconf 65' lang='lat' dir='ltr'><strong>redentor:</strong></span> <span class='ocrx_word' id='word_1_724' title='bbox 659 5354 714 5412; x_wconf 80' lang='lat' dir='ltr'><strong>Sed</strong></span> <span class='ocrx_word' id='word_1_725' title='bbox 728 5357 817 5411; x_wconf 82' lang='lat' dir='ltr'><strong>Brund</strong></span> <span class='ocrx_word' id='word_1_726' title='bbox 842 5356 966 5428; x_wconf 77' lang='lat' dir='ltr'><strong>epistolae</strong></span> <span class='ocrx_word' id='word_1_727' title='bbox 988 5358 1037 5414; x_wconf 70' lang='lat' dir='ltr'><strong>aar</strong></span> <span class='ocrx_word' id='word_1_728' title='bbox 1062 5359 1229 5416; x_wconf 66' lang='lat' dir='ltr'><strong>laevioribus</strong></span> <span class='ocrx_word' id='word_1_729' title='bbox 1252 5360 1383 5431; x_wconf 74' lang='lat' dir='ltr'><strong>adjungit.</strong></span> <span class='ocrx_word' id='word_1_730' title='bbox 1421 5359 1453 5392; x_wconf 71' lang='lat'><strong>“⁹</strong></span> <span class='ocrx_word' id='word_1_731' title='bbox 1472 5361 1544 5418; x_wconf 78' lang='lat' dir='ltr'><strong>desti</strong></span> <span class='ocrx_word' id='word_1_732' title='bbox 1563 5361 1588 5417; x_wconf 90' lang='lat' dir='ltr'><strong>l.</strong></span> <span class='ocrx_word' id='word_1_733' title='bbox 1625 5359 1657 5393; x_wconf 71' lang='lat'><strong>⁸⁷⁰</strong></span> <span class='ocrx_word' id='word_1_734' title='bbox 1675 5362 1706 5418; x_wconf 90' lang='lat' dir='ltr'><strong>B.</strong></span> <span class='ocrx_word' id='word_1_735' title='bbox 1728 5361 1753 5420; x_wconf 88' lang='lat' dir='ltr'><strong>l.</strong></span> <span class='ocrx_word' id='word_1_736' title='bbox 1769 5363 1935 5420; x_wconf 80' lang='lat' dir='ltr'><strong>Bernhardo</strong></span> 
     </span>
     <span class='ocr_line' id='line_1_58' title="bbox 246 5424 1937 5504; baseline 0.001 -16"><span class='ocrx_word' id='word_1_737' title='bbox 246 5432 377 5488; x_wconf 82' lang='lat' dir='ltr'><strong>Romanae</strong></span> <span class='ocrx_word' id='word_1_738' title='bbox 392 5425 517 5483; x_wconf 87' lang='lat' dir='ltr'><strong>ecclesrae</strong></span> <span class='ocrx_word' id='word_1_739' title='bbox 532 5424 561 5481; x_wconf 93' lang='lat' dir='ltr'><strong>d.</strong></span> <span class='ocrx_word' id='word_1_740' title='bbox 576 5425 603 5482; x_wconf 79' lang='lat'><strong>2.</strong></span> <span class='ocrx_word' id='word_1_741' title='bbox 641 5425 671 5459; x_wconf 70' lang='lat'><strong>⁴⁷¹</strong></span> <span class='ocrx_word' id='word_1_742' title='bbox 692 5427 722 5482; x_wconf 88' lang='lat' dir='ltr'><strong>B.</strong></span> <span class='ocrx_word' id='word_1_743' title='bbox 739 5427 937 5486; x_wconf 87' lang='lat' dir='ltr'><strong>l.Bernlnardo</strong></span> <span class='ocrx_word' id='word_1_744' title='bbox 952 5431 1112 5488; x_wconf 88' lang='lat' dir='ltr'><strong>blasslliensl</strong></span> <span class='ocrx_word' id='word_1_745' title='bbox 1128 5431 1220 5488; x_wconf 91' lang='lat' dir='ltr'><strong>abbati</strong></span> <span class='ocrx_word' id='word_1_746' title='bbox 1233 5431 1260 5486; x_wconf 80' lang='lat'><strong>2.</strong></span> <span class='ocrx_word' id='word_1_747' title='bbox 1299 5431 1331 5464; x_wconf 73' lang='lat'><strong>⁸⁷¹</strong></span> <span class='ocrx_word' id='word_1_748' title='bbox 1350 5433 1459 5489; x_wconf 86' lang='lat' dir='ltr'><strong>deestl.</strong></span> <span class='ocrx_word' id='word_1_749' title='bbox 1498 5432 1531 5465; x_wconf 75' lang='lat'><strong>⁸⁷⁸</strong></span> <span class='ocrx_word' id='word_1_750' title='bbox 1551 5433 1729 5504; x_wconf 83' lang='lat' dir='ltr'><strong>longobardia</strong></span> <span class='ocrx_word' id='word_1_751' title='bbox 1747 5433 1771 5490; x_wconf 92' lang='grc'><strong>1.</strong></span> <span class='ocrx_word' id='word_1_752' title='bbox 1810 5433 1937 5490; x_wconf 63' lang='lat' dir='ltr'><strong>‘&#39;ideest</strong></span> 
     </span>
     <span class='ocr_line' id='line_1_59' title="bbox 249 5497 1933 5576; baseline 0.001 -18"><span class='ocrx_word' id='word_1_753' title='bbox 249 5502 274 5560; x_wconf 92' lang='grc'><strong>1.</strong></span> <span class='ocrx_word' id='word_1_754' title='bbox 321 5499 354 5533; x_wconf 70' lang='lat'><strong>”⁸</strong></span> <span class='ocrx_word' id='word_1_755' title='bbox 373 5503 418 5555; x_wconf 84' lang='lat' dir='ltr'><strong>nat</strong></span> <span class='ocrx_word' id='word_1_756' title='bbox 432 5506 522 5554; x_wconf 86' lang='lat' dir='ltr'><strong>restra</strong></span> <span class='ocrx_word' id='word_1_757' title='bbox 535 5501 581 5552; x_wconf 83' lang='lat' dir='ltr'><strong>cot</strong></span> <span class='ocrx_word' id='word_1_758' title='bbox 595 5505 689 5556; x_wconf 89' lang='lat' dir='ltr'><strong>nostra</strong></span> <span class='ocrx_word' id='word_1_759' title='bbox 706 5497 730 5552; x_wconf 93' lang='grc'><strong>1.</strong></span> <span class='ocrx_word' id='word_1_760' title='bbox 779 5497 812 5530; x_wconf 58' lang='lat'><strong>³⁷⁶</strong></span> <span class='ocrx_word' id='word_1_761' title='bbox 831 5500 928 5556; x_wconf 84' lang='lat' dir='ltr'><strong>resiste</strong></span> <span class='ocrx_word' id='word_1_762' title='bbox 947 5500 971 5554; x_wconf 93' lang='grc'><strong>1.</strong></span> <span class='ocrx_word' id='word_1_763' title='bbox 1023 5502 1055 5534; x_wconf 73' lang='lat'><strong>⁸²⁷</strong></span> <span class='ocrx_word' id='word_1_764' title='bbox 1073 5503 1233 5560; x_wconf 88' lang='lat' dir='ltr'><strong>consilini.</strong></span> <span class='ocrx_word' id='word_1_765' title='bbox 1287 5503 1319 5535; x_wconf 66' lang='lat'><strong>⁵⁷⁸</strong></span> <span class='ocrx_word' id='word_1_766' title='bbox 1337 5505 1403 5560; x_wconf 85' lang='lat' dir='ltr'><strong>bata</strong></span> <span class='ocrx_word' id='word_1_767' title='bbox 1416 5504 1572 5576; x_wconf 82' lang='lat' dir='ltr'><strong>carpinetae</strong></span> <span class='ocrx_word' id='word_1_768' title='bbox 1596 5509 1623 5560; x_wconf 78' lang='lat'><strong>2.</strong></span> <span class='ocrx_word' id='word_1_769' title='bbox 1650 5506 1707 5561; x_wconf 88' lang='lat' dir='ltr'><strong>tlal.</strong></span> <span class='ocrx_word' id='word_1_770' title='bbox 1725 5507 1791 5563; x_wconf 82' lang='lat' dir='ltr'><strong>tun.</strong></span> <span class='ocrx_word' id='word_1_771' title='bbox 1807 5507 1862 5563; x_wconf 92' lang='lat' dir='ltr'><strong>ind.</strong></span> <span class='ocrx_word' id='word_1_772' title='bbox 1881 5506 1933 5560; x_wconf 84' lang='lat'><strong>15.</strong></span> 
     </span>
     <span class='ocr_line' id='line_1_60' title="bbox 244 5567 1303 5650; baseline 0.002 -22"><span class='ocrx_word' id='word_1_773' title='bbox 244 5572 359 5650; x_wconf 69' lang='lat' dir='ltr'><strong>flagitis.</strong></span> <span class='ocrx_word' id='word_1_774' title='bbox 376 5572 409 5628; x_wconf 84' lang='lat' dir='ltr'><strong>G.</strong></span> <span class='ocrx_word' id='word_1_775' title='bbox 430 5571 490 5627; x_wconf 84' lang='lat' dir='ltr'><strong>Vll.</strong></span> <span class='ocrx_word' id='word_1_776' title='bbox 507 5567 582 5625; x_wconf 78' lang='lat' dir='ltr'><strong>addit</strong></span> <span class='ocrx_word' id='word_1_777' title='bbox 598 5567 637 5640; x_wconf 85' lang='lat' dir='ltr'><strong>(a.</strong></span> <span class='ocrx_word' id='word_1_778' title='bbox 657 5569 747 5646; x_wconf 75' lang='lat' dir='ltr'><strong>tota).</strong></span> <span class='ocrx_word' id='word_1_779' title='bbox 786 5569 818 5604; x_wconf 60' lang='lat'><strong>‘⁷&#39;</strong></span> <span class='ocrx_word' id='word_1_780' title='bbox 836 5571 865 5627; x_wconf 89' lang='lat' dir='ltr'><strong>d.</strong></span> <span class='ocrx_word' id='word_1_781' title='bbox 881 5571 909 5627; x_wconf 92' lang='lat' dir='ltr'><strong>in</strong></span> <span class='ocrx_word' id='word_1_782' title='bbox 924 5587 950 5627; x_wconf 90' lang='lat' dir='ltr'><strong>e.</strong></span> <span class='ocrx_word' id='word_1_783' title='bbox 966 5571 985 5628; x_wconf 80' lang='lat' dir='ltr'><strong>l&#39;.</strong></span> <span class='ocrx_word' id='word_1_784' title='bbox 1001 5573 1103 5632; x_wconf 80' lang='lat' dir='ltr'><strong>deerravi.</strong></span> <span class='ocrx_word' id='word_1_785' title='bbox 1120 5577 1183 5647; x_wconf 78' lang='lat' dir='ltr'><strong>dep.</strong></span> <span class='ocrx_word' id='word_1_786' title='bbox 1200 5573 1303 5644; x_wconf 61' lang='grc'><strong>11124.</strong></span> 
     </span>
    </p>
   </div>
   <div class='ocr_carea' id='block_1_5' title="bbox 0 0 2016 6165">
    <p class='ocr_par' dir='ltr' id='par_1_5' title="bbox 0 0 2016 6165">
     <span class='ocr_line' id='line_1_61' title="bbox 0 0 2016 6165; baseline 0 0"><span class='ocrx_word' id='word_1_787' title='bbox 0 0 2016 6165; x_wconf 95' lang='lat' dir='ltr'><strong> </strong></span> 
     </span>
    </p>
   </div>
  </div>
 </body>
</html>
