4034 6152
160 229 214 288 ιιι
770 221 1233 299 ιιιιιιιιιιιιιιιιιιι.
1794 215 1851 274 ιιι

159 359 215 412 met
233 353 315 410 etiam
335 355 431 408 sancto
445 347 590 408 Ambrosio
609 346 753 411 refellitur.
780 353 810 406 ut
832 349 888 417 jum
907 346 1151 414 uidi-Aitoiandi,
1167 351 1269 404 sauctae
1285 345 1415 424 itomaore
1434 339 1566 398 Ecclesiae
1585 339 1740 466 presbyteri
1758 340 1851 422 cardi·

160 441 221 482 mus
235 435 350 480 numero
373 419 415 486 15,
431 417 466 474 ιθ
480 427 508 476 ιι
527 417 571 474 23.
1024 418 1094 474 nalis
1109 425 1137 473 et
1151 415 1307 473 cancellarii
1323 411 1456 493 gerentis,
1472 417 1585 493 quarto·
1603 409 1655 492 ilus
1675 411 1848 494 Novembris,

195 497 237 552 ιιι.
264 493 360 550 Utrum
379 505 444 548 vero
468 489 610 546 Eribertus
633 485 680 546 ille
704 485 931 560 archiepiscopus
958 487 982 558 ia
1023 489 1175 545 indictione
1190 495 1277 552 sexta,
1294 485 1496 564 incarnationis
1509 483 1658 564 Dominictc
1673 480 1852 563 auno-milie-

159 581 202 624 me
222 563 320 622 solitus
344 561 476 634 appellari
505 563 597 630 potins
620 556 774 630 aribertus)
804 574 862 616 cam
888 574 982 616 revera
1023 561 1092 616 simo
1117 557 1268 616 centesimo
1287 556 1519 636 quinquagesimo
1531 559 1659 622 septimo,
1674 551 1853 634 pontificatus

160 651 273 695 uxorem
293 634 430 702 babuerit,
446 645 526 702 qnam
541 628 711 687 Gualvancus
725 627 845 698 dicebat,
864 643 915 688 nec
930 631 983 688 boc
1023 645 1092 688 vero
1103 627 1196 686 domui
1207 625 1320 686 Adriani
1336 640 1415 696 papae
1430 633 1520 707 quarti
1535 637 1609 680 anno
1624 631 1718 706 tertio.
1728 641 1746 705 ¹ii
1761 623 1853 704 Septi·

160 706 272 779 quidem
287 707 353 762 mibi
368 717 462 761 rerum
478 708 525 757 aut
543 699 690 757 verisimile
704 701 791 756 videri
806 709 906 771 potest.
923 703 984 757 ilri-
1023 715 1096 758 mum
1112 698 1296 756 estFrldcrici
1311 697 1487 767 imperatoris
1497 695 1646 750 AEnobarbi
1666 695 1852 764 privilegium,

160 780 257 837 bcrtus
273 777 399 834 nimirum
418 773 464 830 ilie
487 771 520 827 ad
543 766 672 829 Ecclesiae
686 770 898 829 mediolanensis
913 771 984 844 regi·
1023 775 1061 828 ita
1086 771 1205 842 denique
1228 767 1442 838 subscriptum:
1469 784 1483 816 n
1508 765 1564 848 ligo
1589 764 1755 849 l'ridericus,
1771 764 1852 821 Colo·

160 865 223 908 men
243 855 354 906 evectus
381 851 423 902 cst
450 857 523 900 anuo
556 841 663 900 Domini
695 857 778 913 supra
806 843 982 901 millesimum
1024 843 1130 900 niensis
1149 841 1387 910 archiepiscopus,
1407 845 1435 895 ιι
1459 835 1546 918 italici
1571 850 1648 907 regni
1665 833 1854 918 archicancel-

161 923 269 978 decimo
285 931 369 983 nono,
385 921 413 972 et
435 915 463 971 ιι
482 927 516 970 ιο
536 913 719 983 ιιιιιιιιιιιι
733 927 819 986 usque
834 915 868 970 ad
883 928 983 972 atinum
1025 912 1119 982 larius,
1137 905 1295 982 recognovi,
1312 922 1385 966 anuo
1409 903 1559 964 Dominicoe
1574 907 1774 988 incarnationis
1789 903 1854 962 mii·

161 999 257 1064 postea
270 983 507 1060 quadragesimum
523 993 641 1050 sextum,
657 979 729 1042 sicut
745 999 796 1056 ego
817 985 845 1040 ιι
863 986 984 1042 ilmbro-
1025 983 1121 1040 lesimo
1142 983 1294 1040 centesimo
1337 979 1545 1068 ιιιιιιιιιιιιιΙ
1569 985 1676 1046 octavo,
1698 975 1854 1062 indictione

160 1063 245 1118 sianae
269 1058 389 1116 basilicae
412 1071 444 1112 ac
469 1057 628 1112 monasterii
649 1055 833 1112 monumentis
858 1070 982 1112 commc-
1024 1057 1151 1126 septima,
1168 1060 1300 1125 regnanto
1317 997 1419 1108 florino
1435 1046 1582 1106 brederico
1597 1046 1784 1133 Romanorum
1799 1063 1854 1130 im·

92 1177 98 1182 .
160 1133 237 1198 mini,
259 1143 372 1186 numero
386 1125 438 1182 213
453 1133 481 1182 et
495 1123 557 1180 246.
574 1125 676 1182 Dodem
692 1141 755 1184 iero
769 1122 844 1183 iliius
859 1135 984 1197 tempore
1025 1133 1153 1198 peratore
1173 1123 1383 1196 gloriosissimo,
1399 1134 1471 1176 anno
1492 1117 1570 1192 regni
1586 1134 1645 1188 epis
1660 1127 1790 1202 septimo.
1805 1134 1855 1202 iiii·

161 1201 288 1260 vivobant
316 1201 397 1256 ctiam
422 1197 523 1254 Rerum
552 1193 794 1252 liediolanonsium
817 1198 983 1268 scriptores,
1026 1197 1096 1268 perii
1110 1211 1175 1254 iero
1191 1203 1300 1278 quarto,
1313 1191 1441 1250 ieliclter.
1453 1193 1549 1248 liincu.
1566 1191 1661 1272 Datum
1678 1205 1705 1246 m
1719 1189 1856 1246 Runcalia

160 1270 318 1342 nrnnlpbus
332 1277 360 1327 et
374 1267 551 1339 landulphus
565 1267 835 1339 senionsaepissime
851 1269 985 1324 hactenus
1025 1269 1133 1325 decimo
1158 1275 1256 1338 quinto
1280 1261 1416 1322 Kalendas
1436 1262 1605 1344 Decembris.
1619 1281 1643 1344 'D
1667 1263 1797 1318 Octavum
1827 1267 1858 1318 ei

160 1345 276 1401 anobis
299 1343 327 1398 iti
356 1341 544 1398 testimoninm
574 1339 711 1412 producti.
741 1339 868 1410 Eiusdem
901 1341 986 1410 igitur
1026 1347 1193 1410 postremum
1219 1343 1261 1394 est
1284 1330 1431 1392 Alexandri
1453 1347 1531 1404 papae
1556 1330 1739 1403 privilegium,
1759 1331 1857 1388 datum

160 1412 363 1483 archiepiscopi
378 1417 454 1494 gesta
473 1409 629 1466 luculenter
642 1410 723 1466 aiubo
743 1416 771 1466 et
790 1411 904 1479 copiose
927 1409 985 1466 suis
1025 1411 1142 1467 Saponis
1155 1424 1204 1479 per
1214 1421 1322 1466 manum
1334 1404 1492 1470 llermanni,
1504 1411 1607 1460 sanctae
1619 1405 1748 1459 Romanae
1760 1403 1858 1484 Eccle-

160 1485 289 1544 Historiis
312 1497 389 1540 consi
410 1487 529 1548 narunt,
555 1495 645 1552 ireque
666 1489 754 1536 tameo
781 1483 874 1536 uxoris
899 1479 983 1548 iliius,
1026 1483 1074 1538 siae
1089 1477 1252 1536 subdiaconi
1268 1485 1295 1534 et
1310 1477 1422 1543 notarii,
1438 1471 1561 1530 secundo
1577 1488 1665 1556 nonas
1679 1474 1855 1556 lloyembris,

160 1571 242 1627 quam
265 1555 367 1626 prresul
387 1498 433 1608 ilie
453 1559 518 1608 tnnc
533 1547 658 1618 baberet,
675 1554 842 1610 mentionem
858 1551 985 1608 lecerunt
1027 1545 1179 1611 indictione
1194 1549 1394 1614 decimitertia,
1406 1545 1606 1602 incarnationis
1620 1543 1769 1627 Dominicis
1780 1557 1857 1600 anuo

160 1627 262 1693 ullam,
279 1639 360 1696 quam
373 1631 463 1680 tamen
477 1631 579 1679 cetero
594 1620 640 1692 qui
656 1619 747 1679 iacere
762 1623 932 1688 debuissent,
952 1627 982 1678 ut
1027 1619 1171 1680 millesimo
1191 1621 1342 1678 centesimo
1361 1619 1531 1688 sexagesimo
1551 1621 1662 1685 quarto,
1679 1615 1858 1684 pontiiicatue

161 1703 306 1768 appareret
328 1693 422 1764 quanti
446 1693 527 1750 otiam
552 1690 678 1764 presulis
700 1693 853 1763 exemplum
879 1679 1092 1764 seque-Brero
1107 1691 1201 1750 domui
1215 1687 1362 1748 Alexandri
1384 1701 1462 1758 papae
1481 1687 1556 1743 tertii
1571 1700 1643 1770 aritio
1658 1685 1858 1768 serioraQui

162 1775 258 1825 rentur
272 1763 379 1822 uxorati
396 1779 445 1835 per
459 1779 491 1820 ea
506 1774 629 1832 tempora
643 1765 812 1830 sacerdotes,
826 1765 927 1848 quibus
944 1758 984 1820 1111
1028 1765 1179 1833 caeteroqui
1207 1770 1332 1832 tempore
1360 1759 1519 1830 iborretque
1548 1771 1656 1840 animus
1684 1755 1856 1840 meminisse}

163 1839 244 1896 unice
269 1836 404 1904 latebant,
431 1842 460 1890 ut
479 1849 553 1904 saepe
566 1835 622 1903 jam
637 1833 765 1891 diximus.
781 1837 818 1890 De
833 1835 881 1891 illo
894 1841 985 1890 autem
1027 1835 1197 1892 nobilissima
1216 1834 1313 1890 civitas
1329 1832 1398 1902 ,ιιι
1418 1838 1523 1895 nostra,
1545 1827 1729 1884 miserandum
1745 1841 1773 1884 ιι
1796 1841 1857 1884 ιιι·

162 1910 253 1967 Sancti
269 1904 391 1978 Dionysii
406 1903 748 1976 monasterioitrnuipbus
763 1905 835 1962 libro
850 1906 984 1972 secundo,
1026 1907 1091 1964 dum
1118 1902 1153 1962 ab
1179 1907 1297 1974 ipsomet
1326 1903 1493 1972 imperatore
1522 1899 1663 1956 ruderico
1693 1897 1856 1956 AEnobarbo

163 1981 253 2050 capite
273 1977 429 2045 undecimo,
455 1975 514 2032 baec
534 1981 638 2031 mnium
659 1995 666 2030 e
692 1975 818 2047 Sepultus
841 1982 880 2032 cat
899 1980 986 2032 cutem
1026 1977 1127 2042 diruta,
1143 1977 1255 2045 suisque
1271 1973 1376 2030 civibus
1396 1967 1473 2028 abire
1493 1971 1597 2026 coactis
1611 1968 1738 2039 spoliala,
1754 1984 1857 2025 secun·
1966 2010 1971 2018 .

179 2049 333 2120 eribertus)
359 2047 395 2104 cd
419 2047 544 2104 Sanctum
562 2046 716 2118 Dionpsium
746 2045 790 2102 ubi
808 2045 986 2117 elepooeiun-
1027 2047 1091 2104 dnm
1111 2047 1162 2102 'em
1186 2059 1286 2102 annum
1308 2043 1428 2115 iacebat.
1452 2043 1484 2098 lu
1507 2040 1552 2096 liis
1574 2041 1659 2112 igitur
1677 2040 1808 2096 omnibns
1828 2047 1858 2094 et

182 2123 273 2178 averet
296 2119 352 2191 ipae
374 2119 567 2174 iuonoeteiium.
590 2087 766 2187 tanoitpiius
784 2126 875 2174 autem
891 2119 988 2174 ilisto-
1026 2119 1106 2190 sinpu
1119 2119 1142 2173 ιι
1157 2115 1317 2188 privilegiis,
1338 2111 1428 2172 eidem
1447 2113 1615 2168 monasterio
1630 2113 1782 2194 concessis,
1799 2125 1859 2193 om·
1877 2111 1884 2127 '

163 2194 266 2249 riarum
281 2204 391 2246 suarum
407 2185 478 2245 libro
493 2185 626 2252 secundo,
644 2194 821 2258 posteaquem
837 2203 887 2258 per
901 2188 986 2244 muita
1027 2189 1072 2246 uia
1093 2189 1253 2259 singillatim
1269 2191 1464 2244 enumerantur
1479 2185 1539 2254 ejus
1554 2181 1658 2252 praedia
1673 2189 1702 2238 et
1716 2183 1789 2238 bona
1806 2197 1859 2238 im·

163 2263 254 2334 capita
278 2262 313 2317 de
329 2260 421 2386 gestis
450 2261 509 2328 eius
537 2252 739 2338 archiepiscopi
765 2259 919 2328 scripsisse,
946 2260 987 2328 sic
1028 2259 1160 2326 mobilia;
1177 2261 1243 2329 quin
1264 2257 1397 2340 etiamid.
1413 2260 1523 2324 quarto,
1539 2253 1648 2337 quinto,
1664 2259 1752 2318 scito,
1768 2259 1798 2310 et
1810 2267 1858 2310 oc-

164 2333 244 2390 etiam
256 2333 326 2388 tradi
349 2332 369 2386 it
383 2345 415 2386 ca
436 2329 473 2385 ite
487 2329 541 2384 32:
555 2347 568 2380 o
580 2326 613 2385 lii
636 2329 703 2386 ravit
715 2331 788 2398 cuim
799 2331 895 2386 beatus
905 2329 987 2400 (tanti
1027 2339 1089 2388 taio
1106 2331 1267 2386 nominatim
1282 2329 1447 2398 exprimitur
1467 2343 1482 2378 c
1501 2327 1611 2380 Decima
1629 2331 1776 2390 terrarum,
1792 2338 1858 2393 quie

165 2419 226 2460 eum
242 2403 287 2460 liic
301 2406 397 2458 auctor
412 2345 538 2470 berconi
554 2344 717 2456 iieriffiertus
731 2399 764 2456 ad
780 2403 925 2457 Dominum
939 2401 987 2456 de·
1028 2407 1093 2458 siint
1118 2403 1195 2470 juxta
1228 2401 1317 2470 ipsum
1346 2395 1563 2480 monasterium
1594 2414 1608 2448 ι
1642 2408 1731 2478 neque
1761 2399 1858 2452 ιιιιιι

165 2475 236 2532 ιιιο
251 2474 368 2544 septimo
390 2469 526 2526 lialcndas
541 2469 693 2533 Februarii,
709 2471 855 2527 millesimo
870 2472 988 2540 quadra·
1029 2486 1148 2541 unquam
1163 2472 1303 2528 nominata
1313 2469 1355 2525 ιιι
1371 2469 1546 2538 aliquatenus
1560 2467 1641 2522 aliter
1655 2465 1775 2522 iudicata
1790 2479 1859 2522 coii-

164 2546 269 2616 gesimo
293 2545 400 2614 quinto,
426 2548 454 2597 et
477 2539 602 2610 sepultus
624 2548 667 2596 est
690 2541 724 2598 ad
739 2543 868 2598 &ocium
884 2543 987 2611 Diony·
1028 2543 1146 2612 spicitur
1163 2545 1242 2598 vinea
1257 2542 1314 2607 illa,
1332 2539 1435 2596 liserlae
1450 2539 1561 2594 nomine
1576 2537 1702 2608 insignis.
1721 2538 1857 2604 Quocirca

165 2617 254 2680 sium;
275 2615 354 2683 cujus
376 2611 570 2668 llonasterium
593 2617 621 2666 et
644 2613 788 2670 ecclesiam
807 2614 867 2682 ipsc
886 2613 920 2668 ad
939 2612 988 2668 Dei
1030 2627 1064 2670 ue
1080 2613 1113 2668 ad
1129 2613 1197 2670 iliud
1213 2613 1324 2683 quidem
1344 2624 1433 2738 usque
1448 2617 1557 2678 tempus
1575 2622 1606 2666 ca
1621 2608 1732 2688 ridetur
1747 2608 1776 2664 ιι
1796 2609 1859 2677 eius

165 2687 298 2743 honorem
323 2691 352 2740 et
373 2681 446 2739 beati
469 2681 591 2754 Dionysii
608 2683 731 2738 exaltans
753 2684 944 2754 inaqoilicarit,
961 2687 990 2738 et
1030 2691 1167 2755 potestate
1195 2681 1356 2740 monasterii
1391 2681 1474 2748 uisse,
1498 2687 1581 2762 atque
1604 2679 1674 2736 adeo
1698 2693 1733 2736 ne
1754 2677 1859 2736 donata

165 2756 259 2814 multis
273 2753 386 2825 prediis
405 2751 552 2823 multisque
575 2753 729 2812 honoribus
747 2769 807 2812 eam
831 2753 945 2810 ditando
961 2759 989 2809 et
1030 2755 1141 2825 quidem
1158 2755 1192 2810 ab
1209 2756 1314 2822 Useria,
1335 2766 1398 2822 quae
1421 2751 1541 2810 eriberti
1565 2757 1638 2808 essct
1652 2749 1857 2820 archiepiscopi

164 2826 328 2884 honorando
347 2823 545 2882 sublimavit.»
570 2822 652 2880 llulta
672 2838 738 2882 voro
762 2826 844 2882 etiam
859 2839 910 2896 ogo
929 2838 990 2894 ipse
1030 2840 1108 2884 uxor.
1136 2825 1205 2882 lllud
1226 2826 1308 2882 etiam
1332 2824 1376 2880 iiis
1400 2822 1507 2878 accedit
1530 2821 1605 2891 quod
1630 2834 1720 2891 nequo
1743 2828 1858 2877 sanctus

165 2897 307 2970 legiquiu
323 2898 403 2952 etiam
419 2894 563 2964 exscripsi,
580 2891 690 2966 publica
704 2902 732 2952 et
746 2897 903 2953 authentica
918 2897 991 2964 ejus-
1029 2892 1157 2953 itriaidus
1180 2910 1270 2965 neque
1294 2895 1364 2952 alius
1387 2893 1523 2963 quispiam
1552 2907 1585 2948 eii
1613 2893 1673 2961 ejus
1699 2889 1856 2949 leuioribus

165 2968 228 3024 dem
252 2967 411 3023 monasterii
434 2967 618 3031 documenta,
644 2967 745 3034 quibus
771 2980 786 3020 a
816 2967 902 3037 prima
928 2967 1145 3058 ojusuusquiui
1165 2967 1265 3038 legitur
1284 2967 1357 3022 inter
1376 2966 1532 3021 innumeras
1547 2963 1581 3020 de
1595 2962 1770 3020 sacerdotum
1785 2975 1858 3020 cou-

166 3038 339 3095 institutione
366 3037 460 3106 (quam
474 3033 604 3104 vigesimo
619 3037 702 3092 tertio
717 3049 800 3104 supra
815 3036 988 3092 millesimum
1028 3039 1113 3109 logiis
1127 3037 1313 3122 querimonias
1335 3035 1439 3106 aliquid
1464 3048 1582 3104 unquam
1606 3033 1729 3090 innuisse
1748 3033 1784 3090 de
1803 3047 1859 3090 ma·

166 3123 239 3165 anuo
253 3107 353 3164 Cbristi
369 3103 559 3186 adiudicabam
575 3105 602 3160 in
615 3107 803 3164 Ambrosianus
819 3107 941 3162 basilicae
956 3121 989 3164 ac
1031 3111 1172 3175 trimonio,
1196 3122 1252 3177 quo
1275 3107 1375 3178 aiiqiiis
1399 3120 1433 3162 eii
1451 3105 1668 3175 archiepiscopis
1687 3105 1791 3160 ιιιιιιι
1809 3105 1859 3162 ιιι·

167 3177 327 3236 monasterii
341 3181 534 3240 monumentis,
555 3189 669 3231 numero
693 3175 759 3246 228)
783 3192 869 3248 usque
889 3176 922 3233 ad
943 3191 991 3232 an·
1031 3180 1142 3250 quondo
1174 3179 1296 3250 illigatus
1328 3177 1434 3240 luisset.
1459 3177 1642 3232 Attoudantnr
1669 3189 1736 3232 roro
1769 3176 1855 3232 etiarn

168 3263 232 3306 num
252 3245 328 3314 1164,
344 3246 403 3304 siris
417 3260 547 3316 expressa
559 3247 699 3302 vocabulis
711 3248 871 3318 singiliatim
881 3261 992 3304 enume·
1033 3250 1209 3321 corruptela,
1225 3264 1293 3320 quas
1307 3262 1322 3304 ι
1337 3247 1534 3304 llediolanensi
1548 3247 1671 3303 Dcclosia
1685 3246 1786 3302 tollere
1800 3255 1860 3302 stii-

167 3328 264 3377 rantur
278 3317 369 3376 omnia
385 3317 444 3387 ejus
467 3313 538 3372 bona
562 3315 724 3384 immobilia,
738 3333 827 3388 neque
847 3325 937 3376 tammi
957 3320 992 3375 iis
1032 3321 1130 3378 dorent
1154 3322 1235 3392 iegati
1262 3319 1417 3389 apostolici,
1443 3319 1498 3375 linc
1521 3317 1612 3382 missi,
1638 3331 1670 3372 ac
1694 3319 1858 3374 nominatim

167 3398 390 3448 connumeratam
420 3401 538 3457 unquam
563 3387 618 3444 vidi
644 3392 697 3444 tarn
722 3390 887 3462 singularem
917 3389 991 3446 illem
1032 3394 1130 3448 Petrus
1145 3391 1264 3448 Damiani
1280 3389 1428 3446 cardinalis
1442 3395 1470 3446 et
1482 3389 1627 3445 anselmus
1641 3387 1790 3457 episcopus
1804 3389 1859 3446 Lu·

166 3463 284 3525 vineam,
300 3459 413 3531 propriu
429 3459 531 3516 liseria
545 3457 655 3514 nomine
670 3459 920 3531 appellatamque
935 3475 994 3516 mo·
1033 3463 1134 3528 censis,
1159 3464 1193 3519 do
1217 3463 1318 3534 quibos
1337 3461 1490 3531 praesertim
1515 3460 1618 3516 dictum
1642 3466 1685 3514 est
1707 3459 1857 3528 praeseutia

168 3533 289 3590 nasterio
313 3531 402 3588 cidem
422 3531 551 3600 contigua
575 3523 658 3586 luisse
677 3533 853 3600 supponitur,
874 3546 991 3603 quaeque
1034 3535 1097 3590 iibri
1120 3535 1213 3601 Quarti
1240 3533 1329 3603 capite
1351 3532 1469 3588 decimo.
1499 3532 1545 3588 Ere
1570 3528 1694 3600 proiecto
1717 3543 1772 3586 non
1796 3531 1861 3586 alim

168 3611 316 3674 propterea
331 3603 412 3658 etiam
436 3615 469 3658 eo
495 3599 580 3684 magis
599 3603 821 3658 connumerando
836 3603 990 3670 ridebatur,
1034 3606 1208 3662 invenientur
1227 3619 1298 3671 esse,
1322 3617 1404 3673 quam
1427 3603 1548 3658 simonia
1563 3603 1650 3672 [cujus
1669 3606 1698 3656 ιι
1721 3601 1861 3670 archicpi-

167 3675 191 3730 si
212 3677 267 3746 jam
292 3682 349 3730 tum
373 3671 469 3730 inisset
484 3669 511 3726 ιι
527 3686 587 3739 epus
602 3679 747 3742 potestate.
768 3674 893 3730 Nondum
910 3674 993 3744 igitur
1033 3689 1135 3745 scopus
1157 3683 1185 3732 et
1207 3676 1298 3732 cleros
1322 3681 1380 3729 erat
1404 3673 1475 3744 reus]
1504 3685 1640 3742 quamque
1669 3671 1861 3728 ministrorum

168 3745 269 3803 donata
292 3743 331 3800 illi
352 3741 440 3801 lucrat
459 3743 519 3798 liaec
542 3744 630 3811 vinea,
652 3743 822 3813 proindeque
842 3759 876 3802 ne
892 3744 993 3800 donata
1034 3747 1243 3816 archiepiscopo
1267 3743 1427 3801 inleriorum
1447 3743 1656 3800 incontinentia.
1677 3743 1862 3810 Quamobrem

168 3813 280 3887 quidem
295 3813 336 3871 illi
350 3812 402 3871 init
416 3829 431 3870 a
447 3813 561 3869 muliere
577 3828 639 3884 quic
654 3814 856 3884 archiepiscopi
867 3815 993 3884 eluslri·
1034 3817 1261 3888 arcnicpiscopus
1275 3818 1355 3872 etiam
1371 3815 1430 3886 ipse
1445 3815 1532 3870 Guido
1547 3815 1644 3871 eodem
1659 3813 1707 3871 iiio
1722 3814 1814 3884 capite
1827 3813 1862 3868 ili

169 3886 241 3944 berti
257 3901 326 3942 iiiior
340 3891 423 3942 ιιιιι.
440 3881 582 3953 Ejusmodi
596 3898 662 3942 vero
681 3886 848 3942 documenta
864 3885 941 3951 mibi,
958 3885 993 3942 de
1034 3889 1074 3944 sic
1103 3887 1184 3944 etiam
1205 3887 1382 3958 promittebat
1406 3899 1521 3942 numero
1543 3883 1601 3942 at:
1624 3903 1639 3937 ι
1660 3885 1862 3942 nicolaitarum

169 3957 223 4013 fide
248 3971 307 4012 mea
330 3955 383 4010 sibi
406 3954 566 4025 iamdudum
586 3964 726 4025 comperta
742 3957 923 4022 certissimus,
944 3969 993 4012 an·
1034 3972 1145 4030 quoque
1159 3959 1286 4016 haeresim
1303 3956 1388 4014 nibiio
1404 3957 1495 4012 minus
1509 3956 1743 4022 condemuamns;
1759 3964 1788 4012 et
1804 3969 1861 4012 non

169 4041 206 4084 no
242 4026 329 4092 1642,
363 4040 397 4082 ex
429 4027 489 4096 ejus
521 4025 638 4081 abbatiae
667 4026 779 4084 arcblvo
811 4026 995 4085 commodavit
1035 4029 1118 4085 modo
1139 4030 1326 4101 presbyteros,
1351 4028 1399 4084 scd
1419 4035 1447 4084 ct
1470 4026 1614 4093 diaconos,
1630 4033 1658 4083 ιι
1671 4027 1863 4084 subdiaconos

170 4095 378 4156 eminentissimi
407 4094 555 4153 cardinalis
577 4098 688 4154 Antonii
718 4099 859 4154 barberini
886 4098 995 4156 abbatis
1034 4101 1069 4156 ab
1084 4114 1198 4156 nicrum
1219 4101 1259 4156 ιιι
1276 4099 1490 4155 concubinarum
1510 4095 1583 4154 ioedo
1599 4100 1741 4156 consortio
1755 4099 1863 4156 nostris

170 4167 397 4227 commendatarii
413 4172 478 4223 tunc
492 4176 667 4238 procurator,
683 4169 840 4226 Βιιιιιιιιι
853 4169 993 4234 Βιιιιιιι,
1034 4171 1144 4237 studiis,
1161 4172 1188 4227 ιι
1208 4177 1339 4240 ιιιιιιι
1354 4170 1524 4240 possibilitas
1542 4170 1623 4228 nobis
1638 4168 1730 4236 luerit,
1747 4169 1800 4226 sub
1815 4183 1864 4226 eo-

169 4241 357 4298 Ambrosianre
381 4239 503 4296 basilicae
524 4239 690 4306 canonicus,
720 4242 799 4310 cujus
827 4241 994 4296 mentionem
1035 4243 1107 4308 dem,
1127 4256 1182 4312 quo
1202 4256 1296 4311 supra,
1316 4241 1474 4298 testimonio
1496 4241 1633 4298 arcendos
1651 4255 1712 4298 esse
1740 4243 1864 4311 promit·

170 4310 303 4368 faciebam
317 4311 346 4366 in
361 4309 483 4380 ejusdem
498 4304 619 4368 basilica
633 4311 821 4368 umbrosiane
836 4312 1127 4370 monumenlitimus.
1160 4334 1173 4364 i
1203 4313 1325 4382 Denique
1352 4326 1417 4370 vero
1443 4311 1566 4370 dicamus
1594 4311 1676 4368 etiam
1704 4311 1740 4368 de
1772 4314 1863 4368 sacris

171 4385 217 4450 tis,
231 4396 345 4440 numero
357 4379 421 4446 280,
437 4387 465 4438 ιι
484 4395 579 4437 rursus
593 4383 621 4437 in
637 4381 831 4438 dissertatione
844 4381 896 4438 ioci
911 4383 995 4438 liuza·
1036 4385 1167 4442 Ecclesiae
1191 4383 1382 4441 ilcdioianciis
1403 4383 1547 4450 ministris,
1567 4384 1615 4454 qni
1640 4397 1689 4452 per
1711 4383 1771 4439 brec
1792 4391 1863 4440 tem·

170 4455 257 4520 riaua,
274 4454 363 4580 cogite
382 4448 442 4518 lot,
458 4465 573 4508 numero
595 4449 636 4507 ia.
661 4457 699 4508 iic
713 4453 766 4508 trla
781 4453 892 4522 quidem
908 4453 995 4522 prima
1037 4470 1104 4527 pora
1126 4469 1226 4512 uxores
1249 4455 1391 4519 baberent,
1413 4467 1468 4510 non
1483 4454 1564 4510 iliter
1582 4454 1757 4510 sentiendum
1771 4455 1863 4510 videri

171 4525 282 4596 generis
329 4525 391 4592 ujus
417 4522 583 4580 documenta
610 4536 662 4594 ego
681 4523 716 4578 ad
735 4524 848 4581 verbum
871 4525 995 4580 recitabo
1036 4540 1117 4598 quam
1136 4525 1288 4584 secundnm
1310 4540 1357 4582 ees
1374 4527 1484 4596 generis
1507 4525 1589 4595 nujus
1612 4525 1698 4595 leges,
1722 4539 1787 4594 ιιιι
1810 4539 1863 4594 ιιι

171 4597 261 4667 capite
285 4594 463 4664 subsequenti
485 4609 492 4644 ι
520 4594 625 4664 reliqua
648 4607 713 4650 iero
737 4602 801 4652 sunt
824 4595 993 4664 hujusmodi.
1035 4597 1132 4656 eadem
1162 4597 1265 4668 pariter
1292 4603 1417 4666 tempora
1440 4598 1467 4652 ιι
1497 4611 1548 4652 ιιι
1576 4596 1759 4652 communiter
1786 4595 1861 4665 apud

170 4668 300 4735 Quartum
316 4679 413 4738 nempe
426 4671 473 4722 est
484 4665 578 4721 oberti
593 4663 794 4736 archiepiscopi
810 4666 897 4723 nostri
915 4666 994 4736 priri-
1035 4673 1146 4728 Graecos
1169 4677 1272 4736 essent,
1297 4668 1369 4737 apud
1394 4681 1465 4737 quos
1486 4673 1576 4724 ιιιιι
1591 4667 1726 4724 sancitum
1742 4673 1813 4734 eret,
1833 4673 1863 4724 et

172 4738 292 4808 legium,
317 4735 406 4793 eidem
430 4731 597 4794 monasterio
612 4749 772 4792 concessum
789 4755 803 4789 o
819 4751 891 4794 anno
908 4737 994 4793 Doini·
1035 4739 1232 4796 inviolabiliter
1255 4739 1423 4805 servabatur,
1450 4743 1480 4793 ιι
1500 4737 1624 4808 ιιιιιοιι
1650 4752 1704 4794 ιιι
1724 4737 1863 4794 biberent

172 4810 242 4866 nicee
257 4807 994 4878 iucarnationismillesimocentesimoquadragesimo
1036 4824 1136 4868 litores
1154 4811 1255 4880 quibus
1278 4810 1373 4878 utique
1395 4808 1607 4875 cohabitarent;
1628 4808 1862 4878 quemadmodum

171 4887 260 4947 scito,
277 4893 370 4934 mense
384 4878 521 4944 Octobris,
539 4877 689 4936 indictione
704 4879 820 4936 decima.
836 4880 994 4947 »Quintum
1035 4882 1207 4952 apertissime
1223 4881 1413 4950 testetumjam
1429 4880 1547 4936 vidimus
1566 4891 1681 4936 numero
1695 4879 1741 4946 24,
1757 4880 1863 4950 quibos

171 4957 213 5008 est
227 4949 398 5022 priuilegium
419 4949 508 5006 eidem
524 4948 627 5019 pariter
641 4951 808 5006 monasterio
823 4951 856 5006 ab
872 4951 994 5021 Eugenio
1035 4953 1117 5009 etiam
1127 4967 1160 5008 ea
1170 4952 1347 5009 consentiunt
1361 4965 1423 5021 qum
1433 4950 1586 5008 videbimus
1601 4949 1671 5008 inira
1685 4965 1802 5008 numero
1812 4949 1860 5008 64.

170 5036 242 5150 Rapa
266 5035 447 5086 concessum,
473 5035 505 5076 ac
530 5039 544 5073 n
564 5019 655 5076 datum
672 5022 804 5077 Vercellis
819 5035 868 5090 per
884 5033 993 5078 manuni
1035 5025 1152 5092 Propter
1172 5023 1231 5080 htec
1255 5023 1339 5094 igitur
1364 5024 1516 5092 praesertim
1540 5030 1700 5094 argumenta
1718 5035 1771 5092 ego
1793 5036 1861 5078 sane

193 5091 322 5160 uiduois,
347 5100 449 5148 sauctae
469 5091 598 5148 Domana
624 5091 754 5149 Ecclesia
773 5091 883 5148 diaconi
903 5092 995 5148 cordi·
1035 5094 1134 5151 adduci
1149 5108 1204 5150 non
1221 5107 1342 5164 possum,
1358 5099 1388 5150 iit
1401 5095 1556 5150 Guaivinco
1572 5095 1627 5163 iqui
1643 5099 1705 5164 post
1720 5093 1861 5150 ducentos

171 5164 242 5220 naiis
265 5171 293 5220 et
315 5163 484 5229 cancellarii,
501 5163 597 5232 quinto
620 5176 707 5220 nonas
727 5163 825 5226 liertii,
841 5161 993 5221 indictione
1035 5165 1233 5236 quinquaqinta
1248 5172 1276 5221 et
1290 5165 1407 5232 amplius
1421 5165 1455 5220 ab
1470 5165 1591 5220 Ariberti
1610 5165 1687 5222 obitu
1704 5177 1795 5221 anuos
1810 5165 1862 5220 iio·

160 5235 287 5302 decima,
304 5233 503 5292 incarnationis
518 5232 666 5289 Dominicae
684 5247 756 5291 anno
772 5233 916 5290 millesimo
932 5247 995 5291 cen·
1034 5237 1097 5304 ruiti
1122 5236 1252 5303 credam,
1280 5235 1354 5305 qnod
1377 5235 1437 5290 sinc
1463 5235 1520 5290 ulio
1549 5243 1662 5292 anctore
1692 5233 1859 5298 ailirmabat,

171 5307 270 5362 tesimo
295 5305 504 5378 quadragesimo
523 5311 612 5371 seito,
629 5305 804 5374 pontiilcatus
819 5319 884 5361 uero
899 5305 993 5360 domni
1034 5307 1270 5377 arcliiepiscopum
1295 5306 1371 5362 iilum
1395 5312 1520 5362 nostrum
1543 5306 1671 5362 babuisse
1691 5318 1806 5362 uxorem
1821 5306 1857 5361 il-

171 5377 286 5448 Dugenii
300 5377 376 5434 tertii
391 5391 468 5446 pilpae
483 5389 556 5434 anno
572 5377 665 5432 tertio.
679 5396 692 5426 i
704 5377 814 5432 Sextum
829 5382 871 5431 est
880 5374 993 5432 Adriani
1034 5377 1108 5442 iamt
1137 5393 1191 5448 qua
1214 5377 1322 5434 scilicet
1346 5377 1455 5434 iuterim
1482 5378 1521 5434 uti
1548 5378 1634 5446 possit
1657 5377 1705 5443 ita,
1726 5377 1862 5446 quemad·

170 5461 250 5576 Rape
267 5447 448 5518 privilegium,
466 5469 479 5499 ι
500 5449 596 5504 Datum
613 5447 738 5504 Laterani
759 5461 809 5517 per
827 5459 935 5502 menum
950 5445 994 5504 ill·
1035 5449 1145 5505 modum
1171 5454 1235 5505 trino
1262 5449 1395 5520 temporis
1422 5447 1582 5506 lectitabunt
1601 5446 1748 5506 inferiores
1776 5447 1861 5518 liujus

190 5517 360 5587 emissicii
374 5519 487 5577 Adriani
501 5517 611 5577 diaconi
626 5517 784 5589 cardinalia,
794 5517 883 5576 vicem
898 5517 993 5576 domui
1035 5521 1165 5578 Ecclesia
1180 5519 1308 5578 ministri.
