4036 6162
255 236 309 294 843
797 227 963 286 crunnum
982 225 1250 283 unbiouauaitffls
1268 217 1401 282 aaudiat
1897 221 1954 276 sii

254 362 363 432 balnea,
380 359 429 418 ubl
446 357 550 432 regins
568 357 764 427 imperatorum
788 365 889 411 uxores
907 351 1004 408 urbem
1025 351 1189 422 prodinus
1205 349 1333 415 consilio,
1353 349 1445 408 omnia
1463 364 1526 421 quae
1553 349 1682 408 diabolus
1709 364 1760 422 per
1788 361 1822 406 os
1850 347 1952 404 rustici

255 457 381 524 tempore
396 447 575 507 incolentium
595 444 627 478 ¹⁸⁸
644 443 771 501 scrnotim
794 457 809 499 a
833 440 962 499 masculis
990 441 1077 499 nitide
1118 439 1280 512 nequissimi
1303 439 1413 497 loeutus
1427 445 1478 506 est,
1499 440 1597 498 ordine
1611 440 1774 498 lambertus
1788 437 1951 508 complevit.

256 539 469 605 mundabantur,
494 540 522 592 et
542 534 677 592 universae
700 532 818 590 civitatis
842 529 999 598 multitudo,
1016 545 1078 587 cum
1118 532 1156 587 Ea
1184 535 1348 601 tempestate
1377 544 1439 586 cum
1467 530 1541 586 cives
1568 530 1742 587 obsidionem
1772 527 1952 586 durissimam

255 635 365 702 tempus
384 632 412 684 et
430 624 534 682 utilitas
557 622 692 694 exigebat,
722 620 756 678 ad
785 619 939 687 lavandum,
968 619 1035 675 viris
1062 635 1078 676 a
1118 621 1281 690 reintegrari
1310 619 1453 686 vidissent,
1483 625 1512 674 et
1530 619 1665 690 augustiis
1690 617 1810 675 diversis
1837 615 1950 686 repleti,

256 715 419 776 mulieribus
433 711 622 784 sequestratis,
634 709 730 766 sedule
745 710 957 766 concurrebant.
974 707 1077 764 Deinde
1119 708 1265 767 eonsilium
1298 710 1382 780 regis,
1407 709 1589 780 quadraginta
1620 708 1738 765 ducibus
1770 705 1950 763 validissimis

255 806 426 871 viridarium,
455 801 532 875 quasi
560 801 706 858 Paradisus
733 799 793 870 liei,
823 800 939 856 diversis
966 799 1079 855 insitum
1119 799 1299 856 sacramentis
1317 798 1436 854 civitatis
1454 798 1640 869 iutegritatem
1661 802 1689 854 et
1711 797 1814 854 ciuium
1838 796 1950 852 univer

256 896 403 954 arboribus
420 905 567 950 amoenum.
597 891 652 946 Nee
681 903 737 946 non
756 904 866 947 arenam
895 887 1033 960 lapidibus
1052 893 1080 942 et
1120 903 1214 945 sorum
1229 887 1446 944 incolumitatem
1462 887 1621 956 jurantibus
1639 885 1781 942 audissent
1801 889 1830 942 et
1852 883 1949 954 pavide

256 982 421 1058 magisteriis
451 981 567 1038 diversis
595 984 731 1046 ornatam,
760 980 789 1035 iu
808 994 860 1050 qua
891 979 976 1036 totius
994 977 1079 1033 ltaliae
1121 978 1318 1048 suscepissent,
1339 977 1472 1034 cordibus
1494 975 1605 1033 iliorum
1626 975 1666 1032 rei
1690 975 1837 1031 veritatem
1862 987 1952 1044 augu-

254 1075 356 1132 milites
374 1071 525 1129 consedere
546 1075 574 1127 et
592 1069 626 1125 ab
642 1082 697 1128 uuo
717 1075 827 1126 oratore
845 1067 941 1124 audire
961 1071 1080 1123 etcom·
1121 1068 1257 1133 rantibus,
1285 1070 1314 1122 ct
1346 1067 1506 1138 pravitatem
1534 1064 1628 1121 cordis
1655 1063 1779 1135 ejusdem
1810 1062 1951 1118 lamberti

254 1169 381 1236 patenter
399 1161 555 1232 intelligere
575 1163 698 1229 possent.
715 1158 785 1226 Quin
805 1157 886 1216 etiam
910 1156 997 1226 ipsam
1020 1169 1081 1210 am·
1121 1170 1176 1213 nou
1196 1155 1406 1224 intellexissent,
1428 1169 1495 1226 pace
1514 1159 1542 1210 et
1560 1155 1654 1225 quiete
1677 1152 1759 1221 avidi,
1785 1165 1887 1224 regom
1909 1153 1953 1206 Sa-

255 1253 410 1324 pliiicantes
447 1251 605 1318 civitatem,
639 1248 712 1304 ultra
744 1261 826 1318 quam
858 1247 981 1302 Senones
1012 1243 1080 1301 Galli
1120 1259 1222 1302 raceno
1237 1243 1405 1302 deteriorem
1424 1259 1486 1302 cum
1500 1244 1560 1300 suis
1574 1249 1604 1300 ut
1627 1244 1683 1301 cito
1706 1243 1828 1299 intraret
1849 1247 1881 1298 ei
1900 1240 1952 1296 eri-

254 1339 569 1409 lraediileaucraut-qui
581 1342 609 1394 et
619 1337 672 1406 ipsi
683 1337 796 1392 liumam
808 1343 910 1407 praeter
920 1333 1080 1407 capitolium
1122 1339 1174 1400 rot,
1190 1339 1221 1391 ut
1239 1334 1299 1403 ipse
1313 1334 1400 1390 sacris
1419 1333 1568 1406 evangeliis
1588 1334 1738 1403 juraverat,
1763 1329 1842 1388 malo
1863 1330 1951 1386 omine

254 1437 388 1504 ceperunt
403 1428 434 1460 ¹⁹⁹
447 1457 482 1470 ·-
496 1432 565 1498 quot
579 1425 639 1482 dies
654 1425 682 1480 iu
702 1437 785 1492 anno,
805 1430 848 1480 tot
867 1431 956 1480 turres
975 1422 1082 1479 densis·
1121 1430 1312 1495 susceperunt.
1337 1424 1461 1494 lienique
1480 1424 1553 1480 trina
1575 1429 1658 1479 nocte
1684 1426 1748 1493 post
1761 1421 1950 1493 egressionem

253 1519 336 1576 simas
364 1531 448 1589 opere
476 1514 574 1588 grandi
604 1513 777 1570 aediticaruut
806 1520 834 1570 ei
862 1513 1079 1585 compleverunt.
1122 1514 1217 1570 urbem
1237 1512 1384 1570 Mediolani
1408 1512 1573 1585 ingreditur,
1595 1511 1734 1583 aliquibus
1756 1510 1951 1581 proditoribus

179 1661 185 1682 ,
254 1610 391 1674 Praeterea
405 1619 490 1676 super
507 1619 556 1661 sex
576 1603 695 1661 civitatis
714 1607 809 1674 portas
823 1601 963 1658 domicilia
982 1602 1083 1658 altissi-
1122 1602 1223 1658 moenia
1251 1602 1370 1658 ciuitatis
1398 1600 1589 1674 frangentibus
1611 1603 1688 1672 juxta
1710 1599 1866 1657 ecclesiam
1895 1613 1950 1669 qna

254 1708 298 1750 ma
317 1699 345 1750 et
363 1692 492 1759 rotunda,
513 1705 545 1747 ac
564 1687 736 1761 anteportale
755 1688 917 1745 altissimum
945 1695 974 1745 et
996 1688 1207 1750 trien-Bmodo
1228 1691 1331 1749 dicitur
1357 1692 1446 1748 sancti
1474 1690 1591 1748 Andreae
1617 1690 1652 1747 ad
1680 1703 1790 1748 murum
1820 1695 1946 1759 ruptum

253 1781 349 1854 gulare
362 1795 446 1853 opere
456 1779 651 1836 decentissimo
665 1778 864 1845 baediicantes,
877 1793 938 1848 quae
950 1777 1078 1834 hostibus
1120 1782 1216 1852 sicque
1235 1787 1265 1837 ut
1293 1795 1342 1838 rer
1367 1782 1515 1852 iuraverat,
1544 1793 1600 1837 non
1619 1793 1669 1851 per
1696 1784 1809 1850 portam
1835 1779 1949 1834 civitatis

254 1869 407 1928 barbaricis
426 1869 504 1940 quasi
529 1875 626 1924 natura
645 1869 749 1924 munita
769 1867 912 1924 introitum
931 1867 1080 1924 contende·
1121 1871 1170 1927 sed
1204 1885 1255 1941 per
1281 1875 1423 1940 rupturam
1451 1870 1592 1942 ingressus
1618 1876 1670 1938 est,
1700 1872 1731 1925 ui
1755 1867 1948 1938 jusjurandm

255 1967 327 2028 rent,
348 1973 429 2032 agere
457 1961 627 2029 satagerunt.
657 1958 697 2013 Ob
716 1970 785 2027 quas
803 1970 900 2012 causas
927 1957 1080 2038 saepissime
1122 1960 1268 2016 observare
1287 1959 1438 2016 videretur.
1462 1961 1521 2027 Quo
1544 1958 1616 2016 lacto
1633 1957 1799 2015 lambertus
1820 1956 1950 2013 crudelis

254 2050 288 2106 ab
308 2049 411 2106 eisdem
430 2047 605 2120 postmodum
621 2046 743 2117 augustis
761 2044 930 2115 frequentari
950 2051 978 2101 et
996 2046 1081 2102 innoti
1121 2049 1217 2116 simus,
1231 2047 1285 2105 ilde
1300 2051 1400 2105 aclieo
1416 2049 1529 2116 oblitus,
1552 2047 1652 2120 gladiis
1676 2045 1832 2118 evaginatis
1858 2045 1949 2102 maium

256 2145 284 2197 et
298 2139 430 2196 lronorari
446 2137 541 2209 coepit,
556 2138 672 2192 maxime
686 2134 761 2206 quod
773 2141 845 2192 esset
857 2135 896 2191 ibi
906 2135 1081 2192 saluberrimi
1121 2144 1241 2210 stragem
1267 2137 1426 2194 immensam
1454 2144 1509 2194 tam
1538 2137 1712 2207 parvulorum
1739 2149 1826 2207 quam
1847 2149 1949 2204 senum

255 2229 327 2285 aeris
341 2227 482 2299 aptissima
497 2226 654 2298 temperies,
671 2224 804 2296 locusque
819 2222 853 2280 ad
871 2239 937 2282 usas
951 2224 1082 2282 domesti-
1122 2231 1177 2286 tam
1195 2230 1327 2298 juvenum
1354 2242 1436 2298 quam
1461 2226 1607 2296 infantum,
1626 2226 1707 2284 iuriis
1733 2225 1838 2298 plenus
1858 2225 1951 2283 daeno

255 2331 304 2376 eos
329 2316 561 2390 inrefragabiliter
584 2315 784 2388 paratissimus.
805 2316 881 2370 lianc
900 2315 993 2386 itaque
1012 2315 1081 2370 civi·
1123 2317 1243 2386 niorum,
1259 2315 1408 2372 inhumane
1423 2315 1510 2372 dedit.
1533 2316 1604 2384 Quin
1628 2316 1710 2372 etiam
1733 2315 1860 2372 civitatis
1884 2315 1952 2386 pala

256 2412 340 2463 tatem
373 2406 576 2479 perosissimam
600 2404 706 2462 itabens
724 2403 903 2476 impiissimus
921 2403 1083 2460 lambertus
1123 2407 1172 2474 tia,
1202 2413 1304 2473 turres,
1333 2409 1362 2462 et
1389 2407 1449 2476 ejus
1476 2405 1636 2477 municipia,
1670 2404 1821 2475 omniaque
1857 2405 1951 2460 civinn

256 2510 306 2552 rer
325 2494 549 2563 nefandissimus,
572 2493 688 2550 maxime
708 2494 773 2563 quia
796 2491 852 2548 dux
871 2491 1003 2562 ilduynus
1022 2491 1079 2564 (52)
1124 2493 1284 2561 munimina,
1300 2507 1363 2564 quae
1377 2492 1414 2549 ob
1433 2494 1551 2550 civitatis
1569 2492 1767 2550 munimentum
1787 2493 1884 2548 Brenn
1903 2491 1950 2546 dur

257 2586 344 2656 ipsam
359 2597 457 2655 regens
471 2584 610 2640 civitatem
629 2582 683 2638 sibi
703 2581 814 2636 minime
837 2579 955 2648 favebat,
971 2582 1083 2652 regibus
1123 2582 1263 2639 Gallorum
1295 2596 1327 2638 ac
1359 2583 1446 2639 Nerva
1465 2596 1498 2638 ac
1534 2583 1667 2654 Traianus
1703 2595 1736 2638 ac
1772 2581 1952 2638 Maximianus

258 2688 319 2732 cum
340 2674 428 2730 tribus
446 2687 478 2729 ac
498 2672 615 2729 ducibus
645 2670 739 2728 multis
766 2671 898 2738 Francis,
929 2671 1081 2738 sansoniae,
1127 2671 1248 2729 erudelis
1276 2676 1304 2728 et
1335 2671 1381 2728 alii
1414 2672 1595 2744 imperatores
1626 2677 1855 2739 construxerant,
1890 2670 1951 2726 mal-

257 2761 654 2829 Nurmandiaeacleuionicae,
669 2761 891 2817 acbarbarorum
907 2759 1083 2817 multitudine
1124 2762 1176 2819 leis
1194 2777 1226 2820 ac
1250 2762 1392 2833 manganis
1420 2761 1471 2834 (53)
1500 2762 1691 2820 destruebant.
1710 2761 1817 2818 Eodem
1848 2769 1879 2818 et
1896 2775 1953 2817 san

256 2851 461 2920 innumerabili,
482 2865 532 2922 per
550 2850 646 2907 decem
660 2863 759 2918 annos,
776 2849 869 2906 multis
888 2862 921 2904 ex
936 2849 994 2904 suis
1008 2849 1083 2904 duci·
1126 2860 1187 2909 ctus
1215 2853 1313 2908 beatus
1340 2857 1465 2922 tempore
1493 2852 1525 2883 ¹⁰¹
1552 2852 1722 2918 ambrosius,
1753 2849 1855 2908 videns
1884 2853 1952 2906 cives

256 2943 309 3000 bus
328 2946 356 2997 et
374 2939 508 2996 militibus
531 2945 559 2996 et
583 2939 724 3008 peditibus
747 2938 855 3009 sagittis
874 2951 906 2992 ac
925 2937 1008 2993 variis
1028 2944 1085 2993 tor·
1126 2947 1154 2997 et
1187 2941 1324 2997 civitatem
1356 2940 1496 2997 hostiliter
1527 2940 1663 2997 devastari
1692 2945 1776 3010 atque
1811 2940 1951 3006 consumi,
2009 2955 2010 2960 ¹

258 3027 360 3086 meniis
371 3027 517 3093 emortuis,
542 3024 644 3083 siusili
663 3026 782 3082 obsedit.
807 3025 861 3080 Sed
881 3039 943 3081 cum
960 3026 1015 3096 jam
1034 3040 1085 3098 per
1095 3042 1117 3102 g
1127 3031 1155 3088 in
1169 3037 1251 3088 nocte
1266 3030 1354 3086 sancti
1366 3031 1459 3086 Severi
1474 3029 1526 3102 (54)
1539 3031 1639 3100 etipse
1654 3043 1794 3100 apparens
1807 3029 1952 3086 lamberto

258 3117 291 3150 ¹⁰⁰
319 3116 435 3174 multum
468 3129 530 3171 eum
549 3115 607 3170 suis
638 3113 775 3170 incassum
808 3112 971 3181 laborasset,
1005 3121 1033 3172 et
1052 3114 1086 3171 ab
1128 3120 1197 3177 dixit
1213 3117 1350 3176 ructando:
1373 3119 1483 3176 «Oliei
1506 3126 1534 3176 ei
1557 3120 1698 3177 bominum
1721 3119 1847 3187 inimice,
1871 3121 1951 3176 lienm

260 3206 334 3266 omni
364 3219 414 3276 spe
438 3211 512 3262 esset
530 3202 689 3270 frustratus,
708 3215 741 3257 ac
761 3203 839 3272 regni
859 3215 926 3272 opes
949 3203 1087 3260 incassum
1127 3215 1244 3281 negatus
1274 3223 1307 3266 ae
1338 3216 1426 3265 morte
1458 3208 1649 3280 dampnatoria
1686 3208 1815 3280 dignus,
1854 3208 1951 3279 injuste

259 3296 357 3354 videns
376 3308 436 3352 esse
466 3306 619 3363 expensas:
653 3291 764 3347 tristitia
793 3290 915 3361 repletus
944 3293 1086 3362 immensa,
1128 3299 1242 3357 diruens
1255 3298 1392 3354 civitatem
1409 3305 1437 3354 et
1451 3300 1511 3368 ejus
1525 3299 1685 3365 munimina,
1705 3312 1768 3369 quae
1784 3312 1840 3370 ego
1859 3297 1950 3353 adbei

204 3381 208 3388 ’
262 3385 316 3444 iter
349 3397 405 3455 quo
438 3382 528 3439 abiret
560 3381 644 3436 miser
676 3379 802 3450 arripuit.
837 3381 944 3436 interea
976 3381 1088 3451 quidam
1129 3389 1261 3446 bonorem
1295 3394 1323 3443 ct
1355 3386 1567 3444 christianorum
1598 3386 1779 3445 incolentium
1809 3387 1950 3444 utilitatem

263 3474 383 3531 iustitiis
410 3470 605 3542 nequissimus,
635 3483 697 3526 cum
714 3470 770 3539 iim
798 3473 923 3540 perires
949 3469 1009 3526 (¹50⁵
1035 3471 1089 3526 iiiii
1129 3477 1258 3536 benedixi
1283 3482 1311 3534 et
1329 3479 1505 3535 consecravi!
1539 3478 1681 3550 gentiliter
1709 3477 1846 3548 populum
1872 3477 1950 3533 inter

264 3578 326 3622 cum
341 3577 391 3620 suo
406 3561 528 3618 exercitu
544 3559 667 3627 abiisset,
688 3557 833 3615 dolensac
847 3573 1090 3631 regnumsupcra·
1130 3567 1231 3634 emisti,
1247 3581 1327 3638 quem
1347 3569 1420 3624 bens
1441 3581 1493 3624 suo
1515 3569 1648 3640 sanguino
1668 3565 1793 3638 pretioso
1818 3569 1849 3623 in
1874 3579 1949 3622 crues

263 3659 322 3710 tum
355 3659 384 3710 et
416 3649 603 3708 concultatum
636 3648 804 3716 acclamans,
834 3649 929 3705 scissis
955 3650 1089 3719 vestibus,
1131 3655 1255 3728 pendeus
1275 3656 1403 3714 redemit.
1427 3659 1531 3716 Noscas
1553 3658 1646 3730 itaque
1674 3670 1726 3714 nec
1750 3662 1778 3712 te
1804 3669 1858 3712 neo
1880 3661 1948 3710 tun!

264 3743 343 3815 quasi
362 3755 443 3798 verus
470 3739 590 3796 furiosus
619 3737 743 3809 pervenit
771 3736 805 3792 ad
826 3751 928 3810 regem.
957 3739 1089 3807 Quicum
1130 3743 1269 3801 haeredem
1284 3744 1331 3801 diu
1346 3751 1441 3802 tenere
1456 3747 1611 3816 imparium,
1631 3761 1664 3802 ac
1682 3751 1772 3802 morte
1797 3744 1949 3814 turpissima

265 3829 299 3888 ad
332 3845 425 3903 regem
444 3829 574 3896 venisset,
608 3826 686 3884 dedit
708 3827 854 3883 consilium
886 3834 1023 3898 quatenus
1041 3844 1091 3886 rex
1131 3835 1252 3895 utcauis
1270 3835 1407 3891 morieris.
1433 3836 1491 3892 lloc
1514 3835 1621 3902 audito,
1645 3834 1742 3892 relicta
1766 3833 1891 3899 civitate,
1911 3845 1950 3886 se·

266 3933 328 3976 cum
342 3917 538 3977 suisomnibus
552 3916 725 3975 obsidionem
740 3915 899 3974 destitutam
914 3917 1090 3975 validissimis
1130 3937 1192 3979 cum
1208 3923 1286 3993 quasi
1300 3923 1328 3978 in
1344 3923 1453 3980 erilium
1469 3924 1555 3981 ilium
1577 3923 1678 3982 ilduini
1703 3923 1811 3980 ducens
1835 3927 1950 3980 Parnm

265 4007 464 4066 assertionibus
479 4008 611 4074 iteraret;
641 4019 674 4061 ac
696 4006 801 4062 interea
829 4007 910 4078 pauci
938 4007 1090 4064 fidelissimi
1130 4010 1258 4078 tetendit,
1282 4003 1362 4082 ¹cuijus
1385 4025 1486 4070 nomen
1510 4019 1570 4070 erat
1593 4015 1648 4070 izo
1676 4011 1742 4084 (55),
1767 4025 1851 4082 quem
1875 4015 1949 4066 aute

265 4107 375 4173 pactum
403 4111 465 4154 cum
491 4096 596 4153 civibus
624 4103 652 4150 ct
671 4095 741 4152 duce
760 4094 887 4167 ilduyno,
914 4103 945 4152 ut
960 4111 1009 4154 rex
1028 4112 1089 4155 cum
1128 4099 1306 4169 juvenculum
1324 4100 1417 4158 divino
1432 4109 1501 4158 nutu
1519 4102 1589 4158 adeo
1609 4100 1716 4169 dilexit,
1737 4106 1768 4156 ut
1786 4100 1844 4156 sine
1867 4109 1952 4168 puero

265 4190 323 4248 suis
337 4188 475 4246 civitatem
494 4191 600 4242 tantum
618 4184 736 4242 intraret
751 4191 778 4241 et
801 4187 900 4254 exiret,
920 4191 948 4242 et
963 4186 1090 4244 omnibus
1131 4186 1216 4243 nicbil
1231 4194 1325 4258 ageret
1339 4203 1388 4245 rex
1403 4190 1573 4246 lambertus.
1589 4189 1716 4258 Quicum
1732 4195 1854 4259 perires
1868 4197 1952 4242 anuos

266 4279 372 4337 civibus
386 4276 491 4343 illaesis,
510 4275 623 4346 triginta
638 4287 671 4330 ex
690 4274 748 4330 suis
762 4272 879 4330 ducibus
892 4275 996 4332 sanetis
1010 4289 1092 4332 evan·
1131 4276 1159 4330 in
1176 4274 1233 4332 illis
1248 4276 1373 4345 partibus
1386 4284 1550 4346 moraretur,
1566 4276 1683 4348 quadam
1698 4275 1745 4332 die
1763 4281 1792 4333 ei
1807 4275 1868 4346 ipse
1891 4287 1951 4344 spa·

267 4369 347 4442 gellis
384 4365 583 4424 affirmantibus
623 4370 778 4434 satagcrct;
813 4362 912 4420 eunde
950 4359 1201 4422 civitatcthiare
1234 4364 1438 4435 desiderasset,
1471 4373 1570 4423 venatu
1599 4367 1678 4437 iuxta
1705 4377 1819 4422 nemora
1847 4364 1949 4425 ductii.

268 4459 463 4528 introgressus,
498 4460 528 4510 ui
546 4451 675 4509 domiuus
699 4451 817 4507 civitatis
849 4456 877 4507 et
909 4452 1088 4510 incolentium
1131 4454 1235 4522 sparsis
1267 4453 1382 4510 canibus
1413 4469 1446 4511 ae
1473 4453 1640 4511 intromissis
1668 4453 1842 4520 nemoribus,
1873 4457 1901 4508 et
1924 4449 1950 4481 ¹⁸⁸

268 4551 409 4618 appareat,
429 4550 468 4611 et,
489 4546 519 4598 ut
537 4540 628 4596 meriti
641 4545 715 4606 suot,
736 4537 825 4608 ruptis
855 4537 1007 4597 ioederibus
1025 4556 1092 4599 suos
1132 4551 1277 4600 venatores
1290 4543 1381 4615 sagaci
1405 4544 1517 4615 iugenio
1544 4544 1705 4616 sylvestrem
1723 4541 1812 4599 ieram
1834 4541 1951 4598 invenire

270 4647 399 4692 exercere
418 4630 528 4688 studeat
550 4628 592 4698 ¹⁰¹,
612 4642 645 4684 ac
671 4641 701 4683 se
727 4640 875 4697 numquam
894 4628 970 4685 urbis
998 4638 1092 4700 portas
1134 4639 1272 4700 curarent,
1301 4633 1462 4705 gravissimo
1490 4641 1640 4704 occupatus
1661 4645 1779 4700 somno,
1804 4632 1834 4687 in
1854 4629 1951 4704 ςιιιιιιο

269 4726 434 4782 intraturum
460 4716 641 4794 jurejurando
669 4716 794 4773 sancivit.
824 4717 910 4787 igituir
936 4718 1093 4780 detestabili
1134 4722 1184 4778 tilii
1198 4721 1306 4793 ilduyni
1319 4736 1352 4779 ac
1365 4736 1445 4780 servo
1464 4725 1525 4794 ejus
1550 4729 1656 4782 astante
1678 4723 1784 4794 quievit
1798 4719 1864 4792 (56).
1880 4717 1951 4788 Quod

951 4863 1063 4920 iamim
1081 4865 1266 4923 unctionis

304 4995 336 5030 ¹¹⁸
349 4991 504 5052 incolentes
521 4987 565 5047 nt.
617 4985 789 5044 ¹⁸·deertut.
828 4986 859 5019 ¹⁰⁰
873 4986 944 5045 deest
957 4989 1018 5046 A**.
1032 5004 1060 5062 p.
1076 5004 1113 5048 m.
1129 4998 1239 5062 tempus
1252 4993 1282 5049 li.
1303 5006 1331 5063 p.
1356 5005 1393 5048 m.
1410 4992 1544 5063 temporis
1566 4991 1609 5050 nt.
1647 4991 1679 5024 ”¹
1702 4991 1741 5049 ita
1759 4991 1839 5048 codd.
1878 4991 1910 5024 ⁸⁸·
1925 4995 1950 5047 ei

267 5067 443 5128 stemma.
480 5060 513 5094 ¹⁰⁸
528 5058 614 5118 utiil.

1062 5160 1171 5218 NOTAE.

304 5293 358 5364 (52)
387 5285 586 5362 itagimmdum
617 5283 745 5368 comitem
777 5295 840 5366 cum
872 5280 926 5340 boe
944 5281 1089 5354 acritudo,
1177 5284 1220 5358 55)
1233 5286 1376 5355 lingonem
1394 5292 1474 5344 vocat
1496 5287 1595 5358 liudp.
1619 5287 1641 5355 i,
1669 5285 1712 5342 12.
1733 5285 1834 5344 Nescio
1859 5300 1894 5344 an
1912 5299 1949 5341 rr

269 5357 615 5507 cqggjplraeetertgarggllllttirsm
630 5369 722 5412 ruvenr
741 5359 894 5423 vestigium.
1132 5357 1225 5485 ἓξὲξ]
1234 5357 1386 5486 Adcetziebretrti,
1415 5372 1478 5430 quse
1502 5366 1567 5417 tune
1589 5359 1701 5426 accidit,
1724 5357 1826 5417 ironis
1850 5356 1948 5416 nomini

305 5505 360 5574 (⁵⁴)
374 5506 426 5574 Qui
440 5503 500 5560 Kal.
515 5501 595 5560 Febr.
612 5497 721 5557 colitur.
1171 5497 1226 5570 (56)
1244 5498 1285 5556 Gi.
1300 5500 1365 5558 Gbr.
1380 5499 1487 5570 Nomi,
1502 5516 1531 5572 p.
1550 5500 1610 5559 iai.
